2825 4809
272 374 339 442 ΒΕ
363 371 652 440 METATHESI.
697 369 737 440 C.
760 373 807 438 11.
840 377 866 458 ξ.
888 375 919 438 4.
1077 375 1159 458 517

71 578 168 632 temere
186 560 319 626 affirmat
343 557 454 626 Sohol.
476 558 566 624 Flor.
588 558 721 624 adun.
737 557 797 624 Or.
811 558 903 622 1126.
926 561 987 626 τοῦ
1011 558 1157 647 μεθίημι

69 666 100 735 ed
121 660 335 748 πληθυντικὸν
361 657 525 742 μεθίεμεν
549 658 608 725 καί
635 659 721 728 κατὰ
751 655 933 742 μετάθεσιν
959 660 1017 734 καὶ
1038 667 1158 748 νρᾶσιν

69 768 218 849 μεθεῖμεν,
246 771 278 826 et
306 761 350 825 nd
375 759 527 826 Phoenn.
560 760 653 828 1188.
683 755 832 828 ναθίεσα
859 760 944 826 κατὰ
972 760 1157 843 μετάθεσιν

69 865 113 934 καί
141 860 323 949 σνναίρεσιν
353 867 517 941 καθεῖσα,
553 883 616 927 neo
644 861 760 926 melius
787 861 897 947 Epim.
927 861 974 930 II.
999 864 1081 942 403.
1104 867 1154 932 11.

67 965 144 1052 παρὰ
166 962 203 1030 τὸ
232 961 399 1050 παρίεμαι
429 962 468 1030 τὸ
499 961 742 1048 πρσςιακιικὸν
776 960 940 1050 παρίεσσ,
975 962 1013 1032 vd
1044 964 1156 1052 τρίτον

65 1065 220 1149 παρείσθω
247 1065 304 1132 καί
330 1063 367 1130 έν
386 1060 569 1151 ὑπερθέσει
589 1061 770 1150 παρείσθω
800 1062 857 1130 ναί
879 1060 1044 1150 ὑφείσθω.
1088 1069 1155 1136 Hie

65 1166 144 1252 igion
161 1163 338 1250 perfeetum
354 1187 415 1252 pro
432 1165 598 1252 praesenti
615 1164 761 1251 aceepit,
783 1164 838 1230 ille
852 1165 1078 1251 imperfectum
1093 1193 1153 1258 pro

63 1267 172 1332 soristo.
222 1267 377 1354 Speciem
406 1263 599 1353 transpositi
629 1264 729 1332 hehet
760 1266 969 1354 imperativus
1004 1277 1154 1353 μεθεῖσα,

62 1391 114 1454 quo
126 1369 289 1435 Portunus
304 1373 344 1435 ‘et
357 1367 520 1434 Matthiae
534 1366 677 1433 Gramm.
700 1392 734 1456 p.
752 1368 826 1434 485.
850 1379 1021 1456 tentopere
1037 1372 1155 1440 offensi

61 1481 122 1536 sunt
137 1481 172 1536 ut
192 1470 248 1536 ille
275 1470 312 1536 in
331 1469 487 1562 μέθεσθε
512 1479 667 1548 mutaret,
698 1469 754 1535 hic
779 1469 961 1557 optativum
987 1493 1060 1538 esse
1086 1485 1152 1540 sto

61 1581 159 1648 trierem
183 1571 305 1638 rectius
333 1593 411 1636 vero
437 1572 655 1636 Buttmannus
677 1571 809 1655 judicet
841 1570 1083 1660 diphthongum
1111 1577 1153 1644 ab

58 1672 207 1739 indicativo
230 1672 455 1738 transduxisse
477 1673 519 1736 ad
540 1672 768 1760 imperativum
790 1685 823 1739 et
842 1673 1035 1740 infinitivum
1056 1669 1153 1748 εἷναι.

59 1773 101 1838 Ab
119 1769 181 1858 εἶμι
206 1786 298 1840 reeta
322 1775 410 1840 linea
437 1774 618 1840 deehnatus
645 1784 696 1839 est
722 1775 900 1840 infinitivus
923 1768 1024 1856 εἶναι,
1056 1799 1153 1862 quem

57 1877 119 1940 EM.
135 1877 213 1955 301,
233 1878 289 1944 44.
317 1877 419 1942 verbo
446 1875 650 1942 substantivo
673 1876 881 1962 effigurntum
904 1875 982 1942 dicit
1005 1879 1152 1963 (συνεξέ-

58 1978 143 2061 ίραμε
163 1982 209 2066 τῷ
239 1975 352 2067 ὁμοίῳ
378 1974 481 2046 αὐτοῦ
504 1972 605 2064 εἶναι)
635 1979 697 2044 sed
720 1977 830 2045 Schol.
854 1981 937 2044 Hes
962 1979 1055 2066 Opp.
1077 1981 1151 2048 351.

55 2073 112 2144 tna*
136 2084 195 2148 τοῦ
223 2077 314 2148 ίέναι
342 2078 430 2145 κατὰ
458 2076 641 2162 μετάθεσιν
672 2078 729 2146 καὶ
760 2076 966 2165 συναίρεσιν,
1001 2084 1091 2167 quod
1120 2095 1154 2150 et

53 2178 147 2246 Sehol.
171 2182 239 2250 Od.
253 2183 289 2250 Ι.
304 2181 379 2246 406.
400 2181 434 2246 in
456 2181 521 2248 hoo
540 2181 679 2246 Homeri
699 2180 773 2248 loeo
797 2203 924 2246 sumere
947 2183 1076 2249 videtur
1095 2186 1151 2254 illo

52 2280 174 2347 Hesiodi
195 2283 371 2371 ,exemplo‚
400 2283 490 2367 quod
511 2281 735 2368 Goettlingius
758 2282 892 2366 quidem
917 2283 1064 2350 defendit
1093 2288 1153 2354 sed

50 2382 249 2451 Buttmannus
262 2386 291 2451 I.
312 2385 386 2450 540.
403 2392 435 2448 et
451 2383 634 2450 Bredovius
647 2383 737 2449 Dial.
748 2385 876 2450 Herod.
893 2408 925 2471 p.
937 2386 1011 2452 410.
1031 2389 1151 2456 rectius

48 2483 166 2570 adripi
184 2488 309 2554 referre
329 2487 488 2552 videntur.
532 2484 678 2550 Alterius
701 2485 793 2550 verbi
823 2486 1049 2573 imperativum
1074 2488 1150 2570 ἔξει,

47 2586 133 2665 μίσει,
153 2587 221 2656 δίει
242 2589 357 2657 Schol.
373 2589 476 2654 Arist.
492 2586 603 2652 Nubb.
614 2586 688 2652 635.
707 2610 748 2652 ex
769 2584 800 2653 ίέ
818 2598 929 2652 natum
951 2600 1045 2675 putet
1065 2592 1150 2661 καιὰ

48 2682 213 2766 μετάθεσιν
243 2690 303 2758 καί
330 2687 521 2772 σνναίρεσιν
550 2689 700 2774 neglecto
731 2688 871 2775 enulogo
900 2690 1008 2770 τίθει,
1040 2691 1150 2756 Krue-

43 2807 127 2870 gerus
151 2790 301 2873 Gramen.
322 2793 351 2858 1.
375 2790 446 2858 139.
468 2790 679 2856 indicativum
701 2812 774 2858 esse
795 2789 985 2877 imperative
1006 2793 1152 2878 positum

46 2893 130 2956 otto
156 2914 220 2979 pro
250 2898 315 2962 omi.
342 2931 385 2942 -
417 2893 594 2960 Numerale
625 2897 716 2976 τρεῖς
747 2915 789 2956 ex
819 2890 908 2978 τρίες
940 2903 1046 2958 ortum
1078 2917 1151 2962 esse
1233 2967 1236 2972 ,

44 2991 201 3059 metathesi
237 3005 273 3059 et
303 2995 388 3060 erasi
417 2993 577 3059 Technioi
609 2992 768 3078 coliigunt
801 3016 842 3058 ex
873 2994 988 3059 ceteris
1019 2995 1150 3064 ossibus

45 3099 129 3173 τριῶν
148 3107 182 3162 et
201 3096 298 3184 τρισί
317 3121 347 3162 v.
364 3095 529 3163 Choerob.
547 3093 643 3175 Orth.
658 3095 722 3160 266
740 3119 787 3182 sq.
824 3096 976 3162 Eundem
991 3095 1150 3166 Graeciae

43 3192 160 3263 fluvium
183 3199 254 3264 ulio
276 3199 350 3266 loeo
365 3196 492 3286 Πίερον
511 3196 714 3262 nominatum
733 3219 815 3275 esse,
838 3197 900 3262 elio
915 3201 1044 3282 Πεῖρσν
1060 3199 1149 3266 Peu—

43 3298 135 3364 sanias
165 3302 335 3387 opinatur.
380 3295 512 3387 Ἰήθεος
539 3295 666 3388 ἔφηβος
693 3290 823 3381 dysme
855 3301 937 3364 Hes
971 3300 1151 3388 scripturae

40 3397 139 3467 vitium
160 3413 214 3468 est
235 3413 275 3468 ut
292 3397 415 3489 Ἰοκλῆς
436 3423 497 3488 pro
516 3395 649 3486 Ὀἴνλῆς
670 3423 700 3464 v.
714 3402 836 3466 Buttm.
855 3401 897 3464 ad
913 3399 990 3468 Seh.
1005 3402 1073 3470 Od.
1084 3405 1150 3472 XI.

39 3499 101 3566 326.
133 3505 278 3574 Jacobs.
312 3503 355 3569 ed
383 3502 514 3568 Aelinn.
547 3526 581 3588 p.
602 3502 675 3568 462.
698 3501 756 3568 ult.
794 3501 936 3568 Duobus
965 3505 1150 3574 nominibus

39 3591 124 3687 ίαρες
149 3616 184 3671 et
216 3599 320 3692 άορες
346 3606 495 3692 plerique
520 3626 622 3668 unum
648 3602 825 3688 significari
853 3614 971 3690 putent
992 3611 1150 3692 conjures,

38 3704 89 3767 sed
108 3697 221 3774 utrum
244 3731 287 3774 ex
311 3717 384 3773 utro
409 3719 515 3772 ortum
537 3705 579 3770 sit
601 3704 811 3771 dissentiunt:
839 3705 875 3773 έκ
897 3712 960 3775 τοῦ
986 3701 1088 3796 ἀείρω
1110 3710 1150 3780 τὸ

36 3804 213 3892 σνζευγνιίω
232 3801 296 3897 dior
313 3805 333 3899 ἡ
351 3805 429 3897 γυνή
448 3807 504 3873 καί
519 3806 703 3885 μεταθέσει
720 3802 785 3894 ι’ίαρ
801 3807 857 3872 ἵνα
873 3807 919 3896 με)
937 3809 1150 3900 σννεμπίπτῃ

36 3906 113 3987 πρὸς
132 3909 172 3975 τὸ
198 3901 268 3998 άορ
289 3909 327 3977 τὸ
349 3910 448 3998 ξίφος
468 3910 562 3974 Eust.
577 3905 649 3986 754,
665 3909 718 3974 26.
742 3908 903 3974 contrarie
924 3930 1001 3975 vero
1022 3910 1150 3978 ratione

36 3998 164 4095 ὁὨρος
186 4009 282 4096 λέγει
303 4006 358 4076 ὅτι
380 4008 475 4095 παρὰ
495 4011 534 4076 τὸ
557 4004 643 4092 ὁμοῦ
664 4004 822 4098 άρηρέναι
844 4009 989 4097 γίγνεται
1009 4002 1072 4097 dap
1094 4012 1152 4080 καί

36 4099 216 4196 ὑπερθέσει
242 4106 304 4200 άορ
325 4113 406 4178 ΕΜ.
429 4112 502 4189 823,
525 4110 577 4178 35.
603 4111 721 4178 Orlon.
745 4113 817 4190 169,
842 4112 870 4178 l.
913 4112 970 4176 Ad
994 4135 1151 4178 summam

36 4209 103 4277 nihil
125 4215 235 4282 refert
242 4239 252 4293 ;
278 4239 354 4280 nem
375 4215 402 4281 si
424 4214 577 4303 ponimus
599 4214 734 4280 verbum
757 4209 860 4299 άείρισ
882 4213 917 4277 id
940 4223 990 4278 est
1010 4213 1150 4304 συνείρω

36 4327 186 4385 ronneeto
211 4340 289 4385 eum
310 4317 409 4405 alpha
428 4316 614 4403 copulativo
635 4319 844 4402 conjunctum
859 4337 941 4391 esse,
964 4313 1041 4380 hino
1063 4315 1152 4382 deri-
