2825 4809
242 394 291 470 λθ
340 435 344 445 ·
395 438 411 447 -
515 429 518 436 ’
557 438 561 445 -
611 387 932 464 mssnsrnrro
958 394 988 465 Ι.

242 574 478 667 proprietatem
509 578 582 649 soni
611 581 755 670 pertinet
783 581 868 649 siout
894 583 1077 670 interjectio
1108 583 1185 672 ipse
1218 584 1347 650 variam

124 724 129 729 ·
241 704 304 769 pro
334 681 454 753 affeetu
481 682 658 769 loquentis‚'
680 679 719 761 di,
746 680 769 751 t*
791 680 814 752 d
836 695 871 750 et
892 680 924 753 ἆ.
968 686 1056 751 Tum
1077 686 1238 774 adjective
1254 710 1346 772 quee-

242 782 320 847 dem
333 783 479 869 poetica:
492 780 810 873 ἀάσχετον-εἴρηται
824 782 898 853 κατ’
913 786 1093 853 λπέιιτασιν
1102 788 1259 874 Apellen.
1271 788 1347 853 Lex.

240 884 388 950 Zonaras
418 886 644 972 pleonasmum
671 897 785 966 vocet,
813 884 1008 954 Eustethius
1028 904 1106 952 vero
1136 888 1216 966 618,
1244 882 1348 954 389τὸ

240 984 303 1067 μὲν
324 974 501 1070 noceres}
528 987 703 1064 ἐπιτείνει,
740 988 779 1055 τὸ
813 990 851 1057 δὲ
882 986 1037 1073 δεύτερον
1064 995 1189 1073 στερεῖ,
1227 990 1350 1074 duoque

241 1086 361 1168 Quinti
374 1087 546 1173 Smyrnaei
567 1087 703 1175 proprie
719 1085 891 1169 ἆάπλετος
908 1098 943 1154 et
960 1083 1132 1167 αἰάσπετος
1147 1112 1178 1155 v.
1196 1090 1350 1178 Spitzner.

244 1186 406 1255 Observv.
427 1213 461 1276 p.
484 1190 514 1254 t.
543 1200 576 1254 et
603 1199 755 1275 quartum
774 1190 846 1255 sine
866 1200 1000 1256 euotore
1020 1190 1175 1257 traditum
1196 1186 1353 1271 ἀάθιιιτας

222 1284 316 1387 ’ἀντὶ
343 1294 404 1357 τοῦ
432 1286 576 1369 ἄθικτος
605 1294 807 1380 πλεονασμῷ
828 1297 889 1359 τοῦ
919 1293 1076 1377 δευτέρου
1105 1280 1232 1359 ἆΕΜ.
1261 1294 1295 1371 1,
1323 1292 1352 1357 λ.

242 1412 341 1476 quem
368 1390 478 1457 looum
507 1414 527 1460 a
555 1391 733 1479 Sylburgio
764 1392 921 1459 asterisco
946 1403 1095 1459 notetum
1123 1394 1232 1458 omisit
1260 1394 1354 1461 Gais-

243 1492 375 1570 iordus3
398 1492 440 1559 de
458 1494 678 1579 geminatione
700 1493 806 1561 brevis
829 1494 930 1581 alpha
950 1495 1077 1560 dicetur
1092 1494 1181 1561 alibi.
1223 1496 1357 1560 Iduum

244 1593 317 1659 eliis
336 1594 505 1671 vocalibus
521 1596 743 1682 antepositum
759 1596 812 1675 sit,
830 1618 898 1662 non
916 1607 1040 1663 certum
1058 1606 1201 1674 oonstet3
1226 1596 1359 1662 dubium

244 1695 331 1761 enim
352 1704 403 1761 est
424 1690 528 1763 σἰειλῶ
550 1698 617 1762 sive
635 1693 750 1776 ἆΐλλω,
777 1699 818 1764 de
838 1721 904 1784 quo
923 1699 1079 1785 loquutus
1097 1721 1169 1765 sum
1183 1699 1219 1763 in
1235 1698 1358 1765 Teehn.

244 1800 318 1865 113.
349 1808 382 1865 et
396 1793 523 1882 ’Ἀοζος
551 1794 732 1885 θεράπων,
764 1794 877 1882 Ὀζεία
912 1802 1085 1886 θεραπεία
1111 1802 1194 1867 Hes.
1224 1810 1257 1865 et
1285 1800 1359 1877 atii3

243 1901 332 1969 unde
355 1900 504 1987 quaestio
528 1900 673 1966 nescitur
694 1909 802 1964 utrum
823 1894 901 1983 ὄζος
921 1894 1050 1988 ”quu
1072 1902 1192 1968 Martis
1213 1901 1362 1967 subolem

245 2002 408 2089 significet
445 2002 493 2067 sio
526 2012 564 2067 ut
588 2000 697 2067 'homo
733 2001 882 2067 amabilis
912 2001 1071 2089 Χαρίτων
1092 2000 1202 2092 ,φατόν
1227 2012 1364 2069 vocetur

243 2103 386 2170 Theoor.
411 2102 593 2172 XXVIH..
612 2103 642 2169 λ.
676 2111 710 2167 et
737 2102 815 2167 alibi
844 2101 1019 2188 Κύπριδος
1049 2100 1144 2189 ἔρνος
1168 2105 1221 2170 vel
1242 2103 1365 2184 θάλος,

244 2226 287 2269 on
313 2204 496 2270 ministrum
503 2252 513 2283 ,
546 2204 723 2302 quifetiem
751 2199 833 2286 ὄζος
861 2204 979 2269 dieitur
1006 2226 1027 2269 e
1043 2205 1144 2271 verbo
1173 2205 1297 2289 ἅζομαι
1325 2216 1368 2272 ut

210 2324 215 2331 '
244 2305 574 2393 Schweigheuesems
605 2305 791 2393 suspicetur
819 2305 863 2369 ed
891 2305 1014 2371 Athen.
1041 2306 1082 2373 Τ.
1107 2308 1173 2373 ΠΙ.
1198 2307 1272 2372 570.
1299 2331 1368 2374 nee

243 2408 411 2473 dissimilis
446 2418 496 2474 est
529 2408 749 2475 inconstantia
781 2406 923 2473 nominis
959 2408 1076 2473 eedem
1102 2408 1171 2474 iere
1199 2418 1369 2496 potestate

243 2510 384 2598 praediti
412 2504 597 2597 ἀοσσητήρ,
624 2506 802 2598 ἒοσσιγτήρ,
831 2504 989 2607 ὀσσητήρ.
1017 2548 1060 2561 -
1083 2502 1185 2597 Ὠρος
1212 2506 1232 2579 ὃ
1257 2509 1373 2591 ὕπνος

244 2612 300 2679 ναὶ
322 2606 437 2697 θ’ωρος
458 2611 542 2680 κατὰ
565 2608 777 2693 πλεονασμὸν
798 2613 858 2676 τοῦ
874 2636 896 2677 α
909 2610 1013 2697 μηδὲν
1026 2611 1130 2679 πλέον
1145 2611 1374 2701 σημαίνοντος

243 2714 324 2781 ΕΜ.
338 2714 431 2780 1175.
454 2712 586 2800 quodsi
600 2711 642 2777 eb
663 2704 715 2779 tto
734 2712 772 2779 τὸ
787 2712 878 2780 πνέω
893 2720 1115 2798 propagatum
1127 2716 1251 2800 est¹¹),
1274 2716 1375 2780 unde

243 2816 379 2881 verbum
401 2810 711 2903 duesiv‘repetunt,
733 2812 917 2900 pleonasmi
938 2813 1066 2900 speeies
1091 2815 1225 2881 tollitur.

328 2918 392 2983 His
415 2917 611 2986 enumeratis
636 2916 702 2981 duo
729 2924 906 3002 supersunt
931 2916 975 2979 ed
998 2918 1205 2982 tractandum
1228 2940 1376 3005 genera.

242 3019 356 3085 Unum
378 3030 429 3085 est
451 3042 564 3085 eorum
586 3040 671 3104 quae
700 3026 831 3105 prester
859 3015 960 3103 alpha
988 3040 1088 3081 unum
1109 3019 1232 3086 duosve
1251 3020 1381 3086 literas

244 3118 417 3187 dissimiles
446 3120 569 3187 hebent
595 3141 657 3186 nee
684 3129 795 3185 temen
813 3118 942 3184 diversa
961 3116 1128 3185 videntur:
1158 3126 1283 3206 χειροῖν
1307 3118 1383 3211 videi

243 3225 359 3287 ποδῶν
392 3218 600 3309 οἰκινάγματα
628 3220 670 3289 τὰ
704 3218 890 3305 τινάγματα
918 3216 940 3308 ἢ
968 3219 1134 3308 κινήματα
1160 3225 1385 3310 πλεονασμῷ

242 3324 303 3387 τοῦ
331 3310 357 3389 ἆ
384 3321 440 3388 καὶ
469 3326 528 3390 τοῦ
554 3312 659 3409 {uei
677 3326 790 3410 τροπῇ
811 3325 872 3388 τοῦ
893 3309 1027 3408 erig}
1051 3322 1132 3388 ΕΜ.
1152 3324 1206 3400 48,
1227 3317 1284 3389 39.
1312 3326 1387 3409 qui

242 3421 306 3488 nisi
330 3442 462 3510 gravem
483 3423 617 3489 citasset
636 3430 754 3488 testem
770 3423 1009 3502 Herodianum,
1029 3445 1098 3489 non
1121 3424 1263 3491 difficilis
1281 3424 1391 3491 foret

244 3525 401 3592 eorrectio
446 3526 627 3611 κινύγματα
659 3523 712 3589 vel
753 3518 977 3608 ἀμαρύγματα
1012 3535 1050 3590 ut
1080 3527 1246 3594 Homerus
1285 3527 1393 3593 dixit

243 3630 360 3695 ποδῶν
381 3622 559 3715 ἀμαρυγαί.
604 3626 673 3693 Sed
695 3623 817 3711 scripto
844 3626 1049 3712 suppetiatur
1063 3628 1253 3715 Hesychius
1271 3624 1392 3696 Ἀκί-

242 3752 367 3814 ναγμος
388 3724 545 3813 τιναγμός
567 3726 693 3825 κίνησις
708 3726 761 3811 ¹²)
788 3735 821 3791 et
841 3729 1048 3815 correptione
1070 3730 1186 3796 eedem
1208 3731 1393 3799 effectum

243 3864 577 3877 m

205 3940 214 3948 ’
315 3930 360 4001 tt)
373 3930 420 3986 Sie
432 3947 449 3985 e
459 3934 571 4003 θεῶμαι
582 3931 614 3985 tit
624 3928 731 4003 θεωρός
740 3930 760 3985 i.
772 3948 802 4002 q.
813 3924 920 3998 θεατής,
937 3929 984 3988 oni
991 3934 1116 4005 κνέαρον
1126 3933 1246 4005 apposui
1256 3934 1396 3993 Parnll.

242 4020 285 4072 81.
321 4016 379 4071 Pro
403 4022 515 4091 κεωρία,
540 4020 617 4087 quod
640 4016 669 4071 in
687 4015 772 4073 Thes.
795 4014 1013 4093 eTheognosto
1034 4019 1159 4087 effertur,
1180 4020 1401 4081 scribendum

242 4111 287 4159 ⁰⁸²
301 4106 475 4259 iiieddidas
489 4194 518 4243 et
531 4187 596 4243 ΕΜ.
614 4184 770 4263 ἀμάρυγμα
785 4189 881 4245 multis
899 4188 1059 4245 nominibus
1078 4199 1225 4263 exponunt
1243 4189 1400 4267 φόρημα

243 4276 362 4331 εἰδωλον
383 4279 511 4345 αἴθυγμα
532 4279 639 4342 κίνησις
661 4283 690 4329 et
717 4278 794 4345 quod
816 4275 973 4347 Aeschylus
996 4275 1068 4331 dixit
1090 4281 1217 4351 αἰθέριον
1235 4284 1405 4353 κίνυγμα

243 4358 407 4415 Eustathius
426 4358 549 4435 explicet
567 4363 694 4435 αἰθέριον
712 4363 837 4419 εἴδωλον.
875 4362 930 4417 Pr0
949 4357 1065 4439 φόρημα
1086 4362 1145 4419 illie
1162 4368 1412 4444 reponendum¹
