2825 4809
268 323 366 412 tot
494 291 504 300 ’
625 297 947 401 urssnsntnro
973 329 1016 400 v.
1138 398 1142 407 ,

267 539 342 584 cum
364 513 443 584 aliis*
465 515 561 600 hujus
586 515 728 583 familiae
749 517 881 604 protuli.
922 519 1144 586 Παλινοστεῖν
1163 517 1222 584 sive
1239 522 1330 586 noba

266 625 403 698 rocceio,
427 640 494 704 quo
517 617 692 707 scriptores
707 621 861 706 Byzantii
883 630 1026 698 utuntur,
1050 620 1283 708 decompositum
1298 635 1333 688 est

266 731 302 786 ut
329 721 568 806 παλινδρομεῖν
594 721 634 787 ab
665 722 825 806 adjectivo
854 723 1002 807 ejusdem
1029 734 1126 788 notae
1150 725 1332 804 παλλιιασπς,

184 881 191 902 ,
267 823 326 890 scd
346 821 435 886 idem
454 821 489 888 in
509 821 551 888 P.
565 823 679 890 Silcnt.
700 824 806 912 Soph.
818 826 865 890 II.
878 825 931 892 30.
952 823 1068 890 fortius
1090 835 1123 890 et
1142 825 1334 910 significantius

267 923 421 990 dividitur
448 921 551 990 πάλιν
575 925 737 1014 νόστησαν
766 920 878 1014 ἀοιδή.
928 927 986 992 Ad
1010 925 1206 1015 probandam
1225 927 1335 1009 ejusden

263 1025 411 1092 adverbii
433 1047 506 1090 oum
528 1024 737 1092 substantivis
754 1027 901 1092 feminini
921 1029 1051 1114 generis
1071 1027 1232 1114 synthesin
1248 1028 1337 1092 suffieit

264 1150 365 1194 unum
389 1127 449 1205 sed
469 1125 668 1194 homericum
689 1128 869 1209 παλίωξις,
891 1129 1021 1196 namin
1036 1131 1142 1218 Hipp.
1155 1131 1194 1196 L.
1213 1131 1248 1195 de
1262 1133 1335 1194 Hum

265 1253 299 1318 p.
323 1231 394 1296 121.
418 1229 459 1296 Τ.
481 1231 509 1297 Ι.
534 1231 599 1295 duo
621 1231 778 1317 opposita
799 1233 1028 1316 μετειαρισμὸς
1048 1228 1270 1314 παλινίδρυσις
1286 1234 1337 1296 sab·

265 1335 343 1400 lotio
371 1353 409 1400 oo
437 1352 568 1400 rarram
595 1335 755 1416 depressio
788 1332 823 1396 in
855 1330 919 1398 ties
952 1357 1050 1410 uoces
1086 1332 1187 1398 dividi
1217 1343 1336 1420 possmt;

264 1430 482 1520 παλίρῤευσις
509 1433 623 1500 aetatis
652 1435 782 1500 infimae
810 1443 869 1501 est
889 1481 894 1488 =
918 1437 1098 1503 Nominum
1127 1435 1243 1523 primae
1265 1435 1336 1500 decli·

264 1533 406 1600 nationis
437 1536 587 1622 exempla
618 1559 703 1620 quae
735 1537 854 1623 collegi
886 1539 928 1603 ad
957 1537 1037 1604 Phr.
1060 1537 1137 1602 498.
1165 1538 1218 1621 Aj.
1241 1561 1269 1623 p.
1284 1536 1335 1601 368.

262 1635 411 1705 nonnihil
432 1637 645 1704 dubitationis
667 1637 788 1704 habent
794 1663 805 1718 3
826 1663 887 1727 pro
907 1637 1099 1730 παλιρρύμη
1114 1637 1232 1724 Polyb.
1242 1637 1336 1704 Belle·

262 1761 318 1804 ται
340 1739 471 1805 reduxit
490 1751 632 1806 veterem
653 1740 847 1828 scripturam
869 1738 971 1808 πάλιν
988 1741 1074 1828 ῥύμη
1096 1740 1244 1806 dubitans
1260 1750 1338 1802 tamen

264 1863 305 1906 an
326 1841 483 1929 praeferri
508 1841 628 1908 debeat
652 1840 870 1930 παλιῤῥαμία.
912 1841 1098 1924 Masculina
1125 1842 1221 1927 hujus
1245 1841 1339 1928 generis

168 1934 171 1943 ¹
264 1954 341 2010 sunt
368 1940 644 2033 παλιγκάπηλος,
678 1941 981 2033 παλιμπροδότης,
996 1937 1001 1949 ’
1016 1945 1214 2028 παλλμπαις
1242 1943 1297 2010 sive
1316 1952 1340 2005 ut
1385 1966 1386 1971 ¹

145 2063 148 2066 '
263 2045 469 2114 Jacobitzius
492 2069 510 2112 c
532 2045 629 2112 codd.
653 2045 785 2132 scripsit
805 2043 973 2124 παλίπαις
995 2045 1031 2110 in
1051 2046 1225 2133 proverbio
1246 2041 1341 2124 colip-

263 2150 391 2226 παιδας
414 2147 493 2225 τοὺς
514 2147 669 2235 γέροντας
690 2146 844 2232 γίνεσθαι
868 2147 1006 2213 Lucian.
1029 2147 1164 2214 Saturn.
1186 2169 1213 2213 c.
1234 2147 1261 2211 9.
1295 2143 1343 2211 Sed

264 2257 297 2315 et
316 2247 380 2316 boc
407 2258 440 2314 et
461 2245 728 2336 παλινδιιιμήτωρ
757 2249 799 2315 Ρ.
822 2249 937 2317 Silent.
960 2248 1065 2338 Soph.
1088 2251 1141 2316 84.
1170 2248 1278 2335 dialysi
1296 2247 1344 2310 tolli

263 2361 374 2438 potest
398 2359 436 2416 ut
462 2345 729 2434 παλινάγγιλος,
750 2351 842 2436 quod
862 2345 1104 2440 Glossographi
1132 2353 1346 2441 depromserunt

263 2475 305 2518 ex
323 2451 364 2517 Il.
385 2452 450 2518 XI.
472 2451 545 2517 647.
574 2450 634 2516 sed
661 2449 716 2518 hic
740 2452 904 2519 sublatum
925 2465 976 2522 est
997 2454 1154 2521 adverbio
1176 2456 1221 2520 ad
1244 2452 1346 2519 verbum

261 2553 363 2620 relato
385 2563 423 2619 ut
443 2553 540 2639 jubet
562 2553 673 2621 Schol.
695 2556 740 2620 A.
767 2554 861 2633 τινὲς
879 2551 940 2644 ὑφ’
964 2551 1283 2644 ἓππαλινάγρελος,
1306 2545 1347 2620 orit

262 2650 308 2722 εὖ.
338 2656 512 2740 Adjectiva
532 2655 639 2722 verbis
662 2679 812 2723 connexa
825 2654 1081 2742 παλινάγρετας,
1099 2654 1287 2734 παλίνιπος
1302 2666 1348 2718 tan

260 2779 337 2823 vere
366 2757 518 2844 syntheta
547 2768 623 2824 sunt
654 2779 753 2843 quam
781 2754 988 2837 παλίσσιπας
1018 2769 1193 2844 ceteraque
1222 2753 1350 2844 quaeod

245 2859 501 2947 'simplieitatem
526 2860 634 2946 redigi
659 2869 836 2946 nequeunt.
878 2859 934 2928 De
959 2857 1209 2945 παλινόατιμος
1228 2858 1349 2926 Graefius

262 2963 399 3050 ambigit
420 2985 461 3027 an
483 2962 731 3029 distrahendum
756 2963 799 3030 sit
822 2962 856 3028 in
876 2962 987 3029 Nonn.
1007 2962 1148 3030 XXXI.
1172 2962 1244 3027 197.
1264 2953 1350 3027 πεπό-

82 3065 92 3088 “
186 3110 189 3114 -
260 3058 340 3154 myro
359 3065 427 3133 θεὰ
448 3063 534 3132 πάλι
554 3063 710 3148 νόστιμος
725 3058 819 3152 Ἰρις,
840 3064 997 3132 intactum
1017 3065 1218 3152 praeteriens
1238 3062 1297 3129 XI.
1312 3059 1349 3123 ll

261 3165 355 3245 ὅπως
382 3163 623 3246 παλιπίστιριας
650 3165 751 3255 ἔλθῃ,
781 3167 873 3252 quod
896 3167 1154 3255 parasyntheton
1179 3165 1244 3232 diei
1263 3168 1351 3250 posset

261 3279 299 3332 ut
326 3263 505 3351 ἄνόστιμος
532 3268 634 3334 Proll.
659 3269 730 3334 172.
758 3269 787 3332 si
814 3270 1017 3364 παλξνααπας
1045 3268 1168 3337 alicubi
1197 3268 1349 3354 legeremus

180 3375 185 3383 “
260 3359 364 3457 por}
387 3369 525 3457 simplex
554 3371 720 3457 scriptum.
763 3371 804 3438 In
829 3369 976 3458 Oppiam.
999 3370 1077 3436 Hal.
1099 3369 1228 3437 I.-616.
1255 3358 1350 3449 πομπή

260 3495 297 3538 τε
317 3471 400 3561 ῥιπή
421 3471 534 3538 τεκαὶ
555 3465 597 3539 αὖ
619 3468 864 3557 παλινόστιμος
885 3467 974 3560 ὁρμή
996 3472 1161 3558 synthesis
1181 3476 1351 3536 sustentatur

261 3595 301 3638 eo
324 3574 414 3659 quod
434 3574 695 3640 Halieutioorum
718 3573 858 3662 scriptor
879 3575 1045 3643 decurtato
1069 3571 1155 3641 πάλι
1179 3597 1249 3640 non
1266 3570 1350 3636 utitm.

259 3675 409 3744 Duarum
437 3676 581 3743 affinium
610 3676 841 3763 particularum
866 3669 919 3767 do
944 3687 977 3743 et
1004 3669 1047 3744 αὖ
1077 3677 1180 3742 altera
1212 3669 1349 3761 composi·
1385 3696 1386 3779 ρ

260 3778 358 3844 tionis
384 3777 572 3865 impatiens,
599 3780 733 3845 alteram
757 3801 832 3844 oum
856 3775 944 3867 ἐρύια
969 3779 1188 3866 compositam
1210 3801 1279 3844 esse
1300 3793 1350 3838 cre

250 3880 364 3947 ditum
385 3892 435 3946 est
455 3891 590 3968 propter
611 3881 811 3947 homericum
832 3874 1004 3966 αὐέρυσαν.
1049 3882 1153 3964 Quod
1175 3903 1273 3967 quum
1291 3871 1350 3940 nulli

259 3985 317 4049 uni
335 3984 434 4048 verbo
453 3985 522 4063 fiat,
546 3984 600 4048 alii
622 3983 760 4048 diastole
779 3981 831 4047 usi
850 3992 941 4060 sunt,
963 3980 1017 4047 alii
1035 3984 1113 4069 quia
1134 3975 1178 4072 αὖ
1202 4005 1268 4048 non
1287 3989 1351 4044 retro

260 4084 436 4172 significat,
463 4080 627 4172 ἀνέρασαν
649 4084 847 4175 scripserunt
872 4084 921 4149 vel
945 4095 1031 4150 certe
1055 4079 1221 4172 αὐέρυσαν
1247 4105 1285 4147 ex
1304 4077 1350 4142 hot

259 4198 372 4254 natum
400 4197 517 4276 putant
543 4186 636 4254 litera
664 4193 700 4256 αὗ
730 4199 865 4276 propter
893 4211 1034 4274 sequens
1063 4186 1229 4274 digamma
1256 4181 1351 4250 omissa
