2825 4809
248 332 326 416 ηομ
542 326 863 397 omsuammo
887 327 933 427 u.
977 328 1018 395 P.
1041 328 1098 393 ι..
1151 344 1155 352 ·

246 517 306 583 τοῦ
326 510 423 601 κέρα,
453 511 543 597 quod
565 510 777 579 Herodianus
799 533 932 597 quoque
954 513 1113 599 producte
1137 515 1325 589 diatonum

248 616 284 683 in
306 614 417 684 Schcl.
437 612 477 679 Il.
499 614 561 681 IV.
585 613 657 680 109.
686 611 725 681 ιὰ
748 611 828 698 κέρα
853 607 1015 702 ἀποκοπή
1041 614 1111 683 ἐστι
1136 620 1190 683 τοῦ
1209 618 1323 705 κέρατα·

244 712 455 804 Ἡρωδιανὸς
476 712 514 780 δὲ
534 712 740 805 συναλοιφὴν
758 718 818 786 σοῦ
842 713 962 798 κέραο·
985 716 1046 781 sed
1067 716 1103 782 id
1117 740 1216 803 neque
1229 742 1264 786 ex
1277 720 1326 787 hoc

248 819 324 887 loco
363 816 574 905 cognoscitur
609 815 667 881 ubi
681 872 685 877 .
701 814 822 881 vocalis
851 816 1013 901 sequitur,
1046 842 1153 904 neque
1183 844 1221 886 ex
1247 823 1326 889 altero

250 920 367 1004 Quinti
388 942 486 1005 quem
498 918 691 1005 Spitznems
713 917 806 983 addit
827 918 868 983 de
883 919 1026 986 Prosod.
1049 920 1145 1007 prb.
1165 915 1247 1010 ἀμφὶ
1264 922 1327 1008 κέρα

249 1021 453 1111 λελιημένοι·
476 1022 512 1087 id
534 1021 621 1087 enim
643 1020 759 1085 eadem
777 1020 903 1085 ratione
925 1022 1200 1109 excusari-potest
1215 1023 1327 1107 qualc-

247 1124 405 1191 mericum
426 1117 507 1189 οὖσα
536 1121 622 1189 κατὰ
647 1116 820 1208 λαπάρην,
852 1123 912 1187 sed
937 1146 997 1189 sua
1018 1124 1051 1189 vi
1079 1124 1212 1210 produci
1228 1125 1330 1189 videtur

248 1226 284 1293 in
304 1224 435 1291 Mosch.
458 1224 505 1290 11.
534 1224 586 1289 87.
617 1221 698 1311 κέρα
723 1216 875 1290 ἀνέτελλε
896 1221 1042 1314 σελήνης.
1075 1226 1214 1298 Perinde
1232 1226 1331 1291 incerta

249 1338 326 1394 sunt
348 1325 449 1406 δέπα,
473 1326 526 1392 cui
547 1326 658 1395 Schol.
683 1326 751 1393 Od.
769 1325 848 1392 XV.
868 1326 944 1391 466.
966 1327 1065 1413 alpha
1083 1329 1216 1414 longum
1233 1327 1330 1413 imper-
1380 1387 1381 1390 ,

248 1430 297 1507 tu,
320 1438 353 1493 et
374 1426 493 1517 σφιια,
517 1427 571 1493 su
593 1427 805 1494 rueramus
828 1428 972 1494 orama.
996 1433 1022 1515 ς.
1042 1430 1115 1495 rao.
1140 1453 1212 1495 nam
1232 1440 1330 1495 uuum-
1380 1417 1382 1500 ζ

250 1552 313 1617 que
332 1529 455 1615 excipit
475 1530 613 1606 vocalis3
636 1528 831 1613 tertiumque
852 1516 920 1616 ἧψε
936 1527 1017 1595 σέλα
1032 1531 1140 1621 topic}
1152 1524 1236 1599 δὲ-
1252 1532 1331 1597 Autlr.
1380 1537 1381 1540 ’

248 1632 313 1699 ΙΧ.
336 1630 410 1697 289.
432 1640 465 1697 et
487 1640 638 1716 quartum
660 1630 817 1717 Apollon.
834 1630 895 1696 IV.
919 1629 1013 1694 1410.
1034 1637 1119 1697 θεῖα
1140 1632 1287 1718 τέραιιάς
1302 1631 1332 1698 δέ

251 1754 314 1821 σφι
336 1770 378 1783 -—
407 1742 439 1797 et
463 1732 567 1799 Orac.
594 1731 712 1817 Sibyll.
749 1754 802 1818 ap.
830 1731 949 1817 Phleg.
978 1733 1097 1799 Mirab.
1138 1757 1166 1800 c.
1195 1736 1240 1801 X.
1262 1734 1330 1801 ὅσσα
1380 1731 1381 1790 ἐ

247 1833 327 1921 τέρα
354 1832 413 1901 καὶ
435 1832 523 1901 ὅσσα
545 1830 737 1922 παθήματα
760 1873 801 1885 -
828 1857 903 1899 nam
925 1834 1024 1921 alpha
1051 1836 1118 1900 arsi
1139 1828 1333 1922 produci'pc·

247 1936 319 2002 tuit.
363 1937 415 2003 Ita
441 1956 542 2001 unum
569 1934 762 2021 relinquitur
788 1936 904 2001 atticae
937 1949 975 2003 ut
1000 1960 1022 2002 a
1044 1939 1201 2005 Dracone
1226 1946 1336 2004 socam

247 2038 441 2125 prolationis
462 2038 692 2103 documentum
703 2035 786 2123 γέρα
798 2040 1100 2105 macrocatalectnm
1117 2042 1179 2107 sed
1194 2039 1253 2105 hcc
1267 2037 1338 2123 apud

249 2141 411 2226 Tragicos
431 2141 549 2216 modo;
578 2140 745 2204 Homerus
766 2160 843 2203 vero
865 2139 945 2226 γέρα
967 2140 1135 2226 πεσσέμεν
1157 2142 1238 2207 dixit
1256 2139 1298 2205 sic
1313 2149 1343 2201 ut

246 2241 328 2329 κρέα
351 2251 501 2326 correpta
520 2240 633 2305 ultima
655 2250 688 2305 et
709 2239 874 2305 Nicander
893 2239 974 2327 τέρα
996 2247 1088 2309 raico
1112 2244 1179 2309 Th.
1197 2241 1263 2308 186.
1283 2240 1340 2325 qui-

246 2344 309 2409 bus
329 2352 515 2409 nostrorum
537 2340 637 2426 aliqui
659 2342 786 2407 addunt
806 2342 1013 2408 Hesiodcum
1034 2344 1148 2411 σκέπα
1169 2340 1342 2430 μαιόμενοι·

248 2444 309 2511 sed
331 2445 367 2510 id
391 2443 574 2530 suspicatus
598 2466 670 2509 sum
695 2443 916 2509 accusativum
944 2466 1019 2520 esse
1040 2447 1170 2511 numeri
1191 2441 1342 2531 singularis
1380 2455 1382 2461 “

247 2557 285 2613 ut
305 2543 391 2614 λίπα
417 2556 450 2610 et
471 2545 536 2611 alia
557 2545 662 2631 sigma
684 2544 775 2609 finali
798 2545 968 2623 destituta,
997 2569 1084 2631 quae
1105 2547 1273 2615 fictoribus
1292 2542 1345 2609 suis

248 2650 448 2719 exciderunt·
462 2646 652 2733 imperfecta
673 2669 702 2711 v.
724 2647 847 2712 Parall.
871 2647 942 2713 132.
967 2648 1093 2713 Techn.
1114 2650 1192 2715 316.
1222 2650 1274 2716 De
1293 2666 1344 2710 unc

247 2750 377 2817 illorum
404 2748 549 2834 loquitur
576 2748 656 2815 EM.
683 2748 765 2826 227,
796 2748 847 2813 17.
868 2748 978 2834 Epim.
1001 2749 1029 2814 Ι.
1054 2750 1112 2829 99,
1139 2751 1171 2817 8.
1205 2748 1297 2838 γέρας
1315 2743 1347 2811 cd

249 2852 354 2941 γέραα
378 2848 520 2926 ἶωνικῶς
540 2849 598 2917 καὶ
620 2847 706 2915 κατὰ
727 2849 896 2937 σογκοπὴν
917 2848 1017 2935 γέρα
1040 2850 1253 2935 πεσσέμεν
1277 2838 1345 2932 παρ’

254 2949 398 3045 Ὁμήρῳ.
456 2952 569 3017 Draco
604 2959 713 3015 autem
745 2960 778 3015 et
807 2951 1019 3017 Herodianus
1044 2952 1078 3019 ll.
1112 2975 1162 3019 cc.
1196 2970 1349 3039 apocopen

249 3056 432 3146 appellant,
463 3053 554 3139 quod
575 3051 789 3140 praeterimus
796 3076 805 3129 ;
836 3076 913 3117 nam
940 3053 1070 3120 lacilius
1089 3054 1252 3121 deteritur
1270 3050 1350 3138 alpha

137 3240 143 3253 Ι
249 3169 443 3235 extremum,
474 3156 565 3243 quod
592 3154 694 3220 tribus
717 3163 843 3219 tantum
863 3154 993 3220 casibus
1022 3158 1243 3243 appenditur,
1271 3174 1352 3240 quam

247 3260 392 3327 medium
414 3258 505 3344 quod
526 3280 545 3321 a
568 3257 674 3343 prima
695 3255 861 3342 positione
888 3278 948 3343 per
972 3280 1086 3325 omnes
1114 3260 1225 3324 flexus
1247 3274 1352 3343 propa·

249 3372 356 3449 gatur.
399 3363 512 3446 Atque
537 3360 600 3427 hac
628 3384 664 3425 re
693 3358 826 3425 nomina
853 3358 890 3423 in
916 3347 972 3438 co'}
993 3361 1159 3438 exeuntia,
1184 3360 1229 3425 de
1251 3355 1354 3443 quibus

248 3464 283 3529 in
307 3463 456 3551 proximo
478 3462 587 3549 eapite
608 3462 749 3541 dicetur,
777 3460 932 3526 differunt
952 3461 993 3526 ab
1013 3462 1076 3527 boc
1106 3484 1247 3548 genere,
1279 3453 1356 3543 qucd

248 3587 337 3631 nunc
357 3564 564 3631 absolvimus.
584 3602 625 3613 —·
644 3563 934 3631 Auncminationis
956 3586 1056 3629 causa
1074 3564 1176 3651 alpha
1197 3561 1356 3628 manifesto

252 3667 431 3733 detractum
453 3667 558 3733 estin
580 3666 813 3754 epigrammate
834 3665 962 3731 ludicro
985 3665 1089 3730 Antb.
1108 3664 1173 3730 lX.
1200 3665 1274 3730 113.
1292 3657 1358 3735 τοὺς

249 3763 345 3855 σέρις
364 3766 555 3854 ἐκκορίσας,
581 3769 673 3854 quod
699 3769 792 3833 aliter
812 3767 897 3833 ellici
918 3788 987 3833 uon
1008 3766 1126 3853 potuit.
1168 3766 1275 3833 Nulla
1293 3783 1359 3827 vero

250 3868 411 3955 ejusmodi
433 3871 645 3938 excusatione
668 3869 853 3937 defenditur
874 3868 1078 3935 accusativus
1100 3868 1154 3935 illc
1173 3868 1212 3934 in
1220 3862 1361 3934 Maneth.

248 3972 309 4040 IV.
334 3972 406 4037 112.
428 3964 628 4058 ὑδρομᾶνιις
648 3970 750 4059 ἔρεξε,
773 3994 834 4058 pro
858 3994 924 4057 quc
946 3994 1034 4039 nunc
1056 3981 1188 4060 recepta
1211 3982 1264 4036 est
1282 3970 1362 4036 Dor·

247 4074 328 4141 villii
349 4073 510 4159 scriptura
530 4067 756 4160 ὕδρομοὶνιιας
777 4070 861 4161 ἔρξε.
909 4072 979 4153 Τὰς
988 4068 1091 4152 πόλις
1099 4074 1167 4139 iota
1182 4072 1282 4139 brevi
1297 4067 1364 4135 fini·

177 4184 181 4189 ’
249 4184 319 4239 tum
337 4197 378 4239 ex
389 4173 504 4260 Sibyll.
528 4172 621 4239 affert
633 4173 812 4243 Jacobsius
833 4176 876 4241 ad
900 4175 1092 4242 Antulla
1111 4187 1146 4241 et
1163 4175 1212 4241 sic
1231 4174 1365 4240 sonasse

247 4274 282 4339 in
303 4274 367 4341 alio
388 4274 462 4343 loco
474 4275 502 4341 Ι.
521 4275 592 4343 187.
616 4274 827 4345 scribendum
847 4286 899 4342 est
926 4299 988 4364 pro
1017 4275 1078 4343 καὶ
1098 4273 1220 4355 πέλοις
1249 4266 1382 4342 circs?
