2825 4809
246 357 321 430 354
530 351 851 420 DISSERTATIO
878 353 925 420 11.
968 353 1010 420 P.
1032 353 1079 420 ΙΙ.

247 547 314 616 est;
345 535 500 602 remansit
527 535 614 602 enim
633 533 825 621 'gutturalis
870 536 908 604 Si
931 505 1158 622 βδιλόκροπος
1186 541 1329 623 legeretur,

247 639 351 706 simile
373 647 460 704 esset
481 635 684 702 substantivo
706 638 798 722 quod
818 636 929 705 Schol.
949 637 1052 704 Arist.
1073 635 1182 704 Nubb.
1202 638 1267 704 255.
1287 664 1330 706 ex·

245 739 348 826 plicat
364 734 534 822 σκίμπους
551 735 647 821 παρὰ
663 736 703 804 τὸ
722 736 884 822 σκιμβούς
910 735 994 819 ἔχειν
1015 736 1093 816 τοὺς
1113 735 1229 818 πόδας,
1249 762 1331 824 quan-

246 864 346 926 quam
356 838 509 906 vocabuli
518 838 586 904 triti
598 847 632 904 et
642 838 814 904 domestici
834 838 1043 925 corruptione
1057 861 1172 925 parum
1190 852 1334 908 excusatur

245 942 421 1010 insolentia
450 941 601 1028 poeticae
629 938 800 1017 dictionis,
830 941 923 1026 cujus
951 939 1056 1004 facilis
1086 949 1156 1005 erat
1176 941 1333 1008 declinatio.

332 1048 358 1129 §.
378 1043 411 1110 5.
454 1041 701 1111 Vocabulorum
731 1040 846 1107 tertiae
871 1040 1098 1107 declinationis
1125 1063 1199 1128 pars
1220 1043 1336 1109 maxima

247 1147 283 1212 in
300 1143 447 1232 synthesi
464 1143 603 1210 formam
619 1142 755 1229 genitivi
774 1152 880 1208 servat
899 1153 931 1208 et
947 1165 1029 1229 pure
1046 1142 1205 1208 terminati
1215 1154 1248 1208 ut
1258 1145 1335 1227 dpve-

245 1243 350 1332 υόμος
371 1257 405 1312 et
421 1267 490 1312 non
507 1267 599 1333 pure.
632 1246 689 1312 De
703 1245 833 1310 illorum
850 1244 1076 1311 imminutione
1090 1244 1126 1308 in
1144 1244 1247 1330 priore
1261 1243 1336 1330 hujus
1381 1325 1382 1330 ἵ

248 1348 480 1436 disputationis
501 1356 595 1434 parte
613 1356 722 1412 acnun
741 1355 792 1412 cst
812 1368 840 1412 c.
863 1347 924 1414 lV.
948 1349 974 1431 ξ.
993 1346 1025 1412 4.
1057 1345 1204 1410 Alterius
1224 1345 1337 1410 famniae
1381 1361 1382 1370 ¹

248 1452 314 1516 duo
331 1471 511 1516 consonam
532 1457 696 1514 extremae
719 1445 862 1532 syllabae
882 1447 1020 1528 primam
1038 1446 1190 1512 amittunt
1207 1468 1338 1512 unacum

245 1551 351 1618 vocali
367 1573 453 1636 quae
468 1572 540 1616 eam
555 1547 782 1632 subsequitur:
807 1544 992 1631 αἷγοπόλος
1008 1547 1066 1613 καὶ
1088 1547 1175 1614 κατὰ
1198 1548 1339 1634 coponis

245 1649 391 1729 αἰπόλος
412 1651 492 1716 ΕΜ.
507 1651 560 1728 37,
575 1650 629 1714 47.
649 1645 760 1738 ἐνδείᾳ
783 1649 950 1736 συλλαβῆς
971 1641 989 1714 ό
1012 1643 1202 1734 οἶγοπόλος
1222 1645 1341 1726 αἰπόλος

246 1750 372 1839 γίνεται
392 1752 551 1838 Apollou.
567 1739 664 1836 'Synt
683 1751 713 1814 Ι.
732 1749 763 1814 2.
782 1772 816 1835 p.
835 1747 866 1814 5.
892 1748 928 1812 id
949 1749 1064 1814 ceteris
1086 1749 1262 1815 mirabilius
1281 1749 1339 1836 quia
1382 1790 1383 1868 p

247 1874 394 1920 consona
420 1852 613 1939 surrepticia
641 1851 684 1916 ad
714 1850 849 1946 stirpem
876 1851 1017 1916 nominis
1039 1852 1202 1938 pertinet3
1230 1852 1283 1918 sed
1300 1851 1341 1916 alii
1382 1873 1383 1944 ι

246 1977 321 2020 cum
351 1949 455 2031 αἶπος
484 1952 703 2040 compositum
729 1973 802 2018 esse
831 1961 977 2016 statuunt
1006 1953 1084 2020 Sch.
1117 1953 1256 2020 Theocr.
1277 1954 1301 2017 l.
1319 1955 1340 2017 1.

244 2057 376 2123 Nomen
404 2052 612 2139 κοκκύμηλον
643 2053 672 2118 si
703 2053 873 2118 Nicander
899 2064 987 2120 recte
1007 2055 1241 2142 interpretatur
1259 2057 1343 2142 μῆλον

246 2150 266 2223 λλ
287 2155 448 2238 κόκκυγος
468 2154 644 2233 καλέουσι,
666 2154 784 2218 eadem
809 2155 981 2239 gutturalis
999 2156 1173 2242 emigravit
1194 2155 1342 2222 comitante

244 2255 424 2340 vocalifl).
468 2255 618 2320 Alterum
647 2254 773 2340 profert
792 2255 871 2320 EM.
893 2255 967 2332 243,
989 2256 1042 2322 38.
1070 2254 1270 2344 γυναιμαιής
1290 2251 1341 2322 ἀπό

244 2361 302 2425 τοῦ
330 2350 574 2443 γυναικομαυής
599 2359 766 2442 συγκοπῇ,
802 2356 861 2420 sed
888 2377 967 2422 mox
992 2357 1036 2422 ad
1066 2357 1199 2423 saniora
1228 2381 1262 2424 se
1283 2379 1343 2422 con·

246 2457 342 2522 vertit
367 2451 414 2533 ὡς
434 2453 514 2542 τιμὴ
541 2454 729 2539 Τιμόθεος,
759 2451 845 2522 οόιω
875 2455 951 2545 γυνή
981 2456 1169 2546 γυυομαυής
1198 2458 1255 2525 καὶ
1279 2457 1345 2524 κατὰ

243 2556 429 2640 μετάθεσιν
444 2550 647 2642 γυναιμαιής
657 2549 702 2631 ὡς
718 2553 952 2634 μεσαιπόλιός.
984 2559 1080 2624 Idem
1096 2560 1243 2626 declarat
1254 2559 1345 2628 Schol.

244 2657 347 2725 Dion.
376 2657 522 2724 Gramm
552 2656 632 2734 859,
660 2657 714 2721 29.
743 2666 858 2743 tropae
879 2657 1011 2724 nomine
1033 2683 1129 2738 usus,
1158 2684 1222 2728 nec
1236 2661 1345 2746 jurein
1383 2647 1384 2692 l

246 2758 382 2823 dubium
408 2766 504 2824 vocat
533 2757 645 2843 Epim.
671 2758 700 2822 I.
729 2757 800 2822 102.
823 2758 861 2826 τό
884 2762 1081 2846 γυναιμανές
1104 2760 1222 2850 φαμὲν
1250 2763 1345 2830 ε’κτοῐ·

244 2881 363 2943 γυιαιμ
407 2856 443 2934 ές
463 2853 708 2943 συγκεκόφθαι,
732 2854 776 2923 ἵν’
808 2855 913 2926 ἔνεστι
935 2859 972 2926 ad
997 2859 1139 2947 γύναιον,
1166 2859 1188 2951 ἢ
1212 2861 1257 2941 ὡς
1275 2861 1347 2950 πόλι]

244 2961 374 3042 Πυλαιι
423 2981 475 3044 ης,
506 2956 564 3044 ἕλη
595 2953 795 3048 ἒλαιέλερής·
828 2961 955 3047 ¹quippe
981 2983 1101 3028 nomen
1130 2963 1279 3050 ignobile
1303 2960 1347 3051 yi-

242 3057 398 3124 suroreb
420 3057 560 3124 Homeri
579 3058 790 3144 omniumque
812 3062 980 3149 epicorum
1006 3069 1247 3134 consuetudine
1267 3069 1348 3152 longe

243 3159 425 3242 sejunctum
447 3170 507 3224 est.
548 3161 677 3225 Eadem
697 3162 780 3228 ratio
804 3164 1006 3231 intercedit
997 3176 1082 3233 mter
1098 3171 1347 3256 κροκυὸολογιῖι,

239 3258 533 3346 χαριτοβλέφαρος
559 3271 592 3325 et
619 3261 858 3348 κροκυλιγιιός,
888 3265 1093 3354 χαριδότης,
1125 3270 1347 3354 reprimerentur

243 3356 396 3440 Syllabas
408 3361 547 3424 casualis
563 3388 600 3426 κο
615 3362 885 3484 interceptionem
897 3367 1123 3435 ammadvertrt
1132 3371 1216 3438 EM
1229 3373 1298 3449 331,
1308 3370 1348 3435 20.

236 3450 464 3537 Ἑλλόυουικος
506 3461 562 3528 καὶ
601 3469 758 3554 συγκοπῆ
778 3460 873 3530 Ἑλλ’
843 3493 975 3546 ..ανικος
1031 3471 1191 3560 Syncope
1224 3475 1349 3540 elevatur

241 3556 269 3622 si
286 3579 359 3622 cum
375 3553 494 3638 Ἕλλός
516 3563 734 3679 compositum
757 3576 816 3646 est,
840 3590 904 3652 quo
916 3570 1048 3636 nominc
1066 3573 1195 3659 priscos
1213 3573 1348 3640 Helladis

241 3669 298 3722 ant
298 3658 445 3744 iquaeet
460 3664 613 3749 propriae
631 3667 772 3732 cultores
790 3670 973 3754 appellatos
993 3695 1066 3738 esse
1079 3674 1169 3740 haud
1187 3674 1348 3764 spernendi

239 3771 388 3826 auctores
410 3763 643 3846 prodiderunt3
666 3768 767 3854 alpha
791 3770 927 3856 longum
947 3773 1075 3840 videtur
1090 3787 1127 3842 ut
1142 3777 1178 3842 in
1197 3775 1350 3876 &wysla

240 3870 273 3924 et
300 3860 470 3929 similibus.
505 3866 684 3932 Nominum
713 3872 931 3950 neutralium,
941 3897 1025 3958 quae
1047 3879 1231 3964 genitivum
1252 3880 1285 3943 in
1304 3901 1349 3953 τος

239 3960 386 4041 mittunt,
423 3965 542 4052 triplex
577 3977 627 4031 est
659 3969 782 4056 figura3
811 3995 877 4037 una
906 3975 1064 4074 prolixior
1094 3977 1349 4070 αλματόφυρτος,

238 4231 244 4237 -
309 4199 355 4266 17)
370 4199 491 4271 Ypsilon
509 4202 624 4277 corrrprt
636 4204 750 4276 andom
762 4207 861 4264 Alexis
873 4210 985 4282 Frngm
999 4213 1066 4268 Vol.
1078 4213 1132 4269 III.
1146 4217 1206 4270 504.
1222 4219 1274 4272 sed
1288 4216 1351 4270 idem

240 4281 344 4336 etiam
335 4302 365 4336 rn
378 4284 497 4357 simplici
511 4288 653 4345 interdum
665 4293 726 4347 fieri
739 4302 839 4350 auctor
851 4304 894 4351 est
905 4297 1084 4355 Herodianus
1098 4300 1349 4360 detrimeneta
