2825 4809
139 396 203 462 DE
224 384 496 461 PROSTHESI
516 392 578 459 ET
601 392 867 465 APHAERESI.
890 396 929 465 C.
941 399 988 465 X.
1005 404 1031 487 ξ.
1042 402 1073 466 4.
1106 410 1181 481 211

75 559 160 667 priuos
196 575 263 660 bigat
293 571 366 645 ἀπὸ
392 580 451 645 τοῦ
480 571 576 664 tillon
601 574 658 665 τὴν
684 576 794 646 θέσιν.
849 582 927 649 Hoc
959 588 1112 653 convenit
1141 591 1184 655 ad

75 682 159 748 Ceus.
181 679 235 747 Pl.
258 676 322 747 VI,
347 679 377 756 8,
402 678 431 743 9.
455 677 513 743 ubi
534 678 608 743 loca
625 674 788 765 πρόςοιλα
804 682 841 745 id
857 692 908 748 est
923 686 1035 772 aprica
1054 698 1086 754 et
1104 691 1183 755 solis

73 781 239 847 luminibus
262 780 400 846 obversa
423 789 536 846 eontra
557 789 724 867 ponuntur·
742 786 817 861 τοῖς
832 785 1040 865 παλισκίοις.
1083 792 1137 856 Αο
1155 791 1185 856 si

72 884 123 948 loe
143 883 215 948 fere
239 880 388 947 omnibus
410 881 502 958 locis,
526 880 583 965 qui
606 881 831 950 aWernickio
853 886 896 949 ad
912 885 1038 973 Tryph.
1060 912 1090 956 v.
1106 892 1183 961 209.

73 986 145 1051 etin
168 983 344 1049 Thesauro
365 983 566 1059 indicantur,
599 1003 669 1047 cum
690 979 874 1064 πολύσκιος
900 992 1091 1055 commutari
1118 1016 1183 1081 po·

71 1098 131 1165 test,
154 1097 268 1157 tamen
291 1084 480 1149 adverbium
500 1083 566 1147 vim
588 1105 678 1148 suam
700 1107 768 1149 non
795 1085 913 1150 amittit
920 1111 930 1163 ;
959 1110 1036 1154 nam
1061 1101 1099 1156 ut
1126 1098 1182 1161 ob-
1303 1084 1310 1103 ‘

71 1190 205 1253 nubilum
235 1186 354 1251 dicitur
381 1185 471 1269 quod
500 1183 632 1268 objectu
661 1184 759 1250 nubis
792 1199 951 1273 opacatur
980 1191 1182 1279 verbumque

70 1291 249 1356 obumbrare
271 1286 428 1374 oppositu
453 1285 587 1351 umbrae
610 1284 798 1364 obscurare,
818 1288 865 1351 ita
883 1288 983 1353 etiam
999 1292 1182 1375 παλίσκιος

70 1402 94 1455 et
118 1390 216 1475 quod
245 1410 319 1453 cunr
346 1387 411 1453 hoc
441 1386 603 1453 confertur
633 1388 814 1454 cll-scuras
841 1389 931 1454 haud
959 1414 1053 1457 secus
1082 1418 1182 1481 quam

70 1486 313 1571 ἅπισκοτοὶζειν
342 1511 384 1555 ex
411 1487 601 1553 notionibus
625 1488 768 1577 oppositi
788 1499 827 1553 et'
847 1490 982 1557 umbrae
1003 1496 1180 1564 conflatum

71 1592 234 1657 uedimus.
258 1628 300 1638 -
323 1585 456 1675 Χρόνον
480 1584 676 1677 παλιμμήκη
697 1588 832 1656 τιθέναι
848 1593 1035 1680 Aeschylus
1056 1598 1181 1667 dixisse

69 1695 187 1759 videtur
219 1714 281 1779 pro
316 1702 445 1777 tempus
475 1690 655 1778 duplicare,
686 1691 862 1757 extendere
891 1716 1000 1779 neque
1023 1719 1110 1784 opus
1130 1712 1181 1767 est

71 1796 207 1881 recipere
231 1788 434 1881 παλιμμήκη
460 1794 550 1878 quod
572 1793 606 1856 in
628 1792 715 1858 Flor.
737 1792 866 1877 legitur.
908 1796 990 1861 Plus
1017 1819 1094 1865 vero
1123 1825 1179 1867 su-

72 1896 218 1983 spicionis
242 1892 341 1958 habet
362 1892 581 1982 παλινητιμίη
603 1892 703 1959 Anth.
715 1894 763 1958 X.
780 1915 812 1956 n.
826 1894 897 1959 102.
920 1917 982 1981 pro
1005 1901 1181 1982 quoPlan.

73 1994 288 2083 πολυνηνεμίη
305 1994 441 2080 praebet
456 1992 660 2081 improbante
675 1993 834 2062 Jacobsio
840 2018 849 2071 3
872 1992 985 2076 πάλιν,
1007 1999 1124 2086 inquit,
1144 2008 1180 2071 ιἰι

76 2101 244 2180 conpositis
271 2098 435 2161 nonnullis
461 2099 526 2161 olm
548 2091 740 2183 ἐπιτατικήι
761 2100 851 2164 babet
871 2110 908 2164 nt
929 2102 966 2165 t'n
987 2101 1179 2185 παλίσκιος,

77 2196 340 2281 παλίγκραιπνος.
395 2196 463 2263 Sed
494 2196 575 2260 illud
604 2197 758 2262 dissimile
782 2208 844 2276 est,
874 2199 938 2265 hoo
956 2203 1051 2285 quod
1070 2205 1179 2271 Brun·

74 2297 151 2365 clius
172 2296 291 2386 posuit
311 2296 345 2362 in
365 2298 519 2365 Simmiae
544 2298 618 2363 Ovo
637 2320 666 2363 v.
679 2299 709 2363 9.
723 2300 817 2383 (XV.
839 2324 872 2365 n.
884 2301 953 2386 27.)
969 2324 1031 2389 pro
1053 2306 1180 2375 παλαι-

71 2398 240 2487 ιραίπνοις
258 2396 365 2478 ποσί,
395 2399 532 2463 lortasse
560 2421 627 2464 non
653 2398 908 2487 πολύκραιπνος
935 2403 1098 2490 significat
1120 2408 1180 2473 sed

68 2497 283 2579 παλίσσυτος,
310 2494 580 2587 ὀπισθόρμητος.
613 2501 687 2565 Hac
704 2510 811 2565 autem
827 2503 989 2589 particula
1007 2529 1026 2570 a
1042 2530 1178 2576 numero

67 2600 289 2685 epitatiearum
314 2610 439 2665 remota
466 2600 567 2665 multa
597 2613 786 2667 succurrunt
814 2603 893 2682 alia,
924 2628 1010 2690 quae
1040 2609 1180 2673 eundem

64 2722 151 2766 usum
172 2700 370 2788 praebeant3
401 2701 542 2786 primum
570 2703 729 2789 adjectiva
753 2704 987 2789 magnitudinis
1018 2715 1051 2771 et
1069 2709 1180 2773 multi·

66 2802 181 2869 tudinis
200 2800 436 2889 μεγαθαρσὴς,
460 2800 693 2885 πολύμοχθος,
719 2803 958 2894 παμπόνηρος,
979 2819 1011 2873 et
1025 2832 1179 2876 nonnun-

65 2926 155 2987 quam
171 2896 291 2986 ὄκρος,
309 2898 513 2990 ἀκρομανής,
532 2896 747 2990 ἂκρόθερμος
764 2928 887 2971 summe
903 2908 1057 2988 fervidus,
1077 2932 1179 2995 aquo

66 3004 167 3070 differt
190 2999 417 3088 ἆκροχλίαρος
444 3024 585 3090 superne
612 3002 759 3090 tepidus,
790 3017 859 3072 tum
887 3032 928 3073 ex
953 3032 1074 3095 magna
1095 3013 1180 3075 mul-

64 3104 197 3169 titudine
228 3101 472 3182 adverbiorum,
507 3126 590 3190 quae
622 3106 834 3173 Grammatici
867 3109 1020 3196 epitatioa
1051 3122 1180 3191 vocant,

65 3204 124 3271 duo
145 3207 203 3271 illa
215 3202 422 3289 quibuscum
444 3200 628 3289 ἄγάκλυτος
651 3218 683 3271 et
701 3204 875 3296 ἀδηφάγος
898 3212 1073 3296 conjuncta
1094 3224 1180 3293 sunt,

64 3307 264 3391 eundemque
286 3306 331 3370 ad
351 3326 521 3369 numerum
542 3306 684 3372 adscribi
711 3322 852 3395 possunt
880 3306 1098 3400 εὖοοὲκρυιος,
1127 3310 1180 3382 εὖ.

62 3404 240 3490 ψάμαθος,
263 3409 337 3471 bene
355 3426 506 3489 macnus,
531 3410 605 3473 bene
627 3411 726 3491 ἰοιιρο.
770 3410 857 3475 Ταια
878 3415 1066 3493 numeralia,
1089 3416 1181 3498 τρίλ-

63 3504 170 3584 λιστος
193 3515 227 3571 et
246 3516 355 3571 cetera
373 3506 415 3570 ab
437 3506 500 3571 hoc
522 3508 654 3573 nomine
672 3512 935 3600 composita³³),
958 3515 1179 3605 quibusHip·

62 3626 166 3687 pouax
183 3605 373 3671 assimilavit
393 3602 600 3686 ἓπτάὸουλος
620 3608 676 3674 τὸν
698 3609 775 3693 τρία
795 3608 1012 3701 ὑπεραναβάς
1030 3610 1180 3703 ἀριθμόν

61 3704 149 3771 Eunt.
181 3707 259 3785 725,
290 3708 342 3773 30.
374 3707 434 3773 sed
465 3717 499 3773 et
524 3708 654 3773 Boreae
687 3732 822 3795 specum
851 3713 1070 3783 Callimachus
1100 3719 1186 3792 Del„

63 3803 110 3869 65.
136 3803 330 3892 ἑπτάμιιχον
356 3808 485 3873 vocavit
510 3808 574 3873 hoc
604 3818 654 3873 est
681 3808 872 3895 πολύμοχοι
908 3827 945 3880 ut
975 3816 1179 3885 Scholiastae

127 4110 175 4179 33)
190 4112 254 4167 Hoc
273 4112 379 4167 acutuli
399 4110 513 4185 quidam
531 4108 738 4165 transtulerunt
754 4115 793 4167 ad
810 4113 930 4187 simplex
947 4116 1111 4171 adverbium
1123 4118 1182 4191 τρὶς

64 4189 158 4261 ἐρύσας
175 4198 238 4270 περὶ
257 4192 326 4253 doru
344 4194 409 4275 ιῖιιῖ
428 4200 476 4253 τοῦ
494 4194 626 4261 πολλάκις
647 4197 742 4253 Schol.
762 4196 795 4253 ll.
813 4198 922 4255 XXIV.
938 4203 978 4255 lb.
999 4220 1025 4256 r.
1045 4202 1120 4256 Adn.
1141 4202 1179 4278 ad

61 4274 128 4332 Hes.
141 4298 163 4334 s.
181 4286 247 4356 Τρία
261 4290 290 4338 et
305 4288 380 4357 Τρίς.

901 4364 1054 4450 w*
