2825 4809
224 364 271 435 to
490 329 499 347 '
585 326 906 423 uisseamrro
937 354 966 422 1.

222 540 324 606 attuli.
363 534 539 626 Ἀστρηνές
563 532 621 619 δξύ
649 540 733 605 Hes.
762 538 844 603 nihil
874 537 964 603 aliud
990 547 1039 603 est
1067 560 1165 622 quam
1190 537 1332 625 στρηνές.
1408 573 1409 576 “

216 638 465 730 Ἀστυφελίζειν
485 639 562 706 huie
585 662 720 707 numero
736 640 898 706 subtraxit
914 640 1106 727 Spitznerus
1124 638 1168 703 ad
1184 637 1225 703 Il.
1235 637 1331 704 XVI.

222 742 251 809 7.
275 741 386 809 πολλὰ
405 741 442 809 δέ
458 738 623 829 χερμάδια
637 738 755 826 μεγάλ’
775 737 925 838 άσττίδ-ας
941 740 1163 827 ἐστυφέλιξεν,
1186 738 1333 806 scholion

222 842 441 930 subscriptum
463 839 681 929 Ἀρίσταρχος
704 840 762 909 διὰ
787 847 847 909 τοῦ
876 869 898 908 α
925 837 1142 927 άστυφέλιξεν
1163 841 1211 907 sic
1233 841 1363 907 eorri--·

220 968 303 1031 gens
334 941 567 1030 ἐστυφέλιξαν,
603 944 693 1028 quod
721 964 846 1008 summe
880 941 1050 1029 probabile
1076 952 1135 1009 est.
1190 942 1228 1009 si
1253 942 1334 1007 illud

221 1045 352 1111 aliunde
383 1044 550 1129 cognitum
582 1054 685 1123 esset,
710 1043 936 1111 Aristarchum
958 1039 1181 1129 άστυφέλιξαν
1201 1054 1334 1133 propter

222 1170 296 1226 sex,
327 1146 384 1233 qui
412 1144 633 1232 praecedunt,
664 1147 798 1212 eosdem
826 1169 927 1212 sonos
958 1143 1154 1233 praetulisse
1178 1145 1331 1222 dicerem

220 1272 297 1315 nam
318 1245 383 1332 ἔχει
402 1273 434 1314 τι
455 1242 555 1331 ἄγκου
572 1251 695 1329 σεμνοῦ
712 1248 751 1315 τὸ
766 1236 792 1316 α
809 1244 997 1317 πλεονάσαν
1013 1246 1207 1313 Eustathius
1228 1246 1334 1333 inquit

222 1353 267 1417 ad
288 1350 320 1417 h.
343 1350 365 1415 1.
389 1349 607 1434 laudaturque
636 1348 778 1433 antiquis
806 1372 919 1415 versus
939 1370 1078 1415 canorus
1099 1348 1238 1414 XXIII.
1262 1349 1332 1414 116.

220 1454 331 1522 πολλὰ
361 1447 393 1519 δ’
419 1446 541 1517 ἄναντα
565 1446 710 1515 κάταντα
732 1448 885 1535 πάραυτα
907 1476 943 1517 τε
967 1488 1004 1499 -
1029 1472 1127 1536 quem
1148 1450 1202 1517 hio
1222 1472 1333 1537 repre·

221 1554 336 1621 hendit
346 1553 389 1635 ⁵).
434 1551 503 1619 Sed
517 1548 728 1617 Aristarchus
744 1551 801 1617 illo
816 1552 889 1617 loco
907 1552 1043 1618 verbum
1060 1552 1184 1640 plurale
1200 1563 1336 1640 propter

222 1656 360 1722 eandem
389 1652 550 1718 rationem
586 1653 819 1740 praeposuisse
852 1653 979 1719 videtur
1020 1676 1087 1740 qua
1121 1652 1227 1741 φάγον
1258 1650 1335 1743 ἡνία
1409 1653 1412 1670 ’

221 1758 352 1845 scripsit
376 1756 415 1821 ll.
446 1755 544 1823 VIII.
574 1754 646 1819 137.
678 1764 711 1819 et
737 1753 894 1843 φάσγανα
921 1757 1025 1823 πέσον
1053 1755 1133 1822 XV.
1166 1755 1237 1821 714.
1268 1777 1334 1841 quo

221 1859 319 1925 modo
341 1860 507 1923 Homerus
533 1856 597 1921 alia
619 1856 752 1921 nomina
773 1854 870 1942 hujus
891 1856 1021 1942 generis
1041 1879 1116 1921 oum
1137 1855 1236 1923 verbo
1259 1856 1333 1943 plu·

219 1962 280 2027 rali
307 1958 476 2045 conjungit
502 1959 604 2041 βέλεα
631 1958 708 2044 ῥέον
727 1957 811 2023 XII.
835 1957 907 2022 159.
933 1953 1036 2042 ἄγγεα
1058 1962 1152 2024 ναῖον
1178 1959 1247 2025 Od.
1268 1958 1333 2024 IX.

219 2064 292 2129 222.
326 2063 431 2129 πέσον
461 2054 562 2143 ἄγγεα
592 2058 672 2124 XV.
704 2060 754 2123 13.
783 2059 903 2144 τρέμον
924 2066 1002 2143 γυῖα
1025 2058 1091 2124 XI.
1112 2059 1185 2124 527.
1212 2062 1335 2129 πέδιλα

219 2162 262 2232 τά
283 2189 340 2246 μιν
361 2162 466 2249 φέρον
490 2160 532 2228 V.
556 2158 606 2224 75.
619 2160 650 2243 ⁶)
698 2161 788 2224 Ante
817 2169 938 2224 mutam
972 2182 1046 2225 oum
1078 2160 1205 2245 liquida
1236 2159 1337 2248 alpha

221 2264 388 2331 abundare
425 2262 523 2327 docet
554 2260 765 2327 Herodianus
795 2282 849 2346 ap.
885 2260 1002 2327 Orion.
1029 2285 1063 2348 p.
1091 2262 1144 2328 28.
1177 2258 1247 2329 άπὸ
1274 2266 1337 2329 τοῦ

221 2368 331 2455 τρέμω
357 2362 539 2451 ῥηματικὸν
567 2356 674 2445 ἄνομα
703 2363 833 2445 τρέμων
862 2363 918 2429 καὶ
948 2365 1105 2450 νρέμονες
1122 2364 1159 2430 τὸ
1184 2366 1336 2449 πληθυν-

219 2466 313 2533 τικὸν
335 2464 391 2531 καὶ
413 2464 613 2551 πλεονασμῷ
636 2457 789 2545 ἄκρεμών
810 2458 856 2540 ὡς
878 2456 1031 2546 ἄσταχυς,
1055 2466 1145 2549 quod
1166 2466 1337 2531 confirmat

220 2565 455 2651 Theognostus
478 2562 586 2629 Crem.
609 2562 661 2640 35,
680 2564 731 2627 14.
755 2563 929 2641 ε139,10.
949 2564 1078 2651 κρεμτόν
1101 2561 1256 2645 ἄξιἰεονον
1278 2568 1336 2633 καὶ

219 2668 277 2735 διὰ
290 2654 390 2734 roric
409 2663 573 2753 γράφεται
595 2664 771 2748 (κλίνεται)
796 2665 852 2730 καὶ
871 2664 1100 2751 τρισυλλάβως
1120 2669 1250 2749 λέγεται
1276 2669 1337 2737 έττὶ

218 2774 278 2856 τῆς
307 2762 409 2855 αὐτῆς
438 2766 615 2852 σημασίας.
664 2765 826 2851 Bisyllabi
852 2776 965 2831 auctor
992 2776 1081 2831 extat
1104 2768 1211 2834 nullus
1218 2794 1228 2846 3
1256 2792 1338 2836 nam

217 2868 307 2946 urbis
341 2890 461 2933 nomen
487 2865 642 2953 Κρεμάν,
672 2890 757 2953 quae
788 2868 990 2933 allemanie
1013 2866 1176 2935 Cremona
1205 2871 1336 2952 dieitur,

218 2994 279 3058 per
303 2955 329 3036 o
354 2991 451 3056 mega
480 2968 660 3035 declinatur
687 2993 796 3055 neque
824 2993 969 3056 unquam
990 2970 1090 3058 alpha
1110 2974 1227 3060 recipit
1234 2999 1243 3051 ;
1273 2977 1338 3041 sed

220 3084 270 3141 est
297 3072 530 3159 appellativum
561 3069 603 3136 ab
625 3072 706 3137 EM.
729 3072 782 3150 52,
803 3073 855 3137 24.
887 3073 1105 3159 disceptatum
1131 3072 1285 3163 άκρέμων
1315 3075 1336 3145 ὁ

218 3172 340 3252 κλάδος
369 3174 425 3240 καὶ
455 3171 584 3261 κρεμάν
609 3173 739 3257 λέγεται
760 3174 849 3260 πρὸς
868 3174 1034 3261 διάφορον
1055 3175 1288 3264 έτυμολογέαν·
1313 3177 1339 3267 ἢ

217 3274 399 3363 γὰρπαρὰ
426 3277 464 3339 τὸ
486 3270 588 3359 ἄκρον
610 3273 735 3360 γίνεται
762 3270 958 3362 ἄκρέμωνλ)
992 3270 1013 3363 ἢ
1040 3276 1136 3365 παρὰ
1159 3278 1196 3346 τὸ
1220 3278 1337 3365 κρέμω

287 3462 316 3531 δ)
329 3459 394 3515 Alia
410 3458 492 3531 hujus
510 3455 669 3531 par-schesis
687 3459 819 3529 exempla
830 3459 912 3513 attuli
925 3461 963 3513 ad
973 3460 1039 3514 Phr.
1053 3462 1112 3515 ott.
1127 3468 1156 3515 et
1169 3459 1274 3516 Parall.
1288 3463 1337 3516 21.

218 3548 285 3605 adn.
321 3546 367 3603 Ab
379 3544 522 3601 homerico
549 3541 687 3615 σπλάγχν’
709 3541 847 3601 ἐπάσαντο
859 3544 978 3601 descivit
989 3546 1159 3618 Apollonius
1172 3544 1261 3602 πάντα
1274 3568 1341 3621 φα-

217 3632 291 3703 άνθη
304 3633 430 3689 scribens
441 3633 494 3687 III.
508 3632 584 3685 teet.
598 3650 624 3685 v.
639 3630 721 3685 Well
733 3632 809 3685 adh.
821 3632 840 3686 l.
867 3632 962 3703 Alpba
975 3632 1005 3686 in
1018 3635 1120 3688 eodem
1131 3636 1219 3689 verbo
1232 3642 1342 3705 quater

215 3719 366 3793 repetitum
382 3721 487 3775 habent
503 3716 646 3773 homerica
663 3714 873 3790 ἀμφαγάπαζον
897 3727 926 3773 et
943 3717 1174 3793 ἀμφαφάασθαι,
1198 3723 1340 3793 quodque

216 3806 312 3879 nuper
324 3806 429 3871 Quinto
446 3804 604 3860 restitutum
622 3811 665 3859 eet
685 3802 891 3877 ἀμφαγάσοντο
911 3806 1043 3862 711722.

286 3892 360 3962 t)1n
382 3890 516 3963 singulari
537 3898 648 3947 constet
670 3892 789 3945 verbum
820 3898 931 3947 κεῖσθαι
953 3892 982 3947 in
1007 3892 1083 3947 exitu
1107 3891 1209 3948 senarii
1232 3894 1341 3963 εἵματα

216 3985 303 4036 κεῖται
316 3978 370 4035 Οδ.
386 3978 489 4035 7126.
507 3974 633 4049 κειμήλιοι
651 3984 737 4033 νεῖται
757 3974 893 4031 Χ7.113.
909 3977 1020 4033 ὀνείατα
1037 3985 1124 4033 κεῖται
1135 3978 1172 4033 X
1187 3981 1211 4033 1).
1227 3986 1340 4035 etcum

217 4065 280 4121 aliis
297 4063 457 4121 nominibus
475 4064 524 4119 IV.
540 4066 597 4121 127.
615 4063 691 4118 XVI.
703 4065 764 4119 281.
786 4072 815 4118 et
827 4063 856 4117 in
868 4064 1033 4136 imperfecto
1045 4067 1131 4119 modo
1143 4072 1226 4121 aucto
1240 4061 1337 4136 τεύχε’

217 4154 303 4208 ἔκειτο
326 4151 360 4206 Il.
381 4151 433 4206 III.
456 4150 515 4205 327.
549 4149 641 4222 δέμνι’
669 4151 755 4205 ἔκειτο
783 4151 838 4204 Οδ.
860 4149 938 4205 VIII.
960 4154 1021 4207 277.
1046 4151 1130 4222 δόμοι
1149 4155 1196 4205 καὶ
1215 4149 1338 4222 κτήματ’

217 4237 302 4294 ἔκειτο
315 4238 396 4292 XIV.
409 4238 469 4293 291.
484 4234 573 4309 εἵματ’
591 4237 686 4305 ἔκειτο,
699 4238 784 4293 modo
797 4255 855 4292 non
870 4244 952 4295 aucto
964 4236 1060 4310 τεύχεα
1072 4244 1145 4294 κεῖτο
1158 4237 1252 4293 ΧΧΠ.
1271 4238 1340 4295 tou.

287 4324 315 4394 7)
328 4325 372 4378 De
391 4331 508 4379 accentu
528 4322 585 4378 dixi
605 4325 642 4378 ad
659 4323 705 4395 Aj.
725 4342 753 4395 p.
776 4326 834 4378 171.
