2825 4809
184 291 192 310 ⁸
278 343 354 422 572
637 301 957 408 nrssnsufflo
986 335 1030 406 v.

277 528 423 620 epitheta
439 547 587 595 seorsum
605 523 744 610 intelligi
759 534 900 611 possunt
913 523 1026 590 addite
1041 523 1157 612 oopula
1176 518 1281 609 ῥαπτὸς
1295 530 1335 597 set
1376 558 1377 561 ¹

276 627 396 708 ἄλλως.
416 622 592 704 ἀεικέλιος.
644 625 700 696 Sis
729 627 827 694 etium
855 630 938 713 βοῦς
964 624 1175 713 πρωτοτόκος
1197 625 1335 717 κινυρη’11

275 731 391 800 XVII.
413 729 444 796 5.
470 727 648 817 exponitur
671 751 691 794 ι
715 727 828 797 Schol.
854 724 916 816 ὑφ’
942 724 977 795 ἓν
1005 727 1061 794 ἵνα
1085 718 1106 816 ᾗ
1133 723 1227 813 ἓντῷ
1249 727 1336 796 τίκτειν

275 835 449 922 θρηνοῦσα
472 825 493 918 ἢ
515 828 596 916 περὶ
620 827 675 896 τόν
698 827 797 896 τόκον
817 827 951 917 κινυρά·
977 851 1086 916 neque
1106 828 1287 896 infitiabimur
1301 832 1338 898 ills

276 933 421 1024 epitheto
441 931 561 1000 nrotius
582 930 667 998 inter
688 953 724 997 se
747 929 901 1018 oolligsto
922 953 995 999 osee
1018 954 1115 1018 quum
1136 928 1250 1015 κόματο
1267 932 1337 1017 κυρτὰ

275 1032 524 1126 φαληριόωντα.
566 1035 619 1100 Ao
640 1035 745 1119 major
764 1032 862 1100 etism
883 1035 1092 1101 necessitudo
1113 1031 1267 1098 interoedit
1281 1033 1338 1099 inter

276 1136 342 1206 duo
370 1146 473 1204 terrae
501 1155 643 1224 pesonae
672 1134 825 1202 ettn‘butn
848 1133 1021 1223 αἰγίβοτος
1040 1132 1154 1224 ἀγαθή
1175 1135 1267 1200 idest
1286 1135 1338 1200 ἐπι·

274 1237 391 1328 opinio
416 1235 503 1322 πρὸς
529 1233 722 1322 αἶγιβοσίαν
744 1237 812 1305 Od.
834 1237 936 1304 XIII.
959 1238 1032 1305 246.
1061 1261 1138 1304 nam
1159 1237 1275 1304 alterum
1292 1237 1338 1302 sine

276 1342 376 1408 sltero
398 1360 550 1406 maneum
578 1348 611 1405 et
638 1339 865 1426 imperfectum
887 1350 937 1406 est
951 1341 1015 1425 ¹²).
1059 1341 1139 1408 Ηοο
1159 1339 1336 1427 praetermisso

274 1443 321 1510 illi
350 1451 489 1509 trnotsnt
515 1441 661 1508 11.X11.
686 1439 762 1508 445.
796 1442 881 1520 λᾶας
908 1439 1055 1530 εἱστήκει
1085 1442 1230 1529 πρυμνὸς
1251 1439 1336 1522 παχύς,

275 1537 381 1630 αῧταρ
401 1536 549 1610 ὄπισθεν
569 1535 648 1622 ὀξὺς
670 1539 742 1632 ἔην·
761 1543 902 1630 primum
918 1543 1028 1612 Sohol.
1039 1545 1084 1610 A.
1102 1541 1245 1630 συναφὴν
1256 1542 1336 1607 θετέον

275 1638 332 1714 ἐπ’
359 1638 555 1730 ἀμφοτέρας
578 1643 639 1722 τὰς
665 1642 790 1723 λέξεις·
817 1641 852 1713 ἓν
877 1642 940 1729 γὰρ
967 1647 1007 1712 τὸ
1032 1643 1261 1733 σημαινόμενα
1277 1639 1336 1705 κατό

274 1747 313 1814 τὸ
335 1742 474 1826 ἔσχατον
495 1739 616 1827 παχύς,
639 1745 727 1810 κατὰ
750 1746 789 1814 δὲ
808 1743 847 1814 τὸ
869 1744 981 1833 ἕτερον
1001 1740 1336 1826 ὅξός,111111111111α111ω

274 1847 351 1926 913,
373 1845 426 1914 39.
452 1844 561 1932 ἕτεροι
587 1839 648 1932 ὑφ’
677 1842 711 1912 ἓν
737 1839 877 1931 ἀνέγνων
904 1844 1173 1934 πρυμνοςπαχός.
1216 1846 1261 1914 sie
1282 1845 1340 1909 euin

274 1948 328 2016 hio
349 1947 505 2034 seriptum
523 1957 574 2014 ost
595 1956 628 2014 et
649 1946 727 2014 alibi
748 1946 1056 2034 ῥαδαλοςόονακιός
1075 1947 1171 2025 1165,
1185 1948 1233 2013 22.
1247 1946 1341 2013 honest

204 2097 208 2106 »
274 2049 431 2128 όονακεὺς
464 2045 761 2136 ἱσχνοκαλαμιόόης
785 2047 839 2114 vel
865 2048 1024 2132 καλαμών
1053 2045 1282 2137 ραόαλοόόναξ·
1304 2047 1343 2111 sed

272 2162 415 2230 veteres,
446 2151 503 2237 qui
524 2149 608 2218 hano
630 2149 769 2216 duarum
787 2171 906 2218 vonum
930 2141 1102 2216 notionun'r
1126 2150 1345 2218 communionem

272 2252 449 2320 lectoribus
476 2251 519 2319 ob
549 2253 661 2320 oeulos
690 2239 814 2340 ponere
841 2253 978 2330 vellent,
1009 2262 1097 2320 oerte
1124 2275 1193 2318 non
1220 2250 1346 2317 1111111111

274 2364 505 2422 contruxerunt
529 2356 588 2422 sed
613 2355 784 2440 disjunotis
806 2365 919 2421 notum
939 2355 1074 2421 unitatis
1095 2354 1347 2441 subsignoruntut

272 2457 312 2524 Il.
331 2457 415 2524 XX.
434 2458 508 2525 431.
531 2459 629 2541 βέλος
650 2450 708 2537 όξύ
726 2454 947 2540 πάροιθεν·
962 2454 1094 2545 συναφὴ
1118 2456 1185 2543 inl
1196 2455 1252 2533 τὰς
1268 2455 1347 2520 τελευ-

272 2555 372 2638 ταίας
398 2558 459 2626 tto
481 2559 602 2639 λέξεις·
626 2555 661 2638 ἓν
685 2556 748 2645 γὰρ
770 2555 808 2638 ἐξ
827 2550 1027 2645 ἀμφοτέρων
1048 2559 1210 2644 δηλοῦται
1231 2551 1348 2639 ὥξυμμὲ-

204 2685 211 2712 ι
272 2685 328 2730 νον
348 2661 434 2728 κατὰ
454 2659 493 2727 τὸ
515 2657 711 2745 ἔμπροσθεν
729 2658 843 2744 μέρος,
862 2657 955 2744 quod
976 2660 1020 2726 sd
1040 2659 1129 2727 huno
1149 2661 1255 2726 losum
1272 2657 1349 2722 minus

272 2763 423 2830 convenit
453 2785 551 2848 quem
578 2761 713 2829 XXIV.
739 2759 813 2826 348.
841 2759 899 2826 ubi
930 2767 1067 2847 πρῶτον
1097 2757 1264 2852 ὑπηνήτης
1288 2759 1351 2824 iden
1380 2748 1381 2755 '

193 2875 200 2882 '
272 2864 435 2951 significet
458 2863 549 2950 quod
572 2857 776 2950 αἰρτιγένειος
803 2861 872 2928 sivo
898 2861 1120 2950 πρωτόχνους.
1154 2865 1211 2928 'Et
1230 2862 1273 2928 sio
1291 2861 1350 2946 lspis

270 2965 325 3032 ille
346 2962 589 3052 πρυμνοπαχής
613 2963 678 3032 diei
706 2972 837 3052 poteret
863 2974 900 3028 ut
926 2965 1153 3053 μισοπλατής.
1197 2963 1351 3030 Porsthosis

270 3089 347 3133 vero
376 3065 495 3154 triplex
524 3065 599 3132 iniri
627 3075 756 3154 poteret
782 3066 881 3144 ratio,
904 3088 979 3130 une
1006 3065 1063 3130 illa
1092 3089 1193 3151 quem
1219 3069 1351 3132 Homerus

271 3167 439 3256 proecepit
459 3165 607 3292 πρυμνὸς
625 3166 736 3249 παχύς
753 3178 786 3234 et
801 3167 972 3254 amplexus
990 3177 1040 3234 est
1054 3168 1291 3254 ApolloniusI.
1301 3166 1351 3232 121.

271 3265 398 3347 etate&
424 3265 532 3355 μέσση
561 3264 768 3356 ἐρευθήεσσα
797 3269 910 3334 idest
936 3270 1168 3386 μεσοέρυθρος
1201 3272 1254 3355 (ut
1275 3265 1351 3352 μεσό-

270 3369 400 3455 λευκος)
419 3391 526 3479 neque
543 3381 703 3459 respuunt
723 3349 900 3459 scriptores
920 3371 1064 3437 numeris
1085 3371 1186 3436 soluti
1203 3365 1351 3445 νοΙσιόός-

270 3493 380 3559 κωφοι
399 3455 527 3556 χρόνιοι
547 3473 663 3540 Dioso.
685 3473 769 3539 Met.
791 3475 833 3543 V.
858 3473 910 3540 88.
933 3474 1025 3559 quod
1044 3474 1157 3540 Latini
1178 3497 1245 3540 non
1265 3471 1351 3538 eodem

268 3571 424 3666 brevitate
443 3573 581 3640 reddere
601 3586 757 3662 possunt,
779 3576 879 3642 ultore
898 3595 959 3663 per
979 3574 1171 3642 adverbium
1193 3569 1352 3662 πρυμνόθεν

268 3697 378 3754 παχυς
410 3660 446 3740 ut
478 3672 632 3744 κάτωθεν
659 3675 784 3756 λεπτός
814 3678 930 3744 Diose.
952 3679 981 3743 1.
1007 3677 1059 3744 28.
1092 3677 1190 3744 tertio
1218 3699 1255 3742 eo
1279 3693 1350 3759 quum

267 3775 466 3863 Apollonius
488 3777 509 3843 l.
532 3799 560 3844 ο.
585 3779 735 3864 adjunxit
754 3779 879 3866 primae
901 3778 1061 3864 adjectivo
1083 3780 1215 3866 generis
1235 3776 1350 3844 neutrius

268 3899 347 3942 usus
371 3872 458 3964 όκρα
485 3881 661 3968 πορφυρέη
693 3891 730 3945 ut
759 3882 905 3963 κάλαμοι
934 3875 1023 3966 ἄκρα
1047 3879 1250 3966 μεσσότομοι
1273 3875 1349 3946 Antlt

267 3978 328 4046 VI.
348 3978 400 4051 63·
425 3973 542 4062 όῖνεμοι
565 3982 739 4051 κελαδεινὰ
761 3984 912 4072 όυςηχέις
934 3981 1049 4067 Quint.
1064 3983 1163 4052 XIV.
1185 3984 1258 4052 482.
1276 3983 1351 4065 idque

338 4216 383 4282 12)
403 4215 451 4271 sto
468 4216 603 4289 eprIonri
622 4218 727 4290 poterit
743 4219 776 4273 II
788 4217 867 4275 XIV.
886 4221 944 4276 ¹8³.
967 4200 1074 4294 ἕρματα
1092 4226 1226 4295 τρίγληνα
1240 4216 1351 4294 μορόεντα

268 4298 323 4354 hoo
340 4299 502 4376 υτ1γ1ἠνας
520 4310 657 4379 τριμερεῖς
673 4305 781 4376 ἔχοντα,
800 4322 856 4362 uno
872 4308 962 4364 verbo
980 4307 1139 4365 trilaoeae.
1212 4367 1231 4378 ,
