2825 4809
292 339 367 420 576
655 328 970 409 Dlssurrnrto
1000 341 1044 412 V.

168 523 178 536 ”
289 524 417 594 Herod.
444 522 505 590 lx.
542 523 595 590 39.
627 517 767 595 Ἑκατὸν
792 530 888 616 νῆσοι
910 527 952 594 1.-
966 525 1039 593 151.
1072 527 1240 615 pariterque
1265 529 1344 598 Latini

291 630 412 713 septem
434 645 545 710 aquae,
569 627 691 711 Septem
712 633 827 696 muria.
860 629 946 696 Cum
963 629 1081 716 topicis
1098 629 1182 705 hisee
1196 631 1345 699 demerendi

290 741 366 797 sunt
394 727 591 814 dignitatum
623 729 756 794 nomina
784 752 857 796 eum
884 731 1080 797 ordinalium
1116 731 1211 817 primo
1234 735 1345 820 eopulrts

289 834 473 915 iroraproti,
497 830 588 914 quod
609 829 785 916 syntheton
808 854 881 900 esse
903 832 1061 921 probetur
1073 834 1238 900 mutatione
1250 835 1345 913 merlis,
1364 902 1366 907 .

290 943 323 1000 et
345 927 555 1018 όεκόπραιτοι
576 934 785 1017 dettmprimi.

376 1038 401 1120 ξ.
423 1033 454 1098 5.
498 1033 562 1099 His
590 1035 785 1101 enumeratis
817 1059 925 1123 paura
952 1047 1075 1102 restant
1103 1059 1189 1122 quae
1209 1036 1274 1122 quie
1293 1037 1346 1101 nulli

288 1147 377 1204 certo
400 1136 513 1223 generi
535 1136 688 1224 subjungi
709 1149 850 1226 possunt
869 1140 917 1204 in‘
929 1161 1027 1213 eursu
1045 1138 1198 1204 sermonis
1212 1160 1268 1204 nen
1283 1138 1346 1223 attigi
1380 1178 1381 1215 1

289 1240 348 1305 sed
382 1238 445 1304 hoe
475 1238 548 1305 lero
583 1239 783 1328 compluetur
812 1239 913 1306 brevi.
966 1241 1113 1307 Primum
1140 1240 1201 1306 duo
1227 1239 1345 1317 adverbir
1380 1242 1381 1249 ’

287 1363 372 1429 quae
390 1350 579 1408 constanter
589 1339 724 1429 hyphen
739 1330 933 1430 scribuntur,
960 1338 1163 1431 αὐτόχρημα,
1187 1343 1265 1427 eujus
1276 1342 1344 1427 signi·

286 1443 394 1512 ficatio
414 1443 589 1530 perspicua
605 1453 664 1522 est,
687 1453 721 1508 et
741 1440 950 1512 παντάπασι.
992 1447 1070 1512 Ηοο
1092 1443 1269 1536 Bernhardy
1278 1444 1344 1528 tyn
1380 1508 1382 1515 ,

287 1547 339 1614 83.
365 1567 407 1611 ex
430 1545 564 1610 diversis
581 1544 757 1632 generibus
779 1547 954 1613 conflatum
976 1556 1080 1634 putat,
1101 1556 1216 1612 neutro
1230 1540 1310 1612 πάντα
1324 1553 1344 1606 et

286 1646 466 1714 masculino
488 1651 591 1728 πᾶσι,
614 1647 706 1732 quod
729 1647 891 1714 interdum
915 1647 1032 1716 dieitur
1051 1671 1113 1736 pro
1143 1645 1232 1734 παρὰ
1245 1649 1305 1710 πᾶσι
1319 1643 1344 1706 id

287 1759 337 1816 est
367 1753 508 1816 omnium
534 1749 658 1832 judicio
687 1772 718 1815 v.
746 1751 927 1817 Hermann.
953 1751 998 1836 sd
1027 1751 1116 1817 Oed.
1148 1748 1188 1816 C.
1216 1745 1284 1812 1446.
1303 1743 1344 1808 sed

284 1852 379 1920 idem
408 1873 469 1938 pro
506 1861 622 1916 neutro
658 1860 708 1916 est
735 1861 772 1916 ut
801 1851 940 1920 Aristid
978 1853 1038 1919 Or.
1069 1851 1184 1919 XLV.
1216 1848 1274 1914 101.
1295 1845 1347 1929 tut

231 1937 234 1948 ¹
284 1953 403 2039 Dind.)
433 1957 522 2018 πᾶσι
556 1948 690 2020 πάντων
721 1946 947 2020 ἀπελείποντο
978 1952 1101 2020 ethos
1132 1951 1281 2018 intelleem
1300 1967 1349 2011 em

286 2051 397 2124 πάντα
420 2056 570 2142 junctum
597 2053 727 2120 videtur
752 2052 790 2119 ἐν
819 2049 1039 2143 παραλλήλου
1063 2063 1101 2120 ut
1129 2049 1234 2140 πάντη
1258 2044 1351 2123 πόνοις
1380 2106 1381 2111 1

284 2178 345 2244 pro
375 2158 549 2234 παντελῶς
576 2179 605 2221 v·
632 2155 755 2222 Perall.
776 2154 829 2221 57.
857 2166 890 2222 et
916 2155 990 2222 540.
1024 2157 1084 2223 sed
1112 2178 1174 2246 per
1201 2149 1351 2243 pantheum

283 2281 326 2324 ne
348 2243 586 2324 eon‘iundetur
587 2279 661 2324 eum
681 2256 864 2326 masculino
892 2262 988 2326 ποιεῖ
1015 2253 1128 2325 πάντα
1157 2261 1242 2324 πᾶσι
1264 2246 1352 2340 προςή-

283 2382 366 2446 γορα
392 2358 451 2426 καὶ
479 2354 667 2448 ἁρμόζοντα
695 2358 870 2429 Jemblieh.
898 2360 941 2426 de
970 2360 1073 2446 Myst.
1099 2361 1129 2426 Ι.
1162 2359 1193 2426 5.
1222 2379 1253 2446 p.
1270 2356 1300 2434 9,
1319 2351 1353 2420 39

282 2459 398 2526 Altero
419 2459 493 2526 lero
514 2459 683 2526 ssoedunt.
696 2461 909 2548 pronomins3
931 2461 1072 2549 primum
1084 2461 1277 2536 refiexivum,
1294 2452 1355 2541 quod

283 2562 373 2650 apud
395 2563 577 2628 Homerum
598 2563 690 2628 aliter
717 2574 815 2650 atque
838 2564 929 2686 apud
961 2574 1088 2630 eeteros
1114 2562 1214 2630 scribi
1229 2556 1355 2628 Herodis

281 2687 344 2732 nus
367 2665 465 2731 docet
489 2665 531 2730 ed
554 2665 593 2730 Il.
610 2665 639 2730 1.
657 2663 770 2731 271.2
754 2659 808 2749 ἔμ’
832 2660 933 2732 αὐτόν
952 2665 1040 2732 κατὰ
1062 2660 1288 2752 παρόθεσιν’
1274 2687 1303 2728 ιν
1319 2654 1356 2724 tto

267 2761 391 2844 τόνοις
412 2760 532 2850 ἔμελ’
492 2761 609 2833 αυτόν·
633 2761 796 2844 σύνθετος
813 2790 878 2864 γαρ
900 2761 1090 2850 ἀντωνυμία
1110 2764 1207 2852 παρὰ
1226 2767 1269 2852 τῷ
1286 2785 1358 2848 ποια

279 2867 321 2956 τῇ
351 2860 411 2934 οὐκ
443 2863 531 2934 ἔστιν
560 2877 594 2934 et
623 2867 665 2932 sd
694 2867 759 2934 IX.
781 2852 855 2934 342
874 2863 1023 2956 ’Όμηρος
1050 2863 1218 2935 οὐδέποτε
1244 2863 1357 2944 οινόέτῳ

216 3014 220 3028 .
280 2969 401 3053 χρῆται
424 2960 628 3058 ἀντωνυμίᾳ·
659 2967 715 3036 διὸ
742 2967 829 3036 κατὰ
861 2961 1064 3035 διάλυσιν
1042 2963 1301 3055 αναγινιόσκομιι
1321 2951 1356 3045 ἕμ

281 3060 392 3146 αὐτόν,
417 3061 495 3134 Γ
455 3063 564 3136 αυτόν.
607 3070 740 3136 Etenim
758 3079 895 3157 poetae,
923 3069 980 3155 qni
1005 3069 1042 3136 in
1062 3069 1218 3143 seeundo
1245 3076 1275 3134 et
1292 3061 1357 3129 tertio

281 3188 360 3232 essu
383 3190 511 3256 semper
531 3181 675 3245 uteretur
697 3171 866 3257 disjunctis
894 3171 931 3240 ἕο
955 3165 1074 3250 αὐτοῦ,
1102 3170 1182 3256 ἐμοὶ
1210 3195 1304 3256 αυτῳ,
1326 3159 1360 3230 ἑοῖ

224 3319 228 3323 -
281 3263 386 3355 αὐτῷ,
404 3293 477 3356 ¹non
499 3275 671 3340 convenire
692 3275 819 3361 putavit
845 3283 883 3338 ut
907 3267 1053 3357 ἐμαυτόν
1076 3272 1204 3339 diceret
1225 3271 1358 3354 conjuncte

281 3371 471 3456 praesertim
496 3373 553 3439 ubi
575 3385 648 3451 ¹'non
674 3375 865 3442 reflexivum
887 3384 937 3441 est
960 3374 1021 3440 sed
1047 3373 1088 3440 ab
1118 3372 1187 3459 dyo)
1216 3367 1306 3448 αόιός
1321 3368 1359 3432 de

177 3482 180 3486 ’
280 3471 433 3538 elinatum
457 3475 497 3541 ef.
518 3477 635 3544 Lehrs.
659 3477 797 3561 Quaest.
775 3477 872 3544 159
895 3475 1029 3544 Deinde
1054 3498 1239 3564 pronomen
1258 3473 1357 3538 demon·

279 3574 446 3640 strativum
468 3570 606 3643 ddsiv
580 3601 648 3646 srve
670 3575 795 3660 ὁδεῖνα,
819 3581 870 3666 cuj
873 3601 912 3644 us
937 3577 1060 3666 duplex
1080 3579 1232 3645 redditur
1249 3575 1319 3642 ratio
1337 3571 1381 3651 111

184 3735 190 3752 ,
279 3674 360 3796 ΕΜ.
387 3676 466 3756 614,
490 3674 597 3744 45.
572 3705 618 3759 αις
644 3679 682 3747 τό
705 3680 780 3748 Νέα
808 3605 911 3760 πόλις
941 3676 1046 3749 δόθ’
1028 3676 1182 3763 ονόματα
1207 3673 1286 3747 καθ’
1310 3664 1381 3748 tus

278 3771 514 3858 ὑποκειμένου,
539 3777 625 3848 οὕτω
648 3781 705 3848 καὶ
729 3782 767 3849 τό
792 3809 812 3850 ο
799 3777 944 3850 ‘deira‘
967 3777 1000 3848 oi
1022 3779 1060 3848 de
1081 3777 1275 3867 λόγουσιν“
1255 3806 1301 3848 οτι
1316 3764 1381 3860 μία

277 3877 407 3957 Ᾱὲξίς’
390 3879 461 3947 εστὶ
482 3880 578 3969 παρὰ
601 3883 640 3949 τὸ
667 3878 728 3950 dds
749 3878 865 3950 ὁόέϊνα
888 3908 947 3948 και
937 3877 1082 3950 όόεῖνοι
1103 3883 1170 3949 hoc
1191 3893 1244 3950 est
1264 3903 1301 3947 ex
1319 3873 1357 3944 όόε

169 4068 172 4076 1
276 3979 398 4046 {neuun
425 4002 498 4046 esse
531 3977 606 4049 ὁδεΐ
633 3993 671 4048 ut
703 3977 818 4051 οόιοσί
849 3993 918 4050 tum
949 3979 1126 4069 dds'i'vast)
1162 3997 1197 4051 et
1228 3975 1358 4071 synderefli

346 4151 390 4219 1³)
403 4151 467 4206 Hoc
479 4150 559 4224 quasi
571 4159 702 4208 testatum
714 4153 796 4208 affert
805 4150 1021 4212 Choerobosens
1032 4116 1169 4228 Orthegr.
1184 4154 1245 4222 rte,
1256 4153 1278 4209 7.
1290 4148 1359 4207 tutu

276 4231 438 4306 δίφθογγον
449 4235 516 4292 κατὰ
535 4236 700 4312 παράδοσιν,
716 4244 763 4294 ναὶ
775 4236 864 4304 ἄλλως
880 4242 911 4297 ἐκ
929 4243 977 4300 τοῦ
992 4241 1061 4298 κατὰ
1079 4236 1228 4300 διάστασιν
1244 4239 1358 4314 εὑρεθῆναι
1380 4254 1381 4317 ι

275 4317 361 4374 Wra-
