2825 4809
228 355 303 431 426
577 346 900 417 DISSEBTATIO
926 346 994 413 1112

132 567 134 577 ·
228 545 288 603 eto.
312 528 509 622 praebeant,
538 552 623 618 quae
649 530 721 599 sols
745 531 865 621 probel
888 529 1072 599 Bredovius
1094 529 1139 598 do
1158 530 1252 599 Dias
1274 533 1342 599 He·

225 636 297 704 rod.
325 633 390 702 385
418 654 468 719 sq.
518 632 662 701 Indubia
693 654 771 701 voro
799 642 877 699 sunt
900 631 1068 699 homerico
1096 630 1289 720 χρεώμενος
1314 645 1342 699 et
1386 651 1387 684 ι

224 735 407 824 μεμνέῳτο,
430 735 523 820 eujus
545 754 645 801 causa
666 734 790 822 duplex
809 733 972 801 rsdoitm
1001 730 1024 820 ἢ
1046 730 1084 801 ἐκ
1103 737 1165 799 τοῦ
1185 731 1341 816 μεμνέοι-

225 860 266 905 το
290 832 417 921 γίνεται
434 830 515 932 [στ’
540 832 676 903 ἔκτασιν
694 842 756 905 τοῦ
771 822 839 923 cii
861 830 932 903 ono
952 838 1014 903 τοῦ
1034 836 1189 920 μεμνῷτο
1211 831 1343 901 ἐπεντε-

226 935 348 1017 sonos
367 938 427 1005 τσῦ
448 962 465 1004 s
485 937 579 1003 usse
604 936 701 1015 1305,
722 937 777 1003 46.
805 936 895 1003 Illud
910 936 968 1023 qui
985 934 1126 1021 amplexi
1146 944 1238 1011 sunt,
1260 932 1343 999 huno
1387 1003 1388 1006 ,

225 1037 406 1124 optativum
427 1037 609 1124 praesentis
630 1037 817 1122 μεμνέομοι
834 1060 908 1105 esse
925 1045 1135 1125 putaverunt,
1159 1056 1230 1121 qno
1248 1034 1344 1101 etiam

223 1138 420 1225 Sylburgius
444 1139 489 1205 ad
507 1136 660 1205 Clenerd.
684 1138 759 1204 548.
781 1138 883 1205 utimr
903 1138 964 1205 sed
984 1146 1067 1203 teste
1086 1135 1179 1201 nullo
1199 1135 1343 1221 adjutus.

223 1239 352 1307 Idcirco
381 1239 596 1326 pleonasmus
623 1239 819 1326 preelectum
849 1240 906 1327 qni
934 1262 1036 1326 quum
1056 1236 1275 1323 scripton‘bus
1297 1248 1343 1301 st-

223 1340 297 1407 ticis
323 1362 440 1428 parum
462 1340 648 1420 conveniet,
678 1342 826 1427 sequitur
845 1343 998 1427 μεμνῷτο
1019 1361 1087 1404 nou
1110 1360 1152 1405 ex
1171 1339 1343 1426 μεμνέῳτο

224 1450 426 1508 contractum
449 1442 508 1507 sed
530 1442 675 1529 optativo
694 1442 876 1529 praesentis
895 1443 1005 1528 μνῷτο
1023 1439 1241 1506 assimilatum
1261 1460 1345 1515 esse,

224 1551 323 1625 etque
353 1540 449 1626 hujus
480 1542 615 1629 oplativi
641 1547 795 1631 μεμνιῖντσ
822 1543 1015 1629 scripturam
1038 1539 1183 1626 priscam
1202 1548 1239 1605 et
1258 1540 1344 1603 unti-

177 1718 179 1727 ⁴
223 1663 322 1728 quom
341 1647 501 1726 μεμνοῖτο
525 1643 721 1730 suspicabor
740 1644 825 1710 forle
846 1664 991 1727 msuque
1012 1641 1210 1708 remansisse
1224 1640 1259 1705 in
1272 1639 1343 1707 Co·

223 1743 299 1809 mici
319 1743 394 1809 loco
417 1742 543 1809 Techn.
567 1744 641 1811 127.
667 1745 756 1811 Nam
777 1767 798 1808 a
818 1744 987 1832 μέμνημαι
1009 1766 1077 1810 non
1093 1744 1340 1809 utButnmno

220 1844 327 1911 visum
348 1843 494 1911 Gramm.
515 1844 544 1909 Ι.
565 1844 640 1913 429.
661 1870 768 1934 μεμνη
780 1880 815 1893 -
828 1841 928 1929 σι’μην
954 1843 1120 1932 proficisci
1147 1842 1256 1929 potuit
1282 1842 1345 1907 sed

221 1969 381 2031 usurp-
394 1941 474 2032 ίμην
512 1945 580 2011 sive
612 1941 798 2033 μεμνῄμην,
837 1943 928 2029 quod
958 1944 994 2011 iu
1024 1945 1065 2011 Π.
1097 1944 1235 2012 XXIV.
1270 1943 1345 2008 743.

222 2044 380 2131 scriptum
402 2055 461 2122 est,
487 2054 520 2111 et
541 2050 706 2136 μεμνῇτο,
734 2045 825 2130 quod
845 2042 1021 2130 Elmslejus
1043 2045 1087 2109 nd
1107 2044 1242 2111 Heracl.
1269 2044 1345 2109 283.

219 2144 440 2232 Xenophonti
475 2146 660 2212 restitutum
690 2146 804 2211 voluit.
862 2144 949 2212 Cum
976 2147 1140 2232 κέκλημαι
1173 2141 1347 2234 κεκλῄμνμ

221 2244 433 2313 Theodosius
460 2245 495 2311 in
525 2246 606 2313 Can.
630 2247 724 2324 1033,
748 2246 799 2311 18.
822 2245 991 2332 componit
1018 2245 1163 2331 δέόημσι
1183 2243 1345 2333 δεόῄμην,

221 2368 319 2431 quem
343 2346 523 2433 optativum
542 2348 637 2415 affert
656 2346 845 2432 Hesychius
866 2348 1024 2434 Δεδῇσθε
1047 2346 1218 2428 δεδεμένοι
1241 2340 1345 2433 εἴητε.
1392 2397 1393 2431 ,

219 2447 278 2513 Ad
302 2469 461 2533 praeseus
489 2446 640 2534 μνάομαι
661 2446 876 2515 redeuntibus
895 2446 988 2514 licuit
1006 2445 1196 2532 μεμνοίμρν
1217 2446 1348 2532 fingere
1392 2432 1393 2507 l

219 2557 256 2613 ut
272 2545 410 2637 φατ’μιμ,
430 2549 521 2634 quod
541 2572 642 2637 quum
653 2549 894 2617 Grammaticus
912 2543 1140 2635 deposuissem
1156 2568 1234 2613 esee
1253 2548 1346 2625 dicit,

219 2647 283 2717 hoo
311 2649 454 2717 voluisse
490 2651 619 2718 videtur
645 2651 827 2717 Pindarum
858 2645 1046 2736 μεμνοίμην
1077 2648 1258 2734 scripsisse
1284 2671 1346 2737 pro

217 2749 391 2837 μεμνῄμην
417 2749 502 2817 sicut
527 2751 651 2819 Aeoles
680 2751 833 2820 θναίσκω
860 2772 1038 2836 usurpasse
1069 2750 1249 2818 traduntur
1285 2772 1347 2838 pro

217 2844 356 2938 θνῄσκω
369 2850 433 2935 Η).
472 2850 601 2920 Verum
621 2852 684 2919 hoc
705 2852 842 2919 missum
863 2851 978 2919 facio„
1002 2850 1106 2933 Quod
1125 2850 1350 2920 Aristnohus

217 2949 252 3015 in
273 2949 314 3016 Π.
324 2948 423 3020 XIV.
436 2952 510 3019 235.
533 2953 665 3040 scripsit
688 2952 767 3021 ἰδέω
788 2978 826 3019 κε
845 2947 945 3037 χάριν
965 2961 1000 3017 et
1019 2943 1112 3038 ὄφρα
1135 2948 1219 3020 ἰδέω
1241 2949 1350 3021 ὅσσοι

216 3049 273 3120 aci
293 3051 414 3130 οἵτινες
435 3049 550 3139 ἀνέρες
572 3050 639 3123 εἶσί
661 3054 730 3120 Od
752 3053 850 3121 XVI.
873 3051 947 3119 236.
970 3051 1166 3137 significatio
1195 3055 1353 3121 ostendit

217 3153 457 3237 conjunctivum
487 3176 559 3223 osse
588 3154 725 3242 perfecti
754 3150 834 3221 elisi
857 3153 901 3219 ad
922 3151 1164 3239 simplicitatem
1185 3152 1350 3220 themtis

215 3246 279 3319 ἰ’δω
301 3252 468 3323 reductum
488 3257 529 3324 of.
552 3256 731 3323 Hodnann.
755 3253 895 3337 Quest.
917 3254 1018 3320 Horu
1038 3254 1088 3321 II.
1114 3255 1177 3322 108
1200 3278 1256 3341 sq.
1308 3259 1351 3323 In

216 3351 395 3439 pluralibus
428 3355 590 3436 κτέωμεν,
626 3359 788 3441 στέωμεν,
827 3356 1003 3443 φθέωμεν,
1036 3358 1180 3446 φθέωσι
1209 3369 1350 3425 constat

217 3453 345 3540 epsilcn
377 3456 486 3523 locum
518 3457 666 3524 obtinere
702 3455 858 3543 primitivi
889 3456 999 3543 alpha.
1058 3456 1128 3524 Sed
1160 3460 1351 3539 θανέωμεν

217 3553 331 3637 Quinc
361 3556 409 3623 X.
433 3558 486 3624 42.
516 3568 586 3625 tum
617 3557 660 3625 ob
689 3556 770 3623 alias
797 3578 914 3623 causes
942 3558 977 3623 in
999 3559 1227 3645 suspicionem
1255 3562 1349 3627 venit

213 3679 244 3721 v.
274 3656 438 3744 Spitnner.
472 3658 611 3727 Observ.
643 3659 719 3725 233.
748 3668 819 3723 tum
849 3658 927 3743 quia
964 3670 1129 3746 repugnat
1163 3659 1347 3727 homericis

213 3754 387 3843 θάνωμεν,
418 3755 587 3849 φύγωμεν,
617 3781 719 3845 quare
744 3769 902 3827 musetum
937 3771 997 3827 est„
1048 3758 1220 3845 Γεμέωσι,
1251 3763 1349 3848 qnod

213 3860 423 3927 Herodianus
443 3859 625 3947 pleonasmi
644 3882 747 3929 oeuea
766 3862 910 3929 enotavit
932 3863 976 3946 (v.
999 3862 1175 3930 edBntun.
1200 3886 1236 3950 p.
1248 3866 1347 3949 338.)

284 4112 330 4181 17)
345 4113 457 4167 Nullum
475 4110 671 4169 auctoritatem
689 4113 773 4167 affert
789 4114 910 4169 coninua
925 4114 1071 4169 adnotatio
1089 4114 1119 4168 in
1132 4113 1226 4199 Cgsm.
1238 4114 1275 4168 Τ.
1290 4114 1347 4169 Ν.

212 4196 272 4250 2⁰5.
294 4199 321 4249 ol
338 4200 449 4259 Αἰολεῖς
472 4198 504 4252 τὰ
526 4194 637 4253 εὐκτικὰ
661 4200 711 4251 τεῦ
730 4194 842 4271 πρόσσω
861 4198 993 4271 ἀορίστου
1011 4200 1059 4255 διὰ
1077 4203 1124 4269 τῆς
1141 4219 1167 4257 ει
1186 4202 1350 4277 ἐκφέρουσι

212 4276 321 4349 τύψειν,
340 4288 427 4337 τίσειν
438 4312 474 4323 -
484 4310 521 4325 --
531 4286 709 4355 πεττοιείμην,
728 4291 900 4356 μεμνείμκν,
919 4291 1057 4359 τιθείμην.
