2825 4809
112 358 172 424 DE
195 353 416 425 SYNOOPu
435 350 581 423 {rums
602 350 826 423 voosms.
860 352 900 423 C.
912 356 959 423 11.
975 359 1001 442 1.
1013 355 1044 421 5.
1072 358 1150 435 253

55 546 121 613 risse
143 542 272 609 videtur
292 540 423 630 punctis
447 538 647 627 disjunctivis
671 540 862 608 destitutum
877 542 953 629 ¹⁸),
981 546 1149 629 postremo

54 648 163 715 verbum
189 642 284 732 παρὰ
313 644 351 711 τὸ
381 640 474 711 ἐτεόν
499 643 538 709 τὰ
562 637 691 730 ἀληθές
716 640 843 729 γίνεται
871 641 997 726 ἐτεοὶζω
1021 641 1065 725 ὡς
1085 644 1152 731 μά-

53 774 124 817 ταιον
150 740 333 829 ματαιάζω
365 744 422 811 καὶ
451 738 610 835 ἀποβολῇ
642 749 703 813 τοῦ
728 732 881 829 bitoito
916 745 985 812 καὶ·
1006 744 1151 831 ἐξετάζω

50 850 110 919 ΕΜ.
134 848 212 927 386,
241 846 272 913 6.
306 846 366 911 sed
390 843 593 933 probabilius
619 870 652 934 p.
679 845 758 924 386,
787 846 840 913 63.
863 845 958 926 drevic
978 848 1089 936 ipsum
1108 848 1150 916 ab

49 952 181 1019 ulteriore
201 947 346 1036 quodam
368 945 511 1035 utcu)
532 948 681 1027 arcessit,
702 948 769 1015 hoc
786 957 895 1015 autem
911 972 932 1014 a
951 950 1052 1019 verbo
1070 950 1149 1016 snb-

49 1054 165 1121 stmtivo
196 1048 240 1119 ἔω
263 1060 301 1115 nt
323 1046 419 1128 δοιός
437 1072 457 1114 a
478 1051 543 1120 δέω
563 1060 597 1116 et
616 1049 693 1117 hinc
715 1048 854 1133 έτᾰζεινι
890 1052 946 1119 De
962 1052 1148 1119 indeclina-

47 1156 144 1221 bilibus
181 1154 248 1221 huo
278 1164 444 1251 reponunt
476 1148 629 1238 ἄγκαθεν
663 1151 751 1220 κατὰ
782 1154 954 1242 οιιγνοπὴν
986 1149 1058 1223 ἀντὶ
1090 1158 1150 1224 toi

47 1256 197 1347 ἀνέκαθεν
223 1241 335 1325 Schol.
365 1254 488 1321 Aesch.
516 1255 628 1320 Prom.
659 1255 690 1320 3.
725 1254 817 1339 qnod
848 1255 969 1320 alins
959 1280 993 1320 ιιι
1019 1256 1149 1324 Anecd
1206 1314 1219 1331 „

47 1358 126 1425 tekk.
148 1338 229 1425 337.
250 1380 422 1447 apocopae
443 1357 576 1423 nomine
594 1356 702 1442 signat
720 1378 779 1422 seu
796 1356 976 1445 improprie
993 1359 1149 1444 loquutus

49 1484 89 1526 seu
113 1460 154 1525 de
189 1462 350 1527 sententia
378 1482 489 1527 eorum
518 1458 575 1545 qui
602 1454 722 1536 ἇνεκάς
751 1480 793 1523 ex
814 1450 881 1525 οἱνω
901 1470 934 1525 et
954 1455 1034 1539 ἓνοὶς
1057 1482 1147 1526 οσιιι-
1204 1461 1208 1467 ’

48 1562 171 1651 positum
193 1562 384 1649 voluntv).
429 1560 594 1650 Simplex
600 1570 686 1627 certe
714 1570 765 1625 est
789 1556 970 1647 ἀνδρακάς,
1000 1563 1123 1649 quod
1113 1568 1149 1628 ιιί

47 1665 105 1731 ΕΜ.
130 1666 215 1743 102,
246 1666 298 1730 20.
328 1665 445 1731 eadem
466 1684 613 1751 syncope
635 1660 789 1727 affectum
811 1660 930 1728 dicitur
951 1664 988 1730 ἐκ
1011 1667 1072 1731 τοῦ
1092 1658 1150 1732 ἇν-

49 1762 178 1851 opoente.
226 1764 329 1849 Quod
347 1766 537 1833 Passowius
562 1764 625 1830 sibi
646 1764 812 1852 persuasit
827 1759 995 1850 Ἀργόθεν
1016 1787 1057 1830 ex
1073 1759 1150 1851 ’Ap-

48 1865 143 1952 ηιόθιν
172 1878 290 1933 natum
316 1869 416 1955 idque
447 1866 608 1955 Sophocli
635 1864 873 1931 restituendum
899 1886 972 1931 esse
991 1864 1150 1931 refellitm

49 1970 179 2056 analogia
202 1970 431 2037 adverbiorum
453 1994 537 2057 quae
559 1992 579 2035 a
599 1968 786 2035 nominibus
804 1958 896 2046 ini}
911 1968 1058 2034 derivato
1073 1978 1150 2033 sunt

49 2068 201 2154 ἐρεβόθεν,
236 2071 423 2160 pipard-iso,
455 2070 615 2162 μηνόέλεν.
663 2070 815 2136 Nominis
847 2068 1021 2136 cardinalis
1054 2068 1149 2137 ἐννέα

53 2172 152 2239 vocalis
172 2174 320 2239 secunda
341 2174 463 2247 omissa
484 2182 534 2239 est
553 2172 589 2238 in
614 2171 766 2237 derivatis
788 2168 918 2249 ἐννάκις
939 2171 1008 2237 sive
1029 2170 1148 2251 ένολκιζ,

51 2273 93 2337 cni
107 2275 178 2358 jure
207 2276 420 2364 postponitur
452 2271 592 2354 ἕνοάνις,
624 2284 657 2341 et
679 2269 869 2341 ἕνανόσιοι·
896 2282 1050 2359 suspectu
1070 2294 1149 2337 vero

47 2386 106 2438 sunt
126 2376 221 2456 ἒννάς
243 2377 333 2465 opud
352 2376 492 2465 Niceph.
514 2374 616 2463 Greg.
639 2376 728 2441 Hist.
748 2376 792 2443 V.
810 2374 842 2453 5,
865 2374 917 2439 87.
949 2374 989 2440 Β.
1014 2383 1048 2440 et
1066 2371 1148 2439 alios

44 2479 232 2562 aequalium,
266 2477 524 2557 ἕνναπλάοιος
515 2501 549 2543 ιιι
575 2478 675 2545 codd.
694 2476 817 2543 Athen.
841 2475 887 2541 Π.
909 2476 961 2543 39
983 2478 1024 2542 Β.
1047 2475 1148 2543 Com-

43 2580 127 2664 positi
163 2580 313 2647 meminit
346 2580 541 2647 Eustathius
574 2580 654 2658 764,
691 2580 744 2645 37.
780 2575 945 2662 εἰνάνυχες
980 2579 1151 2665 arrystonis

42 2678 157 2749 tosto
187 2678 243 2749 ἐκ
248 2686 308 2750 τοῦ
337 2680 430 2749 ἐννέα
455 2682 513 2749 καὶ
538 2680 667 2771 τροπὴν
688 2685 748 2747 τοῦ
770 2706 788 2745 ν
810 2676 859 2757 εἷς
880 2678 917 2747 τὸ
942 2705 966 2746 ι.
1000 2679 1150 2766 Simplex

96 2930 141 2996 25)
159 2928 295 3000 Orthogr.
314 2930 374 2983 268.
395 2928 529 2985 οὐδέποτε
547 2924 579 2983 vd
600 2945 633 2982 σν
655 2926 686 2989 έν
704 2920 871 2997 collides*
857 2945 923 2984 οντα
943 2927 1038 2998 ἔχουσι
1058 2923 1106 2995 ιην
1124 2946 1148 2981 ει

40 3014 191 3087 δίφθογγον
205 3019 423 3087 προηγουμένην
434 3017 523 3085 χωρὶς
535 3035 602 3087 μιιις
614 3016 712 3077 λέξεως
725 3015 773 3066 καὶ
791 3008 888 3081 ταύτης
902 3010 1150 3083 ἀμφιβαλλομένης

36 3096 222 3171 Ηρακλιισκος
236 3098 442 3176 Ηρανλεΐσκος.
472 3098 591 3154 Brevius
609 3098 675 3154 EM.
695 3098 761 3163 318,
783 3098 825 3151 11.
850 3093 1022 3151 οὐδέποτε
1009 3117 1070 3164 ηει
1092 3094 1147 3169 πρὸ

41 3188 78 3238 roi
93 3184 333 3261 σκεῦρλσνειαιν.
346 3186 423 3241 Diss.
437 3186 460 3240 Ι.
474 3202 499 3241 ο.
513 3185 552 3240 ΙΙ.
566 3185 590 3251 3.
604 3186 629 3239 3.
646 3184 712 3239 adn.
726 3186 768 3237 14.
782 3181 917 3237 Orionin
928 3182 1045 3238 Anthol.
1060 3202 1090 3256 p.
1103 3184 1147 3238 47.

36 3272 138 3338 profert
153 3290 263 3328 vorsum
275 3271 425 3344 Sophoclis
444 3273 475 3327 ἐν
492 3273 540 3327 τοῦ
554 3269 755 3341 Ἠηανλελσνον
771 3286 824 3341 pro
843 3285 902 3341 qno
916 3267 1148 3326 Schneidewinus

38 3352 159 3427 conjece
181 3378 209 3430 p.
228 3362 270 3413 86.
290 3358 379 3413 tacito
398 3356 544 3413 substituit
559 3354 753 3430 Ἠρσνλλσκοα
790 3353 839 3410 Sic
858 3358 1059 3426 Κλεογενλσιιος
1080 3355 1148 3411 scri·

36 3439 106 3495 bitur
119 3443 255 3515 Hippocr.
269 3445 402 3516 Epidau.
410 3442 474 3499 Vll.
486 3444 546 3497 671.
559 3442 593 3497 Τ.
603 3443 656 3498 ΙΠ.
671 3442 780 3513 (omiss.
790 3440 820 3495 in
828 3440 928 3509 Tres)
940 3449 970 3495 st
979 3446 1147 3512 βασιλίσκος,

36 3522 205 3603 imploro:
223 3530 327 3588 omisso
346 3529 437 3601 cpsilo
456 3528 604 3601 primitivi,
625 3547 642 3584 a
659 3527 762 3583 κάνεον
777 3534 932 3582 κιονίσκων.

97 3622 151 3691 26)
166 3623 266 3679 Joann.
278 3623 352 3679 Τοιι.
366 3626 410 3689 26,
423 3626 448 3678 t.
461 3622 517 3679 dud
532 3627 580 3679 τοῦ
593 3618 670 3679 ἐνεόν
682 3619 743 3678 tut
760 3624 807 3676 ναὶ
823 3618 880 3676 sind
896 3625 945 3678 ιοῡ
961 3618 1026 3677 έιὸν
1040 3616 1088 3677 tut
1109 3620 1167 3688 ὥς,

36 3707 87 3761 lsi
110 3712 304 3781 Τημενίδαι
323 3711 567 3782 (Τημενίδεω)
583 3706 741 3781 χρύσεον
760 3711 877 3779 γένος,
900 3709 979 3778 quod
1002 3710 1039 3763 de
1057 3708 1149 3765 Hera·

36 3790 113 3849 clidis
133 3793 235 3851 dicun
251 3795 366 3851 videtur·
383 3804 416 3851 ut
434 3796 542 3851 Gallim.
561 3796 608 3851 Fr.
623 3792 849 3851 CCCGXLVIII.
870 3792 973 3856 πάντες
988 3794 1043 3867 ἀφ’
1061 3792 1151 3867 Ἠρα-

36 3882 114 3947 ιλῆος
137 3875 263 3953 ἐτήτυμόν
283 3884 344 3938 έσιε
366 3885 507 3953 γενέθλης.
544 3879 723 3937 Contrarium
741 3880 819 3935 valet
835 3878 887 3935 οὖν
908 3876 967 3941 έτός
985 3879 1078 3936 idest
1099 3878 1151 3937 citt

37 3960 161 4034 ἐτώσιον,
178 3968 210 4021 de
229 3986 284 4039 quo
305 3969 426 4025 Dissert.
445 3968 468 4023 1.
488 3987 513 4024 c.
531 3968 568 4023 Π.
589 3969 613 4035 ἓ.
633 3970 658 4023 2.
680 3964 811 4021 diximus.

100 4059 155 4126 27)
171 4058 393 4119 Schneidewinns
414 4062 444 4117 in
463 4060 567 4117 Philol.
585 4063 663 4116 Arm.
680 4058 733 4115 ΙΙΙ.
756 4060 814 4115 116.
838 4078 900 4115 oum
918 4053 1018 4119 ιἰνεκοὶς
1037 4058 1150 4112 confert

34 4138 140 4211 ἇμᾶκις
156 4152 278 4219 tauquam
295 4148 417 4223 simplex
434 4166 498 4205 cum
516 4146 652 4221 simplloi;
671 4147 723 4203 sed
741 4146 938 4201 adverbiorum
954 4160 1027 4214 quas
1044 4144 1082 4196 ad
1096 4157 1150 4195 nn·

31 4244 149 4283 merum
165 4234 316 4291 reseruntur
334 4244 366 4291 ut
384 4228 530 4305 συχνάκις,
550 4232 686 4307 ὀλιγάκις,
710 4249 865 4307 permagna
884 4235 929 4286 est
949 4226 1047 4301 copi23
1073 4224 1152 4284 illlus

33 4312 140 4370 localis
163 4321 261 4387 generis
278 4321 387 4377 nullum
405 4327 492 4377 extat.
