2825 4809
261 357 338 428 ια
615 343 938 416 mascarano
966 344 1039 414 m..

261 538 415 622 idemque
437 534 532 600 addit
553 535 689 600 alterum
710 533 749 602 αδ
772 529 838 623 plor
860 532 928 616 ἔχει
950 520 1111 602 stlta
1130 530 1250 622 εὕρηται
1268 544 1330 608 κατὰ
1374 518 1376 611 l

262 635 437 708 διάστασιν
458 637 554 724 παρὰ
576 643 619 728 τῇ
640 641 782 726 Σαπφοῖ
805 632 1073 715 ,ὑακίνθιναι
1093 629 1205 703 ιῖίισνιι
1222 639 1273 705 καὶ
1290 644 1329 708 διαὶ
1374 628 1375 711 l

261 741 318 804 τὸν
342 743 536 826 χαρακτῆρα
564 761 597 826 p.
621 739 698 816 822,
721 738 850 804 39.ααί
881 737 1008 804 accedit
1033 737 1250 822 Theognostus
1273 740 1330 808 Cu.
1374 794 1375 821 ,

263 839 403 917 13015.
425 840 461 904 ιδ
483 832 551 927 ᾠόν
568 841 699 926 λέγεται
719 840 756 907 ἓν
772 836 922 907 διαλύσει
933 831 1025 906 uisos
1044 839 1100 906 καὶ
1118 836 1151 905 ἐν
1170 843 1331 928 πλεονασμῷ

261 934 354 1010 ὤεον.
398 943 462 1007 Ηίε
488 941 589 1028 igitur
614 963 808 1030 persuasum
828 941 891 1006 tuit
914 941 1115 1007 Graecorum
1134 941 1332 1026 antiquissimos

262 1043 385 1109 dixisse
407 1038 474 1132 ᾠόν
497 1055 529 1109 et
552 1044 636 1131 ζῷον
655 1045 724 1109 iota
746 1044 885 1109 obscure
909 1051 1049 1129 promto,
1071 1054 1183 1129 poetas
1204 1054 1292 1109 auten
1307 1068 1333 1110 ca
1374 1048 1375 1137 l

262 1145 431 1210 diduxisse
457 1145 491 1209 in
516 1140 596 1216 ὤιον
617 1156 652 1211 et
676 1143 791 1228 ζιδιον,
821 1146 923 1230 idque
944 1144 1086 1230 amplexi
1112 1145 1246 1209 nonnulli
1263 1145 1333 1210 libn-

260 1247 382 1314 riorum
414 1245 583 1332 bisyllabis
615 1248 762 1313 vocalem
792 1246 978 1313 adscribere
1014 1257 1190 1332 coeperunt
1217 1257 1333 1331 tanquan

259 1350 478 1415 necessariam
505 1361 542 1415 ut
570 1350 603 1414 in
631 1345 763 1439 ῥᾴδιος,
790 1350 900 1439 Θρῄξ,
923 1345 1033 1436 ipisus,
1056 1372 1087 1414 v.
1112 1348 1238 1416 Jacobs.
1255 1349 1333 1414 Praei

259 1451 389 1516 Aelian.
423 1474 456 1539 p.
482 1451 602 1517 XXII.
638 1451 829 1518 Schneider.
858 1451 900 1515 ad
927 1451 1015 1518 Plat.
1042 1450 1113 1517 civ.
1143 1452 1182 1516 T.
1206 1453 1232 1517 I.
1255 1476 1281 1538 p.
1297 1452 1333 1515 60.
1374 1476 1375 1481 ’

183 1545 187 1552 ’
259 1552 393 1618 Ahrens
414 1552 502 1619 Disl.
526 1554 596 1618 dor.
621 1554 692 1618 189.
715 1554 856 1619 Bredov.
875 1554 963 1619 Dial.
985 1555 1113 1621 Herod.
1138 1555 1206 1619 175.
1241 1553 1333 1620 Nosin
1374 1590 1375 1593 κ

260 1655 324 1720 aha
344 1655 453 1721 omnia
471 1656 678 1722 discedimus.
723 1655 808 1720 Nam
828 1655 1026 1742 diphthongi
1047 1655 1332 1743 impropriaeiuvo·
1374 1712 1375 1719 ,

261 1756 389 1822 cabidis
416 1757 588 1842 primitivis
617 1781 684 1822 non
711 1758 938 1844 reperiuntur3
974 1779 1075 1842 quare
1107 1781 1170 1845 pro
1197 1760 1282 1845 πρᾷος
1301 1757 1333 1820 ad
1374 1746 1375 1749 ¹

180 1845 189 1854 ’
258 1857 338 1924 Phr.
360 1859 434 1924 403.
458 1860 575 1947 scripsi
597 1863 709 1943 πρᾶος
729 1860 981 1925 assentientibus
1004 1861 1076 1926 aliis
1092 1861 1158 1946 ¹¹).
1199 1862 1273 1945 llrgo
1290 1852 1336 1924 ὠὸν

260 1973 293 2027 et
316 1961 400 2043 ζιῦσν
421 1962 531 2026 nativa
555 1985 627 2027 esse
650 1961 799 2039 dicimus,
823 1957 904 2028 ὤιον
925 1973 958 2026 et
980 1961 1079 2044 ζῶιαν
1101 1987 1123 2027 a
1143 1962 1243 2050 poetis
1263 1960 1299 2025 sic
1313 1972 1338 2023 ut
1374 1998 1375 2043 j

258 2062 350 2152 θωιή
370 2063 541 2150 prolatata,
562 2065 761 2150 minimeque
780 2064 898 2129 similia
915 2074 1057 2149 quatuor
1071 2064 1137 2130 illis
1154 2087 1233 2150 quae
1246 2062 1337 2126 inllM.
1374 2094 1375 2111 .

259 2165 456 2231 characteris
477 2165 640 2253 probandi
662 2189 763 2232 causa
784 2176 1006 2253 apponuntur.
1050 2167 1148 2232 Haeo
1167 2168 1247 2232 enim
1261 2164 1338 2230 omnis
1374 2232 1376 2238 .

257 2267 327 2332 iota
358 2290 377 2331 a
403 2267 567 2353 primitivo
598 2278 770 2355 acceptum
798 2267 920 2333 habent
949 2269 1098 2354 quamvis
1133 2293 1228 2356 saepe
1255 2267 1338 2332 oblite
1374 2254 1376 2331 l

257 2377 372 2432 ratum.
411 2368 558 2433 Primum
574 2373 697 2435 Πτῶον
710 2370 869 2435 Boeotiae
887 2393 994 2448 mons,
1009 2371 1099 2436 unde
1110 2373 1235 2458 Apollo
1250 2390 1340 2455 cogno-
1374 2354 1376 2433 l

256 2470 398 2534 minatus
427 2479 478 2534 est
504 2475 645 2549 Πτιῦος,
680 2481 713 2535 et
746 2472 863 2537 eodem
892 2473 992 2538 modo
1020 2472 1229 2538 Athamantis
1255 2470 1340 2538 Boeoti
1374 2468 1376 2540 l

256 2571 342 2636 filins
365 2595 385 2636 a
406 2570 643 2637 fabulatoribus
665 2573 777 2651 fictus3
803 2575 862 2640 sed
885 2574 921 2639 in
942 2574 1082 2661 Inscptt.
1105 2575 1268 2641 Boeoticis
1286 2573 1340 2636 deus
1374 2578 1376 2588 '

257 2695 357 2761 saepe
385 2675 568 2740 ΠΤΩΙΟΣ
597 2675 632 2738 id
661 2687 711 2740 est
741 2680 866 2763 Πτῷος
899 2677 1019 2741 dicitur
1049 2677 1267 2762 solemnisque
1294 2674 1340 2757 ejus

255 2777 415 2841 ΠΤΩΙΑ
435 2799 465 2841 v.
487 2776 575 2841 Keil.
594 2777 713 2842 Inscrr.
731 2779 849 2843 Boeot.
873 2801 906 2864 p.
918 2778 971 2843 69.
986 2790 1019 2844 et
1034 2779 1106 2846 132.
1153 2781 1244 2844 Haec
1264 2788 1342 2842 auten

252 2877 415 2944 vocabrda
444 2879 573 2964 ‘antiqui
601 2879 816 2967 probabiliter
844 2880 887 2944 ad
915 2879 1155 2945 substantivum
1187 2876 1284 2947 πτοιδ
1307 2897 1343 2940 ra

254 2979 363 3045 ierunt
385 2981 470 3046 sicut
490 3004 584 3046 mons
607 2968 804 3049 Germaniae
824 2992 1033 3068 nuncupatus
1055 2993 1106 3047 est
1122 2983 1342 3059 Schreclteolett,

253 3081 355 3168 idque
385 3084 593 3148 confirmatur
624 3083 834 3149 similitudine
861 3083 1084 3169 andronymici
1112 3090 1257 3161 Πτσῖας,
1284 3100 1344 3166 quo·

252 3186 353 3251 modo
374 3184 583 3251 Athamantis
604 3186 690 3250 filius
714 3209 733 3250 a
754 3187 876 3252 Nonno
901 3195 934 3251 et
954 3185 1065 3252 Schol.
1088 3186 1204 3272 Apoll.
1217 3184 1260 3249 Π.
1275 3181 1343 3246 llll.

255 3283 382 3350 dicitur.
426 3287 515 3352 Hinc
535 3287 637 3374 igitur
657 3298 734 3352 nata
753 3287 906 3352 videntur
919 3291 1045 3374 Πτῷος
1066 3297 1099 3352 et
1115 3291 1240 3374 Πτῷον
1259 3283 1345 3350 eaden

253 3388 381 3452 ratione
401 3411 467 3473 qua
487 3390 584 3474 παρὰ
605 3387 644 3456 τὸ
668 3387 769 3456 κλείω
790 3388 907 3466 κλοιός
930 3390 987 3453 καὶ
1006 3383 1085 3453 ιιατ>
1110 3385 1246 3455 ἰὸιτασιν
1265 3381 1345 3470 alpis*

252 3489 332 3554 EM.
349 3490 422 3569 521,
438 3490 469 3555 6.
491 3491 597 3577 (quod
619 3493 753 3557 atticum
773 3489 964 3578 perhibetur
984 3488 1096 3555 Schol.
1109 3491 1171 3555 Ar.
1186 3487 1268 3554 Ach.
1279 3482 1343 3563 892.)

252 3589 354 3678 idque
387 3613 407 3656 a
439 3593 547 3679 poetis
580 3594 757 3680 aliquando
792 3592 988 3658 dissolutum
1016 3615 1090 3659 esse
1116 3592 1293 3678 colligimus
1317 3607 1344 3649 tx

254 3692 407 3780 Theogn.
432 3693 515 3760 Can.
540 3695 616 3774 130,
643 3697 693 3762 13.
719 3696 762 3762 τὰ
790 3694 848 3762 διὰ
874 3699 933 3762 τοῦ
957 3681 1026 3762 ια’-σν
1053 3694 1241 3775 δισύλλαβα
1266 3684 1344 3758 εἴωθε
1374 3742 1376 3777 ,

251 3797 309 3862 καὶ
324 3789 502 3881 ’διαίρεσιν
526 3792 668 3878 πάσχειν
696 3800 755 3863 τοῦ
780 3785 930 3879 ἶζώιαν,
958 3792 1097 3862 Haeduos
1118 3794 1157 3862 sd
1182 3789 1275 3877 δρας,
1298 3783 1345 3874 ᾠόν
1374 3786 1375 3825 ³

251 3889 347 3976 ὧίσν,
374 3899 434 3964 sed
459 3897 523 3964 hoc
552 3908 585 3963 et
607 3896 705 3980 ζιδιον
731 3920 751 3962 a
773 3897 913 3963 diaeresi
938 3896 1150 3982 sejunximus.
1192 3895 1268 3962 Duo
1287 3909 1344 3974 syn·

321 4151 366 4219 ll)
386 4151 429 4206 ct
449 4151 614 4208 Schneider.
634 4151 671 4204 ad
691 4150 751 4205 civ.
771 4150 808 4205 T.
823 4150 875 4205 ΠΙ.
894 4151 936 4205 58.
966 4146 1089 4223 Πόρανος
1109 4149 1189 4222 quod
1212 4140 1344 4215 Hesychius

251 4231 451 4304 interpretatur
474 4241 581 4310 πρᾷος,
604 4236 751 4294 obscurius
775 4244 820 4292 est
843 4253 927 4308 quam
950 4243 983 4290 ut
1007 4235 1067 4291 iots
1089 4235 1155 4291 bisc
1177 4228 1344 4288 transduxisse

251 4320 407 4375 credamus.
