2825 4809
258 346 334 423 334
553 338 872 409 DISSERTATIO
895 340 940 407 II.
983 338 1025 406 Ρ.
1047 340 1074 407 Ι.

261 531 324 597 lior
343 526 543 615 Apollonius
565 528 653 595 Adv.
678 529 752 596 603.
783 522 894 600 άττίοω
916 525 1092 598 ὄπτὀτοθεν
1117 522 1161 606 ὡς
1185 519 1244 593 tivo
1262 521 1329 594 άνο-

258 643 321 701 θεν
342 630 399 699 ταὶ
421 634 573 719 οογκοττῇ
596 622 745 697 άτττσθεν
764 632 822 699 καί
850 628 920 700 άπὸ
953 634 1012 698 τοῦ
1041 627 1150 713 ἔνερον
1175 627 1211 694 τίν
1232 627 1331 707 ἐντελὲς

258 734 414 820 ἔνέροθεν
438 733 514 817 (οἱα)
537 732 593 799 καί
623 730 709 798 κατὰ
737 734 910 822 συγκοπὴν
933 729 1079 814 ἔνερθεν.
1122 730 1187 798 Sed
1204 729 1251 795 hic
1269 753 1332 814 qno·
1378 761 1379 768 ν

259 858 323 923 que
348 856 466 901 svero
488 833 631 911 aberrat3
656 856 733 899 nam
762 830 937 903 ὄντίοωθεν
965 834 1113 920 ignotum
1135 842 1196 911 est,
1218 824 1334 899 άνττοθττ

260 950 369 1005 nutem
391 960 431 1003 ex
455 929 580 1005 ὄπιθεν
601 948 709 1003 ortum
731 937 782 1022 (ut
802 934 957 1020 πρίοθεν
977 958 1004 1001 e.
1020 931 1166 1020 πράθεν)
1188 933 1267 1019 quod
1279 954 1334 997 cnm

259 1040 385 1121 ἕπομαι
414 1048 447 1105 et
475 1031 556 1117 ὄντες
578 1039 725 1127 stirpitus
745 1062 931 1106 connexum
953 1048 1017 1116 est,
1035 1038 1124 1102 unde
1144 1034 1268 1112 άνόοιν,
1289 1058 1334 1099 κα-

259 1137 376 1220 τόπιν,
402 1136 546 1225 μετόπιν
571 1142 734 1228 pendent3
771 1162 833 1207 nec
859 1162 937 1205 vero
967 1140 1089 1226 legitur
1115 1136 1265 1224 ἑτέρωθεν
1292 1135 1335 1198 sed

259 1238 395 1328 ἔνερθεν
420 1243 582 1309 contrario
605 1242 757 1328 ίίττερθεν
776 1243 1067 1309 accommodatum.
1099 1238 1335 1328 Duplicitervero

260 1344 378 1411 dicitur
396 1340 606 1432 ἑκατέρωθεν
628 1355 661 1410 et
683 1341 864 1432 ἑκάτερθεν
885 1346 968 1411 iilud
994 1366 1086 1410 more
1106 1343 1222 1409 usitato
1241 1338 1276 1403 sb
1293 1338 1335 1401 sd·

257 1447 374 1529 jectivo
397 1447 601 1534 dispertitivo
624 1447 818 1526 derivatum,
846 1448 982 1513 alterum
1007 1447 1099 1533 quod
1117 1444 1223 1532 Epim.
1241 1440 1336 1507 1290.

257 1558 292 1615 et
310 1548 551 1637 Moschopulus
574 1549 694 1617 Sched.
713 1549 784 1614 149.
807 1571 974 1638 syncopae
995 1548 1184 1626 ettsibnunt,
1204 1548 1335 1611 Homeros

260 1650 407 1718 versibus
428 1661 592 1738 utcunque
615 1652 724 1741 potuit
743 1635 920 1739 adoptavit.
952 1652 1038 1719 Cum
1058 1650 1178 1739 ἔνερθε
1200 1647 1279 1713 houd
1295 1645 1337 1711 oie

258 1774 353 1819 scure
375 1751 536 1820 cohoeret'
556 1752 740 1841 ἐνέρτερος,
770 1756 861 1839 quod
893 1754 1005 1823 Schol.
1034 1754 1106 1819 BL.
1132 1752 1172 1818 11.
1195 1752 1267 1817 XV.
1284 1746 1336 1813 115
1381 1757 1382 1766 ’

260 1878 300 1924 ex
324 1853 522 1942 ἐντρώτερος
544 1866 746 1923 contractum
771 1867 866 1943 putet
893 1858 953 1923 sed
977 1868 1010 1921 et
1033 1857 1098 1923 hoc
1125 1866 1253 1920 auctore
1274 1859 1340 1916 caret

260 1970 293 2025 et
313 1958 390 2027 huic
414 1957 518 2025 simile
539 1954 767 2036 ὀπτοιιίτατος,
789 1960 879 2023 unde
895 1958 1089 2026 Eustathius
1111 1958 1188 2035 716,
1211 1957 1259 2021 43.
1281 1947 1340 2020 ὀττί-
1382 2033 1383 2038 ¹

259 2082 381 2139 στανος
402 2061 531 2147 repetit.
574 2060 748 2126 Postremo
773 2057 961 2148 ὑπέρτατος
990 2083 1058 2127 non
1086 2084 1130 2127 ex
1158 2053 1342 2144 ὖττεροίτατος
1382 2089 1383 2116 ο

259 2173 366 2231 ortum
387 2163 447 2229 sed
471 2162 513 2228 ab
534 2157 621 2245 ὑπέρ
642 2163 824 2249 proiectum
841 2173 891 2228 est
908 2174 946 2229 ut
963 2187 984 2228 a
999 2162 1067 2250 πρό
1083 2153 1342 2250 ττρνίτεροςΑμοὶὶ
1382 2133 1383 2196 i

260 2265 347 2331 Λᾶν.
369 2264 448 2343 556,
477 2265 530 2331 27.
587 2264 642 2331 De
670 2264 838 2349 adjectivis
867 2267 1033 2351 qualitatis
1066 2265 1151 2331 haec
1178 2267 1343 2328 memorent:

260 2362 330 2435 άττό
353 2372 412 2455 τῆς
437 2368 568 2452 τέρενας
590 2370 717 2455 γενικῆς
739 2363 860 2433 stotza
884 2371 1007 2455 γίνεται
1031 2364 1050 2437 ὁ
1071 2370 1216 2454 τέρενας·
1238 2364 1272 2431 ἐκ
1288 2363 1345 2427 τοο
1383 2399 1384 2442 3

258 2493 318 2537 τον
340 2468 378 2535 τὸ
402 2464 627 2551 τερενώτερον.
666 2463 705 2535 Ὁ
730 2465 768 2534 δὲ
788 2463 986 2553 Ἀντίμαχος
1011 2465 1082 2537 άττὸ
1110 2473 1171 2536 τοῦ
1203 2464 1346 2550 octonos

260 2568 346 2637 κατά
379 2569 548 2655 ονγκοαὴν
579 2567 749 2655 τέρεντρον
782 2571 860 2656 (sic)
896 2567 969 2640 άττὸ
999 2570 1121 2638 τούτου
1162 2564 1347 2656 τερενάτερνς
1383 2591 1384 2600 ’

258 2670 368 2759 Epim.
390 2670 418 2735 Ι.
440 2670 514 2737 413.
538 2691 621 2754 quae
643 2671 723 2736 setis
744 2673 902 2760 perplexe
923 2675 1044 2762 scripte
1060 2684 1139 2739 sunt
1161 2673 1222 2738 sed
1242 2677 1347 2734 senten·

259 2775 305 2839 tio
326 2774 426 2839 oleret
450 2796 471 2837 s
498 2773 642 2839 secundo
673 2794 753 2839 casu
776 2781 836 2842 τοῦ
863 2776 995 2864 τίρενος
1021 2778 1181 2841 reflexum
1213 2794 1281 2839 esse
1297 2766 1348 2855 pri-

185 2905 190 2913 ·
259 2899 348 2944 mum
370 2871 388 2943 ὁ
410 2876 555 2961 τέρενας,
584 2875 661 2941 hinc
683 2888 792 2942 autem
811 2878 976 2965 proficisci
1005 2878 1260 2965 comparativum
1277 2874 1348 2955 τίρε·

259 2974 408 3066 ντίτερος,
432 2999 530 3063 quem
551 2976 592 3043 ab
614 2978 813 3045 Antimacho
839 2981 874 3045 in
897 2982 1084 3068 τερέντερος
1112 2979 1350 3047 λεοοείοτιτιεωῐν

259 3104 333 3149 esse
366 3104 426 3167 per
454 3102 632 3168 syncopen.
677 3079 763 3147 Cum
794 3082 858 3149 hoc
889 3083 1042 3150 convenit
1071 3080 1285 3168 μελάντερος,
1312 3072 1351 3139 04

260 3182 514 3251 Choeroboscus
543 3183 625 3250 Oen.
647 3184 694 3249 H.
720 3185 795 3249 280.
828 3186 1008 3272 genitivum
1037 3188 1204 3269 με’λαντος
1237 3176 1352 3267 opponit

260 3284 448 3371 pariterque
472 3281 678 3363 ταλάντατος
704 3308 779 3351 cum
806 3289 971 3365 τάλαντος
995 3287 1138 3365 confert,
1169 3286 1261 3372 quod
1283 3282 1352 3345 iden

261 3386 293 3451 h.
323 3387 345 3451 1„
373 3384 414 3450 ab
443 3385 641 3453 Antimacho
670 3389 834 3474 prolatum
863 3388 957 3466 dicit,
989 3400 1024 3453 et
1054 3384 1271 3477 μακάρτατος
1296 3404 1354 3449 cun

259 3486 440 3573 μάκαρτος,
464 3488 520 3573 qui
543 3489 705 3575 genitivus
729 3514 749 3556 ο
770 3490 963 3557 Theodosio
987 3491 1021 3556 in
1042 3491 1125 3556 Arte
1142 3491 1219 3556 985.
1244 3488 1354 3576 ponitur

262 3600 478 3677 congmenter
509 3590 711 3657 substantivo
738 3589 918 3679 δάμαρτος.
961 3594 1056 3659 Haec
1084 3594 1128 3658 ed
1156 3590 1354 3659 nominativos

262 3705 319 3759 aut
338 3693 479 3759 novitios
500 3705 555 3759 aut
575 3694 712 3761 ficticios
728 3689 890 3780 μάκαρος,
907 3694 1059 3778 μέλανος,
1076 3696 1211 3777 τέρενας
1222 3709 1353 3759 revocare

260 3797 392 3865 minime
415 3797 566 3863 convenit
591 3798 649 3862 sed
678 3797 789 3884 potins
815 3796 998 3862 terminatio
1018 3782 1122 3880 ’τῖρῶ
1142 3795 1307 3883 adjectivis
1331 3792 1355 3854 in

260 3898 417 3985 liquidem
439 3898 632 3965 exeuntibus
654 3898 803 3986 proxime
826 3898 1029 3984 agglutinata
1050 3909 1101 3964 est
1117 3898 1203 3964 sicut
1217 3900 1251 3963 in
1270 3894 1355 3960 tn'bus

261 4001 380 4067 diversi
402 4001 545 4065 me1ismi
564 3998 731 4065 vocabulis
755 3996 926 4087 ἕάρτερος,
956 3995 1160 4089 άαάρτερος,
1183 3996 1356 4085 ὑπέρτερος.

259 4102 436 4189 Rejicimus
464 4101 565 4189 igitur
595 4104 684 4189 quod
713 4101 747 4167 in
771 4100 851 4168 ΕΜ.
880 4102 959 4181 546,
994 4104 1023 4167 1.
1055 4102 1171 4167 dicitur
1199 4100 1292 4189 παρά
1313 4094 1358 4185 τὴν

260 4194 357 4285 τονάς
384 4207 513 4295 γενικὴν
543 4200 724 4293 κοντάτερος
752 4204 810 4271 καί
835 4208 986 4292 σογκοττῇ
1019 4200 1170 4294 κύντερος
1195 4199 1243 4281 ὡς
1270 4201 1359 4287 με’λαν

260 4304 487 4399 μελαναίτερον
507 4304 706 4395 μελάντερον
728 4318 762 4371 et
782 4330 816 4393 p.
840 4306 916 4385 795,
947 4308 997 4372 10.
1028 4303 1186 4396 φίλτερος
1213 4300 1307 4391 παρὰ
1328 4297 1358 4364 τὸ
