2825 4809
140 360 208 428 ou
226 356 496 427 Pnosrunsr
516 354 579 424 nr
604 356 870 425 arnamar
899 353 938 424 c.
950 358 993 423 v.
1016 357 1041 442 s.
1054 354 1083 421 1.
1132 358 1182 433 79

68 546 251 631 proximum
275 556 345 612 erat
374 542 475 628 νόμα,
505 544 564 609 sed
588 545 665 629 quia
687 542 889 609 substantiva
914 542 947 607 in
973 530 1026 626 ᾗ
1043 543 1181 630 brachy-

68 650 239 734 paralecta‚
264 670 349 733 quae
373 646 504 733 quidem
529 646 654 731 antiqui
671 644 890 733 probaverint,
912 667 1078 733 perpauca
1097 660 1182 728 sunt,

67 772 92 814 v.
115 750 239 815 Parall.
263 750 338 815 426.
369 748 451 813 hanc
480 770 612 814 causam
636 748 738 813 fuisse
763 748 913 834 suspicor
935 770 993 813 cur
1013 774 1074 837 pro
1096 750 1182 833 νόμα

67 852 258 917 succederet
279 846 386 934 drona
407 850 444 915 id
464 860 514 915 eat
533 860 612 915 noto
632 874 697 935 qua
718 873 770 914 res
796 850 944 936 singulae
967 849 1182 917 determinan-

66 962 122 1016 tur.
169 952 332 1019 Similiter
352 951 408 1037 qui
434 974 454 1015 a
474 950 574 1015 verbo
591 952 706 1039 τλῆναι
725 951 920 1035 adjectivum
935 953 1059 1039 fingere
1074 953 1182 1019 inten-

66 1056 177 1120 derent
201 1078 221 1117 a
244 1054 418 1141 participio
441 1052 520 1131 τλάς
539 1052 611 1116 soni
632 1052 776 1136 quodam
794 1053 882 1117 flexu
905 1052 1101 1133 distinctum,
1124 1055 1183 1120 ad-

66 1158 245 1221 ditamento
267 1156 315 1221 uti
338 1154 443 1220 coacti
466 1162 541 1218 sunt
560 1162 616 1217 aut
637 1154 838 1240 paragogico
860 1154 993 1242 τλήμων
1012 1168 1068 1222 aut
1089 1180 1183 1243 prae-

64 1259 207 1345 positivo
233 1252 337 1334 ἷίτλας
357 1255 410 1322 vel
429 1250 538 1333 delas.
581 1256 658 1321 Hoc
679 1254 781 1341 igitur
799 1244 826 1322 o
844 1254 1050 1321 formativum
1079 1267 1128 1323 cst
1148 1270 1185 1323 ut

65 1362 162 1448 alpha
193 1360 231 1425 111
262 1354 440 1445 decepturis·
492 1356 560 1424 Sed
584 1379 644 1443 pro
668 1354 760 1437 ὀδάξ,
786 1358 876 1442 quod
898 1356 1009 1424 Schol.
1032 1358 1119 1427 Vict.
1143 1360 1185 1424 ad

64 1464 96 1527 11.
129 1462 240 1527 ΧΠΙ.
270 1460 343 1524 291.
377 1482 450 1524 cum
477 1453 579 1555 (loiris
609 1452 738 1543 (deluo)
769 1460 909 1536 confert,
944 1458 1061 1524 dicitur
1087 1461 1185 1525 etiam

65 1565 131 1645 δάξ,
155 1586 236 1630 raro
260 1561 392 1647 quidem
417 1562 475 1625 sed
507 1569 724 1646 congruenter
751 1561 913 1646 primitivo
941 1557 1065 1638 δάκνω,
1096 1562 1184 1627 unde

63 1690 143 1752 quae
169 1672 411 1753 propagantur,
434 1662 519 1727 inter
536 1672 705 1747 utramque
724 1664 869 1728 vocalem
883 1664 1049 1740 fluctuant,
1070 1659 1184 1743 ἆδάξω

64 1780 90 1832 et
111 1766 246 1847 ὀᾶάξω,
271 1766 354 1831 sicut
374 1760 521 1851 ἀσταφίς
546 1774 577 1828 et
602 1760 764 1852 ὄσταφίς,
796 1765 886 1850 quod
906 1764 1097 1831 Athenaeus
1118 1766 1184 1832 111.

63 1870 129 1934 105.
177 1872 222 1935 B.
261 1868 393 1933 atticum
425 1863 589 1951 perhibet,
627 1863 729 1952 τρύγη
758 1860 878 1953 ὂτρύγη
914 1866 996 1930 Hes.
1029 1862 1185 1951 ὂῑρυγίας

63 1972 147 2038 Gud.
184 1972 415 2059 τρυγηφάγος,
445 1964 677 2056 ὀτρυγηφάγος
694 1967 730 2051 ²)
766 1976 799 2031 et
832 1961 1067 2063 ἇτρυγηφάχος
1097 1968 1180 2033 Hes.

62 2068 240 2155 ὄστλιγγες
275 2070 307 2137 oi
339 2065 516 2158 βόστρύχοι
548 2066 643 2153 παρὰ
670 2068 802 2153 Φιλητᾷ
835 2066 891 2134 διὰ
922 2071 983 2134 τοῦ
1016 2094 1038 2133 α
1071 2066 1182 2135 Schol.

62 2174 176 2259 Apoll.
211 2173 241 2237 Ι.
274 2172 366 2236 1207.
398 2194 418 2235 a
449 2168 549 2235 verbo
583 2165 718 2255 στρὲφω
747 2168 879 2232 mutatis
911 2168 1120 2238 antistoechis
1150 2183 1187 2240 ut

61 2273 217 2360 σιρεύγω
257 2273 413 2359 Prolegg.
450 2272 521 2335 140.
580 2270 648 2337 Sed
684 2267 798 2353 στλίγξ
826 2273 1088 2356 monosyllabum
1120 2299 1187 2341 non

63 2378 183 2442 dicitur
191 2398 203 2452 3
234 2398 343 2461 neque
368 2372 475 2459 magis
497 2372 625 2457 μέργω,
654 2371 744 2456 quod
765 2371 956 2437 Eustathius
976 2376 1071 2461 ponit
1093 2376 1185 2457 1608,

59 2480 107 2543 51.
133 2478 204 2544 sed
227 2474 363 2564 ἆμέργω
388 2486 420 2539 et
441 2472 677 2559 significatione
699 2472 845 2560 paullum
868 2472 996 2539 diversa
1022 2475 1187 2563 udpyvvpt

60 2594 157 2666 atque
180 2574 373 2665 ὂμόργνυμι
385 2600 415 2641 v.
429 2574 554 2641 Techn.
566 2574 618 2639 54.
637 2596 697 2639 nec
711 2571 1188 2666 (11111111101111011Ἅμοργμα

58 2682 237 2766 σύλλεγμα
256 2678 292 2765 ⁸)
314 2689 346 2743 et
367 2676 519 2763 Mrioyuo
541 2683 661 2765 ψῆγμα
682 2680 766 2743 Hes.
808 2678 861 2742 Ac
882 2676 982 2743 latino
1002 2677 1102 2743 verbo
1124 2698 1188 2746 me-

52 2787 122 2866 jere
145 2783 220 2847 duo
244 2780 451 2866 respondent
470 2800 588 2865 graeca
605 2776 740 2863 Ἀμίξαι
764 2776 907 2868 οὐρῆσαι
928 2768 1088 2867 ἢὸμίξαι
1103 2782 1187 2847 Hes.

57 2881 140 2968 ἀμίς
176 2880 280 2967 παρὰ
313 2880 350 2947 τὸ
372 2876 489 2963 ὀμιχῶ
522 2876 568 2960 ὡς
600 2876 749 2968 depedace
782 2876 946 2967 ἂκριόεις,
980 2882 1037 2948 καὶ
1073 2876 1189 2964 dudm

58 2981 210 3072 οὐρῆσαι
240 2982 324 3049 ΕΜ.
355 2982 413 3061 83,
437 2984 489 3049 32.
540 2982 608 3050 Sed
638 2977 784 3069 ὀκριόεις
812 2992 844 3045 et
871 2978 966 3069 b'aprg
993 2970 1188 3049 vocalem}

53 3087 107 3151 vel
137 3095 266 3151 natura
293 3084 423 3149 insitam
452 3086 504 3150 vel
530 3108 570 3149 ex
591 3083 700 3148 nativo
721 3070 754 3150 ἶ
771 3103 959 3148 conversam
978 3081 1098 3147 habent
1112 3104 1188 3170 per-

131 3363 163 3429 2)
179 3359 251 3414 Hoc
261 3352 397 3427 scriptum
407 3362 450 3410 est
458 3354 487 3411 in
494 3350 658 3411 Archilochi
668 3352 795 3409 versibus
804 3352 1189 3425 rognnxmrxxxt

52 3446 187 3517 Bergk.)
204 3442 270 3505 ὤμ’
293 3439 360 3497 iiuov
378 3447 521 3513 Πριηνέως
537 3439 658 3509 κήλωνος
676 3438 836 3513 ἔπλὴμυρον
856 3440 1067 3515 ὀιρυγηφάγου,
1088 3441 1191 3513 quibus

54 3550 138 3603 qnae
160 3530 191 3585 in
214 3530 330 3583 Anecd.
354 3528 442 3582 Paris.
466 3526 671 3582 substituuntur
692 3529 780 3581 verba
799 3530 1010 3600 corruptissima
1029 3527 1056 3585 ol
1076 3531 1107 3584 dl
1128 3530 1192 3585 oica

50 3612 157 3687 θήκην
177 3605 194 3670 ‘d
212 3620 350 3687 σημαίνει
367 3610 448 3667 τόνου
460 3608 581 3680 adlevor
599 3614 638 3684 (v.
655 3612 859 3668 Schneidewin.
877 3614 965 3669 Beitr.
987 3631 1039 3668 zur
1056 3611 1129 3669 Krit.
1142 3617 1193 3669 der

51 3704 128 3774 Lyr.
155 3704 211 3767 80.)
236 3718 338 3755 eorum
356 3698 480 3769 quinque
498 3699 604 3770 primae
623 3698 747 3769 syllabae
768 3698 913 3753 dimidium
932 3715 1028 3754 versus
1047 3698 1192 3755 continere

52 3790 203 3844 ridentur
223 3784 267 3840 sic
289 3783 504 3855 redintegrandi
529 3786 622 3838 aldeis
641 3782 668 3839 d’
689 3773 704 3857 ᾗ
723 3783 827 3853 (idest
845 3782 895 3852 ὥς)
914 3788 1055 3855 Πριηνέως
1073 3785 1194 3852 aptarer

50 3872 234 3945 ἐπλήμῡρον
259 3866 474 3944 ὀτρυγηφάγου,
495 3872 551 3925 hoc
569 3879 612 3925 est
637 3874 762 3941 superna
779 3868 935 3925 stillabant
947 3874 1100 3943 prurienti
1115 3872 1194 3925 veltet

51 3966 160 4015 asino
183 3958 374 4013 admissario
399 3962 429 4009 ut
446 3954 580 4027 Virgilius
598 3954 669 4010 dixit
688 3959 723 4011 de
741 3955 820 4029 equis
840 3954 1066 4026 ἱππομανούσαις
1083 3956 1194 4011 lemna

50 4044 207 4100 destillat
228 4042 269 4098 ab
287 4046 409 4115 lupulae
427 4046 507 4095 virus
527 4043 633 4112 Georg.
654 4042 705 4096 ΙΙΙ.
726 4044 786 4097 282.
808 4050 837 4096 et
857 4045 893 4097 de
907 4041 1024 4097 muliere
1045 4040 1193 4095 libidinosa

49 4132 70 4185 J
73 4130 217 4185 nvenalis
231 4129 284 4182 VI.
299 4130 341 4180 64.
356 4127 408 4181 XI.
426 4128 481 4181 166.
500 4124 607 4183 Tuccia
624 4132 740 4181 vesicae
757 4145 816 4182 non
833 4132 963 4201 imperat
981 4134 1035 4182 etc.

130 4234 171 4301 3)
184 4229 337 4299 Σὺλλεγμα
358 4230 452 4285 dicere
471 4230 583 4284 videtur
599 4230 706 4285 faecem
725 4228 781 4284 olei
796 4230 853 4285 sive
872 4227 1067 4303 τὴνᾶμόργην,
1080 4229 1193 4302 quaein

50 4323 159 4375 fundo
176 4315 329 4387 colligitur.
1185 4333 1190 4343 ⁴
