2825 4809
142 327 200 400 Du
217 324 489 397 PAaAansr
503 324 565 394 ΕΤ
587 323 864 396 SCRIPTURA.
890 325 929 396 (λ.
943 325 990 393 Π.
1008 327 1034 414 ξ.
1045 321 1077 393 ὃ.
1100 267 1175 408 etl

82 519 144 597 759,
164 516 275 600 57.¹⁶)
300 515 357 601 qui
378 537 439 603 pro
460 513 679 582 Dorieneibus
707 514 873 601 aliquanto
905 517 1028 602 majore
1048 516 1175 585 ratione
1234 525 1243 536 “

79 621 194 688 Atticos
215 616 417 704 appellasset
436 628 473 682 ut
495 616 675 702 Gregorius
698 641 731 704 p.
757 618 828 684 120.
857 611 990 688 ἆττικὸν
1012 617 1050 688 τὸ
1070 620 1177 706 λέγειν

79 717 142 789 ἀντὶ
163 723 218 785 τοῦ
239 723 295 786 νῦν
316 723 414 784 τανῦν
442 729 474 784 et
494 719 650 786 Atticieta
677 719 854 788 Villoisoni
880 742 914 807 p.
936 719 988 786 83.
1014 714 1089 788 ἀντὶ
1116 725 1176 790 τοῦ

78 818 173 888 εἰπεῖν
192 823 370 908 τηνικαῦτα
394 813 526 906 λέγομαι
547 824 778 909 τοτηνικαῦτα,
799 821 891 906 quod
908 832 1017 888 utrum
1031 821 1080 891 ric
1096 823 1176 890 scri·

76 922 160 987 batur
180 943 223 984 an
244 942 303 1006 per
327 919 482 986 diastasin
500 922 710 988 Hermannus
735 922 778 991 ad
801 922 888 989 Oed.
912 921 951 990 O.
966 924 1041 990 440.
1063 923 1099 988 in
1120 947 1176 991 ae·
1258 938 1262 955 “

76 1043 132 1108 quo
153 1021 260 1108 ponit,
293 1020 395 1106 idque
418 1022 458 1088 de
479 1023 631 1090 universo
654 1023 719 1089 hoc
746 1046 867 1112 genere
891 1026 1109 1112 pronunciare
1127 1026 1193 1094 ri·⁴

76 1126 168 1190 detur.
196 1122 360 1190 Nimirum
380 1145 432 1188 res
463 1134 531 1190 tota
553 1125 703 1212 dirigitur
726 1127 769 1193 ad
789 1126 1054 1195 commoditatem
1074 1128 1177 1196 lectc·

72 1249 149 1317 mm,
180 1224 233 1290 cui
258 1225 312 1290 alii
334 1225 409 1311 plus
439 1247 535 1293 curae
562 1228 770 1315 impertiunt,
798 1228 853 1294 alii
872 1228 991 1297 minus.
1034 1229 1178 1298 Wolfius

73 1329 101 1394 in
129 1327 266 1394 Homeri
293 1327 487 1396 carminibus
518 1329 649 1416 scripsit
677 1333 867 1415 τοπρῶταν,
901 1327 1084 1416 conatast)
1115 1342 1177 1400 etc.

69 1429 150 1495 Huic
171 1451 250 1496 vero
273 1430 484 1496 adversantur
504 1432 698 1519 Spitznerus
725 1432 769 1496 ad
791 1431 832 1498 Il
852 1431 886 1502 I.
903 1431 934 1497 6.
957 1441 992 1499 et
1016 1432 1178 1502 Matthiae

71 1532 105 1596 ab
128 1555 166 1598 eo
187 1532 359 1610 laudatum
382 1533 550 1620 synthesin
572 1534 658 1600 enim
683 1554 821 1622 poscere
844 1544 882 1598 ut
902 1545 1055 1600 accentus
1075 1547 1178 1604 retra·

67 1635 164 1713 hatur,
187 1634 254 1702 hoc
276 1645 386 1701 autem
405 1657 472 1701 non
492 1637 563 1704 fieri
584 1639 618 1702 in
638 1635 817 1714 vocabulis,
841 1657 926 1721 qnae
945 1635 1001 1702 ille
1021 1636 1056 1703 in
1077 1660 1179 1705 unum

68 1748 256 1824 componat,
295 1739 475 1825 eademque
504 1759 572 1806 non
598 1761 672 1804 raro
705 1737 812 1802 dirimi
843 1738 1014 1821 interjectu
1042 1740 1179 1806 aliarum

65 1839 251 1906 vocularum
271 1837 310 1907 τό
338 1864 374 1927 με
405 1838 553 1907 παλαιόν
583 1839 670 1905 Plat.
700 1838 789 1906 Crat.
809 1839 884 1904 420.
911 1840 951 1905 Β.
993 1837 1032 1908 τό
1062 1845 1179 1928 γενῦν

65 1940 157 2006 Pind.
182 1942 225 2007 P.
249 1941 315 2006 XI.
343 1941 395 2006 68.
424 1936 462 2008 τό
492 1963 528 2027 γε
554 1937 695 2029 τήμερον
715 1940 827 2006 Nubb.
856 1941 949 2007 1513.
978 1940 1017 2009 τὸ
1045 1940 1085 2010 dd
1109 1940 1180 2009 νανί

63 2043 193 2108 Heliod.
216 2043 284 2108 ΙΙΙ.
308 2037 358 2120 18,
383 2043 455 2109 132.
466 2084 476 2128 ¹·
498 2043 547 2108 At
568 2065 635 2108 non
656 2041 916 2117 animadvertunt
938 2041 1114 2122 vocabula,
1137 2043 1179 2110 de

64 2143 178 2228 quibus
201 2144 259 2211 hic
281 2145 405 2230 agitur,
432 2166 500 2210 non
519 2166 595 2208 vera
617 2144 763 2229 synthesi
791 2145 917 2230 sociata
946 2167 1019 2211 esse
1042 2146 1101 2212 sed
1122 2145 1179 2214 illo

61 2246 216 2312 solutione
242 2268 365 2332 genere
387 2246 615 2325 connexionis,
645 2246 737 2331 quod
755 2267 865 2332 neque
884 2258 1054 2313 accentum
1075 2257 1180 2312 mutat

60 2348 164 2434 neque
190 2347 438 2420 distractionem
460 2349 612 2414 excludit.
657 2347 743 2414 Cum
753 2349 877 2416 Wolfio
895 2348 976 2414 iacit
991 2347 1180 2416 Boeckhius
1294 2343 1297 2350 ’

57 2451 89 2514 in
109 2450 214 2516 Pind.
243 2450 300 2516 Ol.
322 2449 368 2514 H.
393 2449 464 2514 152.
489 2450 568 2536 (85.)
600 2447 635 2528 ἐς
663 2448 701 2517 τὸ
724 2455 793 2517 πᾶν
821 2446 989 2537 ἑρμηνέων
1013 2449 1123 2517 δεῖται
1145 2446 1179 2536 (ὁ

57 2546 167 2638 λόγος)
195 2550 347 2618 scribens
368 2549 479 2618 τόπον
486 2601 494 2632 ,
524 2575 599 2616 nam
622 2550 747 2638 syllaba
772 2550 863 2617 brevi
885 2573 970 2638 opus
993 2571 1081 2628 esse,
1111 2556 1181 2618 πᾶν

56 2664 162 2719 autem
181 2676 257 2720 non
279 2653 398 2740 corripi
420 2653 485 2718 nisi
500 2653 536 2719 in
558 2653 749 2740 compositis
762 2650 862 2732 ἅπαν,
875 2648 1030 2734 πάμπαν,
1048 2676 1179 2739 comap-

54 2751 155 2836 ἅπαν,
179 2753 308 2840 ἔμπαν.
357 2756 567 2852 Eaedemque
590 2768 700 2844 partes
723 2754 870 2841 sequitur
885 2751 1179 2838 ReisigiusEnarr.

55 2859 142 2925 Oed.
168 2881 205 2946 p.
236 2856 309 2924 CC.
330 2869 366 2924 ut
386 2863 577 2944 canonicor,
604 2862 651 2925 ita
672 2853 782 2924 τοπάν
801 2859 1015 2933 scribendum
1034 2857 1181 2939 paullum

52 2964 133 3027 enim
164 2963 285 3044 lapsus
313 2970 357 3024 cat
383 2959 556 3026 Boeclltius
588 2959 698 3025 Praei.
727 2957 826 3024 Pind.
850 2954 1040 3024 XXXVII.
1073 2953 1183 3025 τόπαν

52 3064 206 3130 ετνίλντττε.
259 3061 383 3127 Verum
406 3059 433 3125 si
455 3061 588 3127 nonita
610 3060 778 3139 scribitur,
806 3059 963 3126 dissimile
982 3059 1021 3124 fit
1042 3045 1183 3146 (suamet
1233 3104 1237 3108 -

49 3163 123 3243 illis,
148 3162 282 3252 quibus
303 3161 451 3228 innititur
462 3162 623 3229 Boeokhii
646 3163 822 3250 explicatio
844 3160 1069 3249 correptionis.
1113 3160 1182 3229 Sed

49 3277 187 3353 praeter
212 3265 304 3330 hanc
325 3273 477 3330 accentus
501 3265 719 3330 diversitatem
744 3265 841 3330 etiam
856 3263 921 3328 alia
937 3263 1086 3340 obstant3
1106 3285 1183 3328 nam

47 3367 273 3458 τοπαράπαν
310 3378 342 3433 et
369 3368 461 3452 quod
488 3366 682 3434 insolentius
719 3367 830 3433 fictum
863 3374 914 3432 est
945 3361 1056 3450 ἔμπαν
1083 3364 1182 3452 alpha

49 3511 405 3532 Μ

119 3593 169 3662 lb)
188 3588 291 3646 Addit
309 3589 384 3644 idem
397 3585 461 3644 τάδε
478 3588 532 3664 μὲν
544 3584 635 3645 πάντα
652 3582 722 3643 κατὰ
740 3581 890 3655 arramato
908 3586 1027 3641 πτῶσιν·
1048 3580 1078 3641 τὸ
1097 3585 1132 3641 dt
1148 3603 1183 3657 γε

47 3669 1183 3751 τῷτέωςκαλτρλτότεκαὶτῷμεταξύοὗδὲνμὲνέκῶλυεκαθ’ὁμοίαν
1253 3711 1260 3721 .
1355 3670 1367 3682 “

44 3769 159 3824 πτῶσιν
173 3752 374 3820 συνεστάλθαι
390 3765 437 3816 καὶ
450 3757 526 3830 αὐτά,
543 3763 619 3825 ἔδοξε
633 3763 664 3817 δὲ
683 3759 759 3832 ὅμως
775 3757 845 3815 αὐτὰ
864 3764 1044 3832 προενεγκεῖν
1061 3757 1184 3828 ἐλλείψει

43 3858 226 3928 προθέσεως
248 3852 294 3906 καὶ
314 3845 449 3926 ὂνίρνατος
460 3851 604 3920 χρονικοῦ.
642 3844 690 3903 Sic
709 3845 891 3920 Thucydides
910 3847 994 3900 modo
1014 3845 1045 3899 ἔν
1061 3846 1099 3914 τῷ
1116 3846 1186 3917 πρὶν

37 3937 150 4018 χρόνῳ,
173 3937 273 3993 modo
286 3935 399 3990 brevius
412 3935 442 3989 lv
460 3937 497 4004 τῷ
510 3939 577 4007 πρίν
597 3952 623 3988 v.
639 3933 745 3990 Comm.
759 3933 831 3990 adl.
850 3935 892 4000 32,
911 3935 937 3987 4.
957 3946 1099 4002 nunqnam
1116 3946 1184 3985 vero

42 4034 169 4102 τριπρίν,
186 4026 309 4095 τῳτέως,
326 4014 461 4077 τουπάλαι
474 4039 527 4076 nec
540 4019 617 4074 aliud
631 4019 730 4076 simile.

70 4164 71 4173 ι
117 4131 171 4202 17)
198 4127 275 4186 Hoc
301 4127 336 4182 ab
360 4143 394 4180 eo
415 4126 493 4198 quod
516 4125 658 4182 antecedit
679 4123 814 4180 discernit
832 4121 925 4194 Epim.
944 4121 968 4178 I.
988 4121 1048 4177 rte.
1069 4117 1098 4176 τὸ
1118 4125 1187 4194 πρίν

40 4221 200 4296 ἐπίρρημα
225 4215 286 4286 ἔχει
304 4215 444 4288 ἐξαίρετον
462 4213 491 4268 τὸ
509 4209 618 4286 ὄρθρον
639 4209 771 4288 πρόταξιν
788 4206 955 4282 λαμβάνεεν.
991 4206 1067 4263 Huic
1083 4204 1186 4262 similia

39 4311 141 4379 τανῦν,
159 4307 303 4373 τοτηνίκα
316 4310 370 4358 etc.
386 4303 424 4372 (v.
438 4303 474 4354 ad
486 4300 590 4372 Phryn.
606 4303 662 4370 50.)
675 4301 752 4373 apud
764 4297 919 4355 Homerum
931 4315 989 4350 non
1001 4295 1142 4365 leguntur.

911 4383 978 4456 37*
