2825 4809
139 330 194 396 aa
214 322 423 397 svuosuu
444 322 835 419 uumsvocsms.
858 323 897 391 ο.
914 323 967 391 ιο.
990 326 1059 411 aa.
1081 332 1157 407 aas

79 513 213 583 Nicander
237 510 363 597 saepius
399 509 546 575 nominat
574 502 712 591 στόμιον
740 517 864 575 utnon
899 510 983 576 adeo
1017 511 1157 581 difficilis

78 612 214 705 persuasio
243 621 372 699 poetam
403 610 570 705 doctripae
602 619 834 677 ostentatorum
865 633 906 677 ca
932 634 1016 697 quae
1038 614 1156 681 Gram-

78 715 160 785 matici
179 714 217 779 de
236 716 323 801 μῆρα
348 722 381 778 et
400 710 506 801 μηρία
527 710 773 781 constituissent
794 723 828 777 ct
848 714 982 799 cognita
1002 712 1156 784 habuisse

77 830 101 885 ct
127 815 181 883 sibi
204 813 248 897 ad¹
274 813 467 879 imitandum
496 814 721 901 proposuisse.
765 813 840 879 Nisi
874 815 985 902 potius
1020 816 1158 902 probata

75 940 163 985 corum
184 914 345 1001 opinione,
366 915 422 1002 qui
443 916 524 1001 κρέα
549 924 581 979 et
602 916 682 1001 κέρα
704 916 748 981 ad
766 937 940 1003 apocopen
956 930 1156 995 revocarent,

75 1014 158 1101 στόμα
176 1038 233 1104 pro
255 1010 404 1101 πόματα
427 1016 547 1103 posuit
592 1015 661 1083 Sed
686 1015 825 1106 fortasse
845 1015 928 1083 hacc
949 1017 1081 1087 scholae
1103 1043 1155 1083 ar·

74 1120 149 1185 dicia
166 1128 350 1204 aspamatus
371 1117 496 1187 nomini
516 1117 564 1183 illi
586 1139 646 1204 per
666 1117 866 1203 epexegesin
879 1117 1027 1202 adjunxit
1040 1119 1156 1187 νείατα

73 1215 194 1306 μιοτρός,
217 1242 381 1304 quumque
403 1220 470 1287 duo
493 1219 558 1285 sint
578 1218 698 1285 ventris
721 1219 854 1298 orificio,
877 1242 979 1285 unum
1003 1221 1154 1307 superius

73 1321 110 1387 cui
126 1342 234 1387 nomen
258 1331 309 1387 est
328 1315 513 1403 στόμαχος,
543 1321 679 1387 altorum
710 1320 845 1387 inierim
886 1321 978 1407 quod
1001 1316 1155 1405 πυλωρός

72 1432 183 1498 vocatur,
202 1422 275 1499 hoc,
297 1421 388 1507 quod
409 1422 588 1508 praecipuo
611 1422 835 1489 cantharidum
855 1433 939 1508 potu
965 1421 1053 1489 affici
1073 1444 1154 1487 con-

73 1532 128 1600 stat,
152 1522 319 1589 declaravit
340 1522 550 1609 appositione
578 1523 669 1589 vocis
691 1521 808 1591 νείατα
829 1528 905 1589 ima.
928 1562 970 1575 -
1000 1520 1152 1607 Φρατρία

73 1607 187 1711 optavit}
207 1621 266 1689 καί
289 1620 422 1691 ἐκτάσει
443 1618 571 1712 φρήτρη
588 1624 670 1691 ΕΜ.
694 1625 773 1701 709,
801 1625 855 1691 50.
886 1623 977 1709 quod
997 1622 1154 1689 refellitur

73 1723 190 1792 similium
210 1725 600 1792 metasthematismorum
627 1725 785 1811 exemplis
814 1724 972 1811 plurimis.
1027 1720 1062 1789 A
1087 1729 1153 1807 βα·

73 1825 157 1913 κτηρία
172 1825 238 1893 sive
252 1820 438 1913 donatiquos
457 1826 642 1891 ducendum
660 1838 730 1893 erat
748 1819 987 1911 βακτηριεάειν,
1009 1823 1071 1889 sed
1092 1844 1153 1909 pro

73 1924 116 1991 hoc
131 1926 296 2013 scn'ptores
323 1926 489 1994 christiani
516 1928 699 1993 asciverunt
727 1918 958 2013 βακτηρείειν,
987 1924 1153 2009 iidemque

75 2038 240 2105 ενοιαεοία,
264 2047 350 2113 quae
373 2027 415 2093 ab
438 2028 581 2114 antiquis
603 2025 743 2116 σιδήρια
764 2034 931 2101 vocantur,
954 2023 1079 2115 αίδηρα
1101 2026 1153 2091 di·

78 2137 132 2199 cunt
145 2151 192 2195 seu
219 2151 281 2215 per
308 2148 478 2214 syncopen
499 2152 559 2196 seu
586 2151 706 2217 genere
737 2125 916 2195 masculino
940 2126 976 2191 in
1002 2136 1153 2197 neutrum
1219 2142 1258 2187 ι’

76 2238 160 2295 nuato
178 2230 280 2297 Proll.
304 2231 356 2297 21.
381 2252 446 2315 quo
472 2231 599 2297 dativus
621 2225 773 2318 σιδήροις
795 2251 848 2315 ap.
872 2227 1041 2315 Theophr.
1063 2229 1152 2295 Hist.

70 2326 115 2395 IX.
131 2330 156 2407 4,
176 2332 206 2397 4.
227 2331 372 2399 Theocr.
390 2332 494 2398 XXI.
511 2333 565 2398 49.
587 2332 776 2399 rderandus
797 2330 934 2395 videtur.
955 2365 996 2379 ·-
1014 2330 1154 2418 Duplici

70 2442 184 2517 syncope
207 2443 364 2520 cois-upa
392 2443 469 2499 sunt
496 2433 655 2517 adjectiva
681 2427 864 2513 ἐννεάχιλοι
898 2439 932 2495 et
962 2426 1152 2511 δεκάχιλοι·

68 2532 126 2597 ratio
145 2534 224 2602 enim
245 2533 357 2623 poscit
378 2531 629 2615 ίννεακιςχίλιοι
650 2544 711 2601 etc.
741 2552 846 2616 eaque
868 2552 888 2595 a
908 2540 999 2597 recto
1021 2529 1152 2596 aberra-

68 2632 99 2697 tio
116 2635 330 2705 Ansurchum
354 2635 516 2721 permovit
538 2644 576 2699 ut
599 2629 798 2715 ἒννεάχειλοι
817 2668 856 2679 -
874 2630 1039 2708 sonberet,
1062 2633 1154 2716 quod

68 2733 161 2804 sicum
178 2740 288 2819 χεῖλος
311 2736 530 2822 compositum
551 2735 686 2821 putavit,
708 2733 759 2799 sui
777 2732 897 2799 oblitus
920 2743 980 2811 est,
1001 2734 1062 2802 aed
1081 2735 1150 2801 ior·

68 2842 129 2902 tasse
147 2836 328 2926 ριοχίλιοι
349 2836 489 2903 credidit
511 2838 617 2918 χεῖλοι
641 2834 764 2901 ἀόρατοι
792 2856 866 2899 esse
893 2844 931 2898 ut
949 2832 1072 2919 μείζων
1093 2859 1153 2923 pro

66 2934 167 3021 μηίων,
195 2933 314 3024 pecode
335 2960 396 3024 pro
429 2931 547 3024 μόνοος
577 2936 703 3021 aliaque
732 2937 767 3001 in
793 2936 886 3003 Dias.
912 2934 954 2999 de
981 2936 1154 3003 metathesi

67 3034 184 3105 dicenda.
228 3039 380 3105 Tertium
400 3048 451 3110 est
470 3032 578 3107 πότνα
602 3030 671 3107 άπὸ
697 3041 756 3103 τοῦ
776 3031 900 3103 πότνια
926 3033 1011 3099 κατὰ
1033 3057 1153 3121 συγκο-

67 3132 309 3223 πην8α101.,0(1.
321 3141 363 3211 V.
376 3139 450 3208 215.
462 3139 515 3207 oui
524 3148 639 3205 conta
651 3138 731 3205 dicit
739 3139 958 3204 Buttmannus
967 3134 1111 3205 Gamo.
1123 3138 1152 3207 Ι.

66 3236 117 3301 256.
133 3236 249 3308 πότνια
277 3242 551 3333 derivatumesse
573 3237 770 3324 abisyllabo
783 3238 846 3321 ¹³).
874 3236 1003 3303 Eadem
1027 3238 1153 3306 tatione

67 3338 214 3423 explicatur
238 3339 491 3429 πτολιπόρθιος
513 3362 662 3426 quaeque
686 3341 751 3407 alia
775 3339 810 3405 in
837 3338 928 3406 Dias.
951 3338 1014 3405 III.
1038 3361 1067 3403 c.
1087 3341 1152 3407 111.

67 3438 83 3519 l·
105 3440 128 3503 1.
156 3453 354 3529 promentur.
405 3438 554 3530 Νήτμαλα
587 3466 649 3529 pro
679 3436 828 3530 νηφάλια
860 3440 1005 3525 positum
1036 3450 1086 3508 cst
1117 3441 1152 3504 in
1207 3434 1211 3443 ⁴

66 3557 136 3607 versu
160 3544 304 3630 Sibyllae
329 3542 447 3628 Phleg.
476 3542 597 3611 Mirab.
634 3566 663 3609 c.
690 3543 738 3607 X
766 3566 796 3605 v.
826 3542 878 3607 60.
906 3564 972 3626 quo
1001 3542 1153 3629 exemplo

69 3638 318 3733 εόαιοότιόφωλα
336 3646 478 3731 γένεθλα
489 3645 637 3712 Maneth.
649 3646 710 3713 IV.
723 3644 796 3709 316.
814 3654 848 3709 et
867 3644 994 3710 dativus
1007 3635 1154 3730 Ἀοτέρῳ

66 3760 107 3821 pro
127 3738 278 3833 Ἀστερίην
297 3746 464 3833 Lycophr.
489 3746 582 3813 1301.
604 3745 639 3809 in
669 3745 788 3830 quibus
809 3746 907 3811 codd.
933 3745 1153 3822 consentiunt,

66 3926 206 3999 scripserunt
217 3932 295 3986 VIII.
305 3934 369 3991 178.
389 3939 418 3987 et
430 3921 498 4005 κόψ’
515 3931 638 3986 Theocr.
652 3932 689 3985 II.
706 3933 763 3985 101.
775 3933 854 4003 quod
864 3948 960 3987 omnes
975 3932 1055 3985 codd.
1069 3948 1152 4001 prae·

66 4010 122 4078 bont,
133 4024 158 4069 ct
169 4016 295 4073 similiter
307 4017 362 4073 alia
373 4037 399 4073 v.
411 4018 514 4071 Parall.
529 4020 587 4071 108.
604 4018 667 4088 adn.
684 4019 724 4072 13.

116 4102 152 4169 ll)
170 4102 273 4157 Probat
290 4105 344 4159 hoc
363 4104 543 4158 Hermanuus
568 4105 604 4159 ad
623 4102 689 4157 Eur.
707 4104 812 4157 Bacch.
834 4102 892 4154 aot.
912 4098 1046 4168 additque
1064 4090 1151 4152 πότνα

65 4186 229 4243 tantummodo
242 4189 368 4244 vocative
382 4188 456 4259 dici3
470 4192 520 4245 sed
532 4188 719 4243 nominativus
733 4188 837 4258 legitur
849 4186 878 4239 in
884 4186 921 4239 H.
929 4186 967 4239 H.
981 4183 1149 4239 iacentia.

65 4266 183 4341 etdgath.
193 4274 278 4330 tntu.
292 4276 330 4343 X,
342 4278 384 4330 68.
433 4276 437 4287 ’
