2825 4809
200 343 206 354 '
242 343 316 418 388
530 340 852 410 DISSERTATIO
873 342 921 409 Π.
963 343 1005 408 P.
1024 342 1072 408 11.

242 524 367 613 syllaba
392 534 450 591 aut
471 535 589 592 natura
608 526 710 616 longa
731 551 805 595 esse
825 538 883 594 ant
907 528 1073 615 positione
1099 527 1326 615 praeludebat

241 625 324 713 τρίς,
348 627 430 694 liaeo
450 637 561 694 autem
590 653 658 696 non
680 630 824 696 nativam
848 630 994 718 speeiem
1017 627 1137 695 babere
1165 631 1221 695 sed
1244 631 1325 697 inter-
1384 672 1385 675 =

241 729 385 817 polalam
414 752 455 796 ex
485 726 602 810 ὁσάκις
629 742 662 796 et
687 727 837 818 τριάκις,
867 732 959 817 quod
984 730 1081 796 iterat
1098 731 1203 818 Epim.
1222 731 1249 796 Ι.
1268 733 1325 798 437.

241 831 403 898 Neutrum
435 829 535 896 hodie
566 831 688 918 legitur
722 841 852 919 praeter
881 832 1087 918 Hesychium
1111 826 1243 918 Τριάκις
1269 827 1328 899 ἀντὶ

240 937 302 1000 τοῦ
322 929 396 1019 τρίς
416 928 589 1011 Λάκωνες,
613 935 670 1018 qui
690 935 753 1000 hae
773 934 809 998 in
829 957 865 1000 ro
887 934 1072 1021 exemplum
1093 942 1266 998 oetemmm
1282 935 1327 998 ad-

240 1033 426 1102 vorbiorum
445 1035 659 1102 numeralium
681 1036 813 1122 sequuti
831 1036 999 1112 videntum
1024 1032 1102 1100 hinc
1122 1033 1252 1100 lortasse
1267 1036 1328 1100 Ari-

241 1137 420 1224 alopbanes
441 1137 611 1224 adoptavit
630 1132 760 1224 τριάκις
778 1160 878 1223 quum
899 1135 1091 1224 peregrinos
1111 1135 1273 1222 loquentes
1289 1137 1327 1200 in·

241 1239 437 1306 troduoeret.
479 1239 612 1306 Etenim
636 1238 720 1304 ratio
747 1239 805 1304 ius
831 1261 852 1304 a
875 1239 1033 1304 brevitate
1058 1237 1329 1324 monosyllabarum

240 1341 380 1428 repetita
400 1341 579 1408 infirmatur
601 1363 640 1406 eo
663 1342 755 1425 quod
775 1341 812 1406 in
836 1341 1000 1407 adverbiis
1026 1341 1131 1406 multa
1154 1338 1329 1426 reperiuntur

240 1442 420 1528 singularia
437 1442 504 1508 aive
526 1443 700 1508 monadica
720 1443 810 1508 velut
831 1444 947 1529 δεῦρο,
974 1439 1069 1529 πρίν,
1091 1436 1217 1526 νύκτωρ
1238 1440 1330 1506 atalia

241 1544 284 1611 ob
307 1544 403 1610 aliam
425 1567 557 1610 oausam
578 1545 767 1630 aurigam,
791 1542 910 1661 quibus
931 1545 1021 1609 nulla
1040 1543 1192 1609 medetur
1210 1541 1328 1617 affatim

241 1657 274 1714 et
294 1669 374 1734 prae
397 1647 513 1714 ceteris
534 1646 714 1713 numeralia
735 1646 868 1762 saepius
892 1669 913 1710 a
938 1645 1105 1712 communi
1127 1642 1270 1729 analogia
1286 1643 1329 1707 da·

241 1748 394 1816 aeiaount.
436 1749 539 1814 Haud
561 1748 690 1835 planior
712 1758 764 1814 est
782 1748 837 1812 via
858 1771 956 1833 quarn
979 1749 1128 1812 Zonaras
1151 1770 1186 1833 p.
1177 1744 1262 1811 ,556
1278 1755 1326 1807 ba·

241 1850 290 1916 dit
310 1848 351 1915 ab
369 1849 564 1916 Herodiano
586 1850 701 1914 initam
724 1871 814 1914 asse:
837 1848 891 1928 δίς
906 1848 966 1915 καὶ
983 1847 1057 1936 τρίς
1072 1842 1146 1914 ἀπὸ
1163 1871 1223 1914 σου
1207 1840 1332 1920 dadau

240 1950 300 2018 καὶ
321 1949 465 2038 τριάκις·
496 1950 555 2017 καὶ
576 1949 711 2038 λέγουσι’
730 1974 817 2029 τινες
843 1946 904 2018 (lvio
934 1946 1149 2033 συλλαβῶν
1131 1945 1256 2033 εγένιισ
1273 1967 1332 2030 σιγ-

239 2046 345 2140 avom}
377 2050 536 2128 καὶπῶς
564 2046 704 2119 δύιαιαι
726 2050 949 2137 τρισύλλαβος
975 2046 1037 2118 δύο
1065 2046 1276 2133 συλλαβὰς
1261 2069 1333 2112 σικε-

240 2151 390 2240 κόῳθαις
424 2151 511 2239 πρὸς
542 2157 642 2220 τοῦτο
655 2151 687 2236 ³)
722 2147 907 2237 λέγομεν”
886 2177 941 2218 on
969 2144 1044 2218 απὸ
1071 2153 1134 2217 τσῦ
1161 2143 1335 2224 decimani

239 2246 370 2372 aprum
392 2243 474 2339 ἆρον
496 2252 534 2320 τὸ
559 2281 581 2320 α
603 2252 662 2320 καὶ
684 2274 719 2317 ιι
741 2251 909 2319 καὶκατὰ
933 2249 1102 2341 σσνίζησιν
1118 2247 1174 2328 δίς
1199 2247 1255 2314 καὶ
1269 2245 1335 2333 τρίς·

239 2347 345 2429 οὕτως
368 2347 584 2438 Ἡριιιὸιανός.
626 2355 693 2421 Hie
723 2354 824 2440 igitur
858 2353 928 2418 sive
953 2376 1049 2418 verus
1079 2353 1152 2417 sive
1178 2348 1336 2416 subditivos

239 2451 449 2518 Herodianus
469 2477 536 2519 non
558 2456 640 2522 duas
661 2455 804 2540 syllabas
826 2456 952 2520 demtas
973 2477 1047 2521 esse
1078 2453 1162 2520 dioit
1191 2454 1250 2519 sed
1273 2451 1337 2515 duas

238 2551 348 2620 literas
372 2544 398 2622 ἆ
419 2565 451 2622 et
475 2543 514 2635 ιζ
527 2580 592 2642 quo
613 2557 699 2624 laeto
721 2557 951 2642 relinquuntur
970 2554 1135 2641 bisyllaba
1158 2576 1300 2640 τρι-ις
1314 2559 1338 2614 el

239 2659 375 2735 cia-19
396 2658 464 2724 sive
484 2659 593 2745 ypailo
616 2659 651 2724 in
671 2658 741 2725 iota
759 2668 884 2723 mutato
908 2659 1049 2736 ds-v9.
1094 2655 1274 2740 Quomodo
1293 2674 1337 2715 au·
1383 2721 1385 2726 ,

239 2769 304 2826 bem
326 2759 401 2826 hine
423 2761 466 2824 ad
488 2759 715 2846 monosyllaba
736 2760 792 2824 illa
812 2759 1013 2846 pervenerit,
1034 2783 1103 2824 non
1125 2757 1264 2846 perinde
1279 2774 1338 2842 per·

238 2861 404 2947 spioimua.
449 2861 601 2946 Synizesi
627 2861 729 2939 enim,
759 2884 845 2946 quae
870 2861 1005 2948 proprie
1035 2861 1083 2926 ita
1111 2860 1249 2936 dieitur,
1276 2854 1338 2920 sen'·

238 2971 334 3048 ptura
362 2962 436 3050 ipsa
462 2974 642 3051 repugnat,
676 2962 843 3048 synaeresi
873 2962 1016 3028 brevitas
1044 2961 1207 3048 syllabae.
1257 2955 1340 3022 Haud
1382 3014 1383 3029 ι

238 3064 344 3130 minus
366 3065 507 3150 argutari
532 3065 659 3130 videtur
681 3087 783 3149 quum
802 3063 1038 3130 vocabulorum
1057 3064 1193 3130 fictores
1214 3062 1249 3125 in
1268 3080 1339 3125 oon·

239 3165 394 3250 ponendo
417 3165 546 3232 duobus
566 3166 784 3231 numeralium
806 3165 984 3250 generibus
1014 3187 1095 3231 usos
1128 3187 1206 3230 ease
1234 3158 1341 3233 suavia

238 3266 366 3330 namin
388 3267 468 3333 ΕΜ.
490 3268 571 3346 346,
599 3268 653 3334 30.
675 3267 838 3350 adjectiva
859 3265 1014 3355 δίμηνσς,
1046 3265 1212 3351 τρίμηνσς
1237 3285 1299 3328 non
1314 3268 1340 3322 ot
1381 3298 1382 3349 v

238 3358 384 3434 nonnulli
407 3390 481 3433 oum
502 3365 635 3447 ὁσάκις,
661 3363 793 3452 τριάκις
821 3377 976 3434 contextu
1000 3389 1075 3433 esse
1103 3366 1279 3432 arbitr-amr
1296 3359 1342 3427 sed
1381 3370 1382 3431 l

239 3461 486 3547 ἇπὸσοῦὀὺσ,
516 3469 649 3553 τρίαν.
671 3468 764 3535 Dias.
786 3469 873 3534 Il.o
874 3470 934 3534 .Ι.
963 3473 989 3554 §.
1011 3469 1043 3534 2.
1078 3491 1166 3553 quae
1195 3489 1271 3533 vero
1293 3465 1340 3527 boa
1381 3442 1383 3523 l

238 3591 389 3635 numeros
408 3571 577 3649 excedant,
600 3593 675 3636 oum
692 3569 873 3636 adverbiis.
896 3568 939 3636 σὰ
961 3565 1011 3646 εἷς
1034 3597 1066 3650 ις
1089 3562 1328 3657 ἐπιρῤήμσσσ’
1315 3589 1342 3628 a

238 3673 281 3757 τῇ
302 3671 458 3738 συνθέσει
480 3666 726 3755 sinodalia
690 3697 730 3738 σο
751 3698 805 3751 κις
824 3668 975 3749 ἑπτάκις,
1000 3667 1211 3759 ἑπτάμηνος·
1235 3662 1272 3736 οὗ
1290 3664 1381 3751 γὰρ

238 3764 308 3838 ἀπὸ
328 3774 389 3837 τοῦ
410 3766 514 3837 ἑπτά·
537 3767 622 3840 oliuo
642 3771 699 3838 και
710 3796 925 3860 τετραμηνσς
949 3765 1135 3859 ἑξάμηνος·
1149 3764 1343 3857 Ἡρωδιανὸς

237 3867 318 3956 περὶ
344 3875 478 3936 παθῶν.
525 3871 604 3937 Duo
629 3871 685 3936 illa
712 3895 821 3957 neque
849 3896 925 3939 oum
955 3872 1008 3950 δίς
1036 3882 1071 3938 et
1101 3870 1174 3959 τρίς
1204 3868 1341 3956 copulata
1380 3900 1381 3909 ι

239 3989 310 4036 esse
332 3970 416 4048 vult,
439 3970 517 4054 quia
538 3968 619 4036 haee
639 3973 723 4059 ipsa,
746 3983 782 4038 ut
803 3975 950 4039 Zonaras
973 3983 1129 4051 testatur,
1161 3996 1184 4038 a
1210 3981 1296 4038 reeta
1319 3977 1343 4030 et

238 4069 372 4156 propria
405 4071 515 4159 speeie
550 4071 733 4137 abalienata
766 4076 926 4154 eredidit,
967 4098 1076 4161 neque
1113 4098 1190 4140 oum
1223 4069 1380 4158 integris

308 4237 334 4305 3)
349 4237 397 4292 Sia
408 4239 508 4292 val›
472 4236 540 4310 πρὸς
551 4235 661 4300 τούτους
677 4241 856 4296 scribendum
874 4258 927 4314 pro
946 4259 981 4298 eo
1000 4245 1078 4313 quod
1091 4242 1201 4298 editum
1222 4248 1264 4296 est
1280 4241 1344 4292 lxta-

240 4313 333 4388 ιιόφθιι
336 4341 343 4372 ι
356 4341 409 4390 πρ
422 4343 468 4376 ιοιι
472 4344 534 4388 vou,·
