2825 4809
284 368 349 433 DE
370 364 648 433 PAREOTASI.
693 364 733 432 C.
756 365 785 433 1.
818 370 844 451 ξ.
868 367 898 430 1.
1076 369 1152 442 4θῦ

82 572 105 625 et
119 558 169 623 hae
186 555 324 640 dispares
349 550 528 619 sententiae
551 551 710 638 permixte
732 555 973 637 proponuntur
985 548 1022 615 in
1040 547 1152 635 Epim.

79 663 99 726 l.
113 658 171 725 205.
191 656 244 721 sed
263 654 330 721 veri
354 654 489 719 similius
512 654 562 718 est
583 652 680 721 ἅπτει
706 652 905 740 primitivum
929 675 1014 731 esse,
1038 648 1152 718 ἶάπιω

80 758 208 849 prosthesi
222 768 347 824 anetum
362 780 392 823 v.
399 756 492 822 Diss.
499 755 527 819 Ι.
544 776 572 821 ο.
581 754 642 822 IV.
654 758 680 839 §.
690 755 719 820 1.
741 756 800 821 Ad
813 754 997 842 pleonasmi
1008 752 1153 840 speeiem

77 864 199 929 incinunt
217 862 347 947 glossae
362 856 523 943 Hesyobii
545 867 578 923 et
598 854 713 922 Pbotii
729 852 918 942 Ἀραβιλλας
937 851 1152 940 ὑποδήματα,

77 957 225 1047 Γογγάλιον
245 960 361 1047 νεύρου
379 956 552 1047 σοοιροφή
566 959 612 1043 ⁴),
630 953 791 1044 Καοαρός
807 953 924 1037 κακός,
944 957 1035 1043 quod
1051 957 1153 1023 inter-

75 1072 157 1149 pretes
176 1085 244 1128 oum
263 1060 386 1147 καιρός
408 1070 625 1148 componunt,
648 1058 816 1143 Κίγνιαλος
837 1051 929 1135 εἶδος
950 1053 1066 1143 ὀρνέου
1089 1056 1154 1123 hoo

76 1176 111 1229 ost
123 1164 269 1230 motacilla
286 1186 370 1249 quae
387 1163 486 1250 vulgo
506 1159 639 1249 κίρκλος
656 1171 689 1227 et
703 1159 879 1247 κίλλονρος
893 1160 1020 1238 dieitur,
1038 1154 1155 1227 'Oenei-

73 1264 128 1351 λιγξ
138 1260 302 1349 πλόκαμος
316 1264 388 1345 ἕλιξ
403 1262 599 1351 βόστρυχος,
614 1284 690 1331 nam
703 1263 793 1329 idem
808 1285 930 1329 nomen
944 1273 995 1329 est
1006 1257 1153 1347 ι’)ὀνλιρξ,

74 1359 193 1449 loetali,
214 1359 366 1454 ὅοιριγξ,
387 1389 472 1451 quae
488 1366 522 1430 in
536 1365 638 1432 Proll.
653 1365 725 1433 140.
742 1364 786 1429 ad
801 1366 937 1453 οτρέφω
953 1364 1050 1430 retuli
1065 1364 1155 1431 unda

72 1465 200 1550 οιρεβλός
226 1478 259 1533 et
283 1464 486 1557 οιρόφαλος.
531 1468 671 1537 sivero
700 1476 750 1533 est
774 1465 942 1533 Eustatbii
968 1468 1156 1551 oonjeetuta

72 1560 209 1651 ἡλαλιός
228 1565 311 1648 ἴσως
333 1567 428 1657 παρὰ
450 1569 509 1657 τὴν
530 1560 621 1637 ὦλκα
643 1594 677 1656 p.
697 1569 773 1646 328,
796 1570 824 1633 1.
849 1568 981 1657 poetico
998 1565 1156 1645 Ἰαωλκός

71 1678 170 1751 praeter
194 1668 261 1735 iota
290 1672 429 1737 aoeessit
457 1670 566 1759 alpha
610 1672 679 1740 Sed
707 1672 749 1738 (le
771 1670 834 1737 boo
856 1681 890 1737 et
910 1671 982 1737 aliia
1007 1670 1157 1735 looorum

71 1768 204 1837 vocabulis
220 1768 341 1859 ’Ἀρβις
364 1785 397 1837 et
409 1765 570 1859 Ἄραβις,
593 1769 780 1862 Σελγησοός
800 1783 835 1839 et
853 1767 1072 1857 Σαλαγαοοός
1093 1780 1155 1838 eto.

66 1870 205 1951 judicandi
229 1872 366 1939 faoultas
388 1875 488 1941 nulla.
538 1870 714 1941 Crebriora
740 1898 819 1941 vero
846 1873 943 1958 hujus
971 1872 1157 1960 pleonasmi

70 1972 177 2058 vetigia
197 1974 346 2041 videmus
372 1976 407 2041 in
428 1976 712 2043 terminationibus
737 1976 971 2043 vocabulorum
1009 1997 1155 2042 eommu-

69 2072 149 2151 nium3
177 2074 304 2155 Σοάδες
337 2073 373 2145 oi
405 2076 462 2155 ὕες
494 2077 788 2165 ἐσχηματισμένος
813 2079 897 2144 Hes.
923 2076 998 2166 ληΐς
1026 2077 1157 2163 captiva

70 2174 151 2241 Noun.
165 2176 337 2246 XXXIV.
355 2177 426 2244 167.
448 2190 481 2244 et
500 2178 612 2265 ληιάς,
637 2179 743 2264 opimis
763 2178 907 2263 δμωϊοίς,
927 2177 1017 2255 Nato
1032 2175 1155 2257 Ναῖοὶς,

70 2285 119 2339 tun
131 2279 423 2365 patronymicorum
439 2279 675 2369 Τιλαμιονίόης
691 2280 750 2347 stul
767 2280 969 2367 πλεονασμῷ
987 2282 1157 2367 ποιητικῷ

71 2376 301 2469 Τελαμωνιάδης
321 2381 432 2469 Epim.
450 2381 479 2447 L
501 2381 575 2447 261.
598 2381 711 2449 Sohol.
732 2381 834 2447 Dion.
857 2380 1001 2449 Gramm.
1018 2381 1092 2447 849.
1115 2381 1157 2447 ei.

66 2476 143 2543 Proll
160 2479 231 2547 503.
254 2492 292 2550 et
311 2481 458 2550 feminini
479 2484 609 2571 generis
625 2479 742 2568 Ἀρηΐς
761 2483 879 2549 Martis
901 2484 968 2549 filia
990 2484 1105 2566 Quint
1127 2484 1156 2551 Ι.

65 2578 120 2646 206.
135 2575 270 2671 Ἀρηιός
293 2583 355 2650 187
380 2594 441 2651 eto.
465 2586 568 2651 Proll.
590 2585 654 2651 466
676 2607 726 2670 sq.
749 2594 819 2649 tum
842 2585 1044 2672 topicorum,
1071 2608 1158 2670 quae

66 2680 142 2767 alpha
170 2684 308 2772 longum
337 2686 479 2785 babent:
514 2680 582 2755 ἀπὸ
616 2690 675 2754 τοῦ
708 2684 848 2773 Σπάρτη
877 2685 1071 2775 Σπαριίτης
1101 2686 1158 2753 καὶ

64 2786 238 2875 πλεονασμῷ
263 2791 323 2856 τοῦ
346 2814 369 2853 α
389 2787 621 2878 Σπαρτιάτης,
652 2782 772 2870 ὅμοιόν
793 2784 866 2853 ἐστι
890 2790 938 2873 τῷ
961 2783 1158 2873 Κροτωνιά-

64 2906 117 2971 της·
132 2882 342 2973 Ἡρωδιανὸς
363 2890 443 2976 περὶ
463 2894 589 2956 παθῶν
609 2888 688 2957 ΕΜ.
713 2888 785 2967 722,
804 2889 857 2953 40.
881 2888 1059 2974 Νώνακρις
1079 2894 1159 2955 Noo-

64 2986 193 3075 νοιρίτης
216 2992 278 3057 καὶ
303 2990 390 3059 κατὰ
411 2990 624 3076 πλεονασμὸν
647 2994 706 3057 soti
732 2978 1018 3077 ἆΝωναιριάιης
1040 2989 1158 3076 Stepb.

65 3109 177 3170 quorum
193 3103 349 3159 neutrum
367 3094 461 3159 aliter
479 3092 636 3178 scriptum
651 3092 823 3177 reperitur.
859 3090 916 3157 sic
935 3100 968 3155 et
984 3088 1160 3179 Φαοιάιης

63 3190 243 3282 πλεονασμῷ
262 3200 324 3261 τοῦ
345 3183 447 3263 oete.
491 3195 644 3260 Duorum
660 3192 922 3279 possessivorum
933 3188 1161 3281 Ἀκαδημικός

64 3285 249 3381 ιλὈρφικός
265 3296 359 3363 alteri
375 3296 579 3363 consuetudo
596 3316 717 3383 graeca
731 3293 887 3380 praetulit
897 3287 1159 3382 Ἀκαδημαὶλιός,

63 3390 134 3457 alten·
162 3398 304 3463 accessit
332 3398 511 3485 ignobilius
536 3392 731 3486 Ὀρφαϊκός.
780 3397 836 3461 Ex
862 3396 1068 3483 appellativis
1095 3395 1161 3461 hue

63 3494 203 3575 pertinent
218 3498 339 3588 ἕρκιης
356 3509 389 3564 et
406 3495 546 3587 ἐργάτης
563 3497 605 3565 ab
622 3496 709 3584 ἔργω
725 3498 859 3565 ductum
876 3508 913 3564 ut
929 3497 1028 3566 ἅπιω
1045 3491 1161 3585 ἀπάιρ

62 3592 226 3670 Prol370.
248 3600 475 3687 novitiumque
496 3597 648 3686 οταύαρα
669 3598 713 3667 τὰ
735 3600 821 3667 κατὰ
843 3598 980 3689 φθορὰν
1000 3596 1161 3687 λεγόμενα

61 3694 135 3763 bost.
158 3701 252 3781 1358,
277 3702 329 3769 56.
355 3702 392 3769 id
413 3713 464 3769 est
483 3700 625 3789 οιαοροί
644 3711 678 3767 et
697 3701 858 3785 adjectiva
879 3725 948 3767 non
968 3703 1070 3769 multo
1091 3727 1162 3769 me·

61 3796 132 3867 lioris
149 3814 260 3887 notae,
283 3798 462 3891 ἀργεννοῖος
481 3802 560 3888 (hoo
582 3805 734 3888 autentu)
757 3828 818 3892 pro
840 3800 998 3890 ἀργεννοῖς
1019 3818 1053 3872 et
1074 3804 1163 3874 οἶκό-

62 3922 144 3981 οαιος
163 3928 224 3991 pro
249 3901 419 3985 εἰκοστός,
448 3904 531 3970 illud
556 3904 773 3994 Theophanis
796 3906 900 3973 Anth.
921 3907 1001 3976 XV.
1024 3908 1076 3974 33.
1098 3908 1162 3977 boo

112 4158 139 4228 l)
155 4160 220 4217 Hoo
244 4157 462 4232 pleonastioiis
452 4158 600 4215 inserimus
624 4159 691 4231 quia
714 4160 801 4231 vulgo
827 4178 885 4215 non
907 4160 988 4215 siev
971 4170 1088 4218 vocatur
1110 4168 1163 4223 sed

60 4248 192 4313 rwyytov
209 4264 243 4301 re
261 4262 329 4301 vera
344 4246 454 4317 syllaba
471 4248 524 4315 γαλ
541 4244 684 4319 primitiva
700 4254 756 4314 est,
773 4264 845 4319 quae
864 4248 1021 4314 autemst,
1036 4254 1163 4325 redupli-

61 4334 153 4387 conv
170 4332 249 4388 Dias.
264 4332 288 4387 1
309 4332 460 4399 e...8.8§
