2825 4809
260 331 326 395 nn
351 329 644 400 nmsnsnrsr.
688 332 729 399 a.
752 333 818 400 111.
850 337 876 420 §-
900 335 930 402 1.
1081 339 1157 414 527

66 519 156 612 primii
173 537 267 601 qoam
287 474 495 600 τελαρύζειν.
538 516 596 582 Ab
624 517 769 583 omniurn
795 541 880 604 quae
912 519 1069 588 haetenus
1098 541 1157 586 ox·

66 621 155 712 posita
183 626 256 681 sunt
291 615 503 683 similitudine
538 618 638 705 longe
673 631 881 686 assesserunt
917 622 974 707 qui
1008 622 1156 688 vooaIem

67 731 178 811 quartae
201 739 221 782 a
241 718 306 784 fine
327 718 473 804 syllabae
494 719 531 786 in
552 721 765 820 penultimam
786 732 984 790 transmeare
1009 733 1156 790 statuunt

65 820 197 912 sap'yasog
217 817 275 884 καὶ
297 814 480 905 ὑπερθέσει
502 826 561 889 τοῦ
584 818 778 911 impiatos
804 825 883 894 sch.
907 826 951 890 A.
981 825 1024 890 ad
1044 825 1084 890 II.
1106 825 1155 890 Il.

63 927 104 991 13.
127 922 217 988 XIV.
244 921 317 986 185.
346 923 428 988 ΕΜ.
455 922 536 1000 602,
573 924 624 990 15.
653 925 745 1009 quod
773 927 991 992 Buttmannus
1019 927 1103 992 Lex.
1125 926 1155 990 Ι.

62 1025 120 1092 200.
140 1023 268 1089 medere
295 1045 363 1088 non
384 1023 553 1089 dubitavit.
597 1025 668 1092 Sed
690 1026 802 1113 Epim.
824 1027 852 1094 Ι.
874 1027 927 1094 29.
956 1026 1038 1092 nihil
1067 1027 1159 1092 aliud

63 1149 141 1213 quam
160 1125 286 1212 epsilon
313 1125 512 1212 penultimae
532 1127 716 1192 redundare
738 1127 831 1205 dioit3
862 1151 960 1214 quam
988 1130 1156 1214 eonjeotu·

62 1225 441 1325 rampstabilitHesiodns
464 1249 526 1314 pro
553 1225 662 1316 φατός
685 1251 849 1316 usurpans
874 1225 1014 1318 φατειός
1040 1231 1076 1296 id
1107 1242 1159 1298 est

62 1327 174 1416 φατέος.
216 1328 374 1394 Aoristns
387 1328 608 1414 aPhrynioho
629 1339 761 1396 notatus
783 1326 1001 1417 περιέοσεύσε
1022 1354 1090 1398 non
1112 1332 1158 1398 ab

60 1427 226 1517 hyperthesi
247 1430 416 1517 profectus
441 1441 491 1495 est
506 1431 566 1496 sed
584 1429 626 1495 ab
646 1431 810 1518 imperitia
832 1453 943 1497 eorum
962 1433 1019 1518 qui
1037 1457 1156 1521 περιο-

61 1531 131 1598 aa'm
150 1533 369 1620 compositum
390 1541 543 1620 putarent
562 1544 600 1596 ut
624 1529 835 1618 περιοτείχω.
869 1534 987 1618 Neque
1009 1534 1074 1600 huo
1095 1535 1156 1600 ad·

58 1633 191 1698 mittimus
220 1634 398 1718 ἐκάμμυοα
427 1629 699 1717 attaminatum,
728 1633 819 1718 quod
840 1635 1039 1720 Apollonius
1062 1637 1156 1722 synt.

59 1736 105 1802 IV.
125 1736 152 1813 7,
171 1736 247 1801 317.
271 1735 379 1820 (323.)
401 1735 508 1800 minus
530 1735 702 1800 commode
731 1755 805 1798 oum
833 1728 992 1823 ἡνόχλουν
1019 1738 1157 1823 aliisque

58 1837 202 1922 augmenti
224 1837 269 1901 ad
291 1837 571 1924 praepositionem
591 1835 738 1900 translati
758 1835 916 1923 exemplis
939 1837 1073 1904 confert.
1114 1837 1159 1904 Id

58 1939 126 2001 enin
145 1949 231 2004 reete
253 1939 450 2007 declinatum
472 1948 523 2004 est
541 1961 563 2001 a
587 1937 752 2023 praesenti
774 1937 890 2002 vitiose
908 1938 984 2004 flato
1002 1935 1156 2022 samaim,

56 2040 126 2104 unde
144 2036 325 2122 καμμῦσο),
349 2040 601 2123 κεκαμμομένος
617 2038 698 2103 ΕΜ.
715 2038 766 2115 87,
782 2039 834 2102 31.
852 2035 1019 2124 estimpensa
1031 2039 1157 2123 (omiss.

56 2141 81 2203 in
99 2141 209 2226 Thes.)
231 2142 270 2206 in
291 2140 458 2206 Hermetis
481 2139 567 2204 Pim.
586 2147 618 2205 a.
640 2139 668 2205 Ι.
691 2163 725 2226 p.
750 2140 799 2205 12.
822 2140 874 2206 ed.
896 2139 1024 2206 Rossel.

498 2415 611 2482 GAP.
635 2416 700 2481 III.

187 2571 243 2644 De
267 2569 452 2642 metathesi
475 2572 699 2668 aspirationis
727 2581 762 2641 et
788 2571 1001 2666 qaaate'tatz's.

120 2760 145 2842 ξ.
169 2759 199 2821 1.
243 2756 305 2822 Aa
334 2755 424 2820 illam
453 2754 594 2843 pertinet
620 2752 793 2840 Apollonii
823 2763 1035 2842 praeceptum
1064 2754 1158 2839 Synt.

49 2856 137 2922 125.
157 2880 192 2945 p.
215 2857 273 2923 55.
299 2857 355 2941 (61
378 2856 499 2942 Bekk.)
532 2855 576 2923 τὰ
600 2854 689 2945 ψιλὰ
716 2851 764 2933 εἷς
789 2856 894 2922 δασέα
918 2853 1161 2937 parastatarum

50 2953 76 3024 oi
90 2953 200 3039 Ἴωνες
231 2958 295 3025 καὶ
321 2957 364 3025 τὰ
391 2961 497 3026 δασέα
519 2954 568 3034 εἷς
590 2955 676 3044 ψιλὰ
699 2951 746 3034 ὡς
767 2951 826 3022 ἐπὶ
847 2960 907 3021 τοῦ
929 2950 1036 3043 τάφος
1058 2961 1161 3042 τεθρ-

50 3052 151 3139 πότες,
176 3059 332 3127 ἐνταῦθα
355 3058 513 3126 ἐνθαῦτα.
546 3057 658 3125 SohoI.
681 3057 777 3144 Lipe.
802 3055 846 3119 ad
867 3055 906 3120 Il.
928 3055 990 3123 IV.
1009 3056 1082 3122 243.
1105 3081 1160 3122 τε·

48 3157 244 3245 θηττότες-
256 3159 296 3240 ἐξ
313 3149 354 3226 oi
372 3156 491 3238 θάττος
508 3159 566 3224 καὶ
581 3159 772 3246 μεταλλαχῇ
788 3159 854 3222 τῶν
868 3154 1042 3239 στοιχείων
1052 3152 1162 3243 τάφος
1289 3187 1291 3192 ·

48 3252 86 3335 ὡς
108 3255 193 3346 παρ’
222 3257 400 3347 Ἡροδότῳ
425 3258 604 3344 βάθροκος
632 3254 652 3325 ὃ
679 3253 846 3344 βάτραχος
877 3255 933 3323 καὶ
959 3255 1163 3343 μονόχυτρον

45 3358 272 3448 novissimos.
304 3360 496 3427 Priscianus
516 3359 614 3427 VIII.
640 3357 693 3424 98.
716 3382 749 3445 p.
767 3358 842 3424 430.
866 3357 970 3442 (840.)
995 3360 1163 3424 translatio

47 3463 313 3544 itaspiratiom's
343 3483 365 3528 a
388 3466 498 3546 prima
524 3464 567 3528 ad
594 3473 791 3544 postremam
823 3461 976 3542 satiatam
1006 3462 1163 3542 ammodo

46 3556 146 3646 κύθρα
168 3583 234 3647 pro
254 3562 375 3648 χύτρα,
397 3563 546 3630 ἐνθαῦτα
567 3581 628 3644 pro
648 3560 808 3638 ἐνταῦθα,
832 3562 916 3643 quod
938 3573 983 3627 est
1006 3563 1146 3627 ionicum
1153 3583 1163 3637 ;
1208 3598 1216 3602 -

46 3664 81 3725 at
99 3666 190 3747 cajus
213 3668 428 3731 imitationem
447 3665 558 3730 Latini
579 3660 753 3748 θρίαμβος
780 3664 959 3744 triumphas
978 3681 1036 3744 per
1058 3673 1165 3728 troas-

44 3769 247 3832 matatioaem
268 3768 478 3848 ospitattom's
497 3766 712 3846 protulerant.
758 3761 1034 3847 Transponuntur
1065 3761 1167 3847 igitur

45 3874 144 3930 notae
165 3877 228 3931 aut
252 3866 401 3950 ejusdem
422 3864 548 3930 ordinis
566 3874 625 3928 ant
649 3862 883 3928 antietoeohee.
926 3863 1085 3947 Ejusdem
1111 3883 1165 3927 or-

45 3963 120 4032 dinis
163 3967 310 4033 labiales
347 3977 586 4033 commntantur
625 3966 661 4031 in
695 3965 778 4030 deae
810 3964 1006 4050 cognomino
1042 3957 1166 4046 Φάπηο

44 4065 212 4156 (wastina)
248 4067 310 4156 τὴν
339 4066 484 4158 Παφίην
512 4070 595 4133 Hes.
625 4067 718 4154 quod
745 4065 842 4151 hujus
872 4064 1002 4151 generis
1033 4061 1167 4127 unicum

43 4179 101 4246 est3
127 4195 210 4236 nam
240 4193 304 4258 pro
332 4162 487 4258 ὄφεπτος
515 4171 633 4238 Soron.
665 4169 706 4234 de
737 4166 884 4235 Obstetr.
914 4189 947 4254 p.
974 4164 1047 4231 202.
1075 4163 1165 4230 Flor.

42 4266 232 4340 Lobeekius
255 4271 386 4364 scripsit
408 4267 582 4361 ἅπεφθος.
625 4268 783 4336 Denteles
806 4269 841 4334 in
863 4265 1010 4350 θωτάζιο
1033 4274 1065 4330 et
1088 4263 1168 4334 ima·-
