2825 4809
291 365 356 432 un
377 362 655 434 Pnuucunsr.
701 363 741 431 c.
755 364 821 434 ιν.
844 366 869 451 ι.
888 364 921 430 ι.
1092 349 1174 447 ιιι

84 545 275 641 Ληιῶιοςῒό)
304 558 365 616 eta.
430 549 526 616 Haeo
558 549 645 619 euim
673 548 935 616 terminationem
962 535 1020 625 To}
1052 549 1174 628 vocali,

84 675 133 739 qua
150 650 334 738 primitivum
357 649 484 729 fluitur,
514 651 585 718 eino
607 651 674 716 ulle
696 650 877 719 mutatione
903 649 1089 737 appositam
1109 651 1175 716 ha·

83 755 159 832 bmt,
185 751 270 838 quod
295 752 333 818 iu
352 750 416 818 hoe
439 773 506 820 uno
540 771 661 838 genere
690 753 860 819 nominum
884 752 1174 830 animadvertitm3

81 877 138 920 nam
158 874 225 920 eum
246 852 344 939 alpha
365 861 399 918 et
420 863 473 918 eta
493 851 582 918 finali
599 853 981 938 oolliqueaoitpovoaioc,
997 860 1170 938 πετραῖος,

81 956 239 1042 praeter-71}
260 949 353 1042 γήιος
374 952 480 1038 quod,
511 953 539 1018 ai
565 953 809 1040 incorruptum,
841 961 930 1020 uerte
959 952 1093 1018 unicum
1116 963 1173 1020 eat
1247 991 1251 998 ·

79 1067 106 1122 ut
121 1059 155 1143 νῆ
172 1055 290 1141 ἰριιιιιις
320 1054 355 1120 in
384 1055 487 1122 Anth.
513 1055 700 1121 Brunokiuo
730 1049 844 1141 γήινος
871 1053 1021 1140 reposuit
1046 1074 1066 1120 e
1090 1053 1169 1120 eod

79 1157 204 1233 ιοιιιιιις
224 1156 315 1242 apud
336 1156 519 1222 Arcadium
537 1155 591 1221 40.
614 1150 703 1242 ἰήιος
724 1152 879 1220 eubetitui
902 1164 1030 1240 poteet3
1059 1155 1173 1241 Apol·

77 1257 163 1322 lenius
181 1257 251 1344 ipae
272 1258 314 1322 de
334 1258 425 1323 Adv.
446 1255 520 1322 586.
543 1256 702 1322 duntaxat
725 1256 792 1322 duo
819 1254 981 1320 voeabula
1005 1276 1080 1320 eene
1099 1278 1173 1322 me·

78 1369 161 1424 morat
189 1359 221 1424 in
252 1356 372 1443 quibus
400 1357 523 1424 vocalia
553 1356 696 1422 nominis
728 1355 883 1444 primitivi
916 1367 1062 1422 extrema
1094 1367 1175 1424 ante

76 1458 308 1526 terminationem
336 1469 481 1526 servetur
514 1458 642 1544 integra
669 1463 815 1540 μνααῖος
852 1467 885 1524 et
908 1453 1027 1546 γήδιον
1054 1457 1091 1523 id
1121 1471 1173 1524 eet

76 1556 181 1646 γηίδιον
195 1583 224 1624 v.
236 1560 329 1626 Dies.
340 1561 386 1624 11.
403 1561 445 1626 P.
460 1560 488 1626 1.
506 1581 535 1626 o.
548 1560 611 1626 111.
630 1561 656 1644 ξ.
668 1557 699 1622 2.
720 1579 760 1623 ao
779 1553 1094 1647 eiyrjtocoognitum
1110 1560 1174 1624 ha-

75 1658 136 1736 buit,
155 1659 290 1726 fortasse
305 1661 362 1726 ⁴aio
384 1659 529 1726 animum
549 1659 681 1726 induxit
708 1681 731 1724 a
751 1658 813 1745 γέν
834 1659 976 1745 primum
997 1659 1090 1746 γέϊος
1111 1663 1176 1728 de·

76 1759 203 1826 dinatum
228 1783 303 1828 oeae
327 1771 366 1826 ut
394 1759 571 1847 ἐπιγιΐζω,
607 1772 677 1828 tum
705 1761 928 1826 eontraetione
961 1760 1047 1826 faeta
1072 1767 1173 1847 γεῖος,

74 1861 142 1925 unde
162 1858 253 1949 νήιος
275 1862 368 1928 nasei
389 1861 500 1948 potuit
526 1871 565 1928 ut
587 1867 686 1940 Τιῖος
710 1856 815 1950 Τήιος
838 1861 955 1950 Steph.
984 1856 1174 1949 βασιλήιος,

67 1954 227 2049 Ἀχιϋήιος
251 1974 315 2030 eto.
358 1963 437 2030 Huc
460 1962 596 2029 inclinat
613 1963 695 2030 EM.
717 1961 799 2040 263,
827 1963 881 2028 31.
905 1959 1000 2047 παρὰ
1029 1959 1069 2030 τὸ
1096 1960 1178 2040 δέος

74 2059 145 2138 δι’ϊος
165 2063 221 2144 καὶ
244 2060 358 2152 ὄήιος,
390 2065 482 2150 quod
508 2065 543 2130 in
566 2065 649 2154 ὄῇος
669 2059 887 2139 contrahitur,
918 2072 952 2128 et
971 2061 1176 2148 Apollonius

74 2183 182 2247 quoque
200 2166 290 2232 Adv.
311 2165 386 2231 567.
406 2164 526 2288 παρὰ
522 2164 561 2234 τὰ
585 2163 645 2250 ῥέοι
665 2156 704 2250 ἢν
724 2187 760 2228 τι
779 2154 942 2250 ·ριΐδιος8
957 2157 1041 2247 παρ’
1056 2154 1175 2230 ”quen

72 2259 177 2345 ἐγένετο
198 2261 383 2387 (itidemst
364 2260 427 2354 αφ’
449 2256 488 2334 οὗ
512 2263 635 2334 ἔπιπτι
656 2263 743 2332 κατὰ
761 2257 947 2346 μετάθεσιν
965 2262 1100 2349 ριιΐδιος
1114 2263 1174 2328 καὶ

71 2360 138 2430 κατὰ
155 2363 348 2452 οννοίρεσιν
370 2361 536 2454 ροἱδιοςε
513 2391 557 2445 ως
579 2361 695 2504 Λάϊος
716 2368 821 2452 Λᾷος
847 2361 908 2430 ναὶ
931 2357 1043 2450 λήιον,
1066 2359 1173 2442 tutior,

69 2461 144 2548 λᾷον.
1145 2501 1150 2507 ·

136 2566 159 2647 §.
179 2564 210 2630 5.
254 2565 314 2630 Ab
336 2566 524 2650 adjectivis}
552 2565 671 2652 quibua
692 2563 826 2631 nomina
855 2563 890 2626 in
912 2586 958 2641 ως
978 2549 1066 2630 et‘
1030 2592 1058 2631 ω
1081 2575 1178 2630 ante·

67 2662 178 2742 cedunt,
198 2688 386 2734 sermonem
404 2667 628 2734 tmueieaimue
650 2666 693 2732 ad
717 2687 757 2730 ea
776 2685 860 2750 quae
874 2664 1000 2730 nullum
1011 2665 1175 2750 ejuemodi

66 2760 299 2832 fundamentum
319 2767 450 2834 habent,
493 2769 589 2835 Haeo
611 2767 746 2853 quidam
767 2789 788 2830 a
808 2765 1007 2844 nominibus,
1034 2789 1177 2851 quorum

66 2863 106 2928 vel
124 2865 245 2951 primus
268 2868 322 2932 vel
343 2870 508 2936 secundus
530 2891 626 2936 casus
650 2866 778 2954 syllaba
796 2857 836 2946 οξ
856 2868 1062 2946 terminatum,
1085 2869 1179 2935 deri·

66 2974 127 3030 vata
149 2989 220 3034 esee
242 2968 394 3036 dictitant
413 2995 431 3037 ο
453 2969 581 3038 brevi
572 2995 606 3034 m
629 2971 766 3055 longum
787 2978 928 3036 mutato·
958 2967 996 3034 ἐκ
1023 2972 1083 3055 τῆς
1099 2993 1177 3034 πα

64 3065 128 3145 νοός
155 3073 288 3156 γενικῆς
325 3068 452 3155 γίνεται
488 3075 654 3155 ποτροῖος
687 3066 733 3148 ὡς
761 3065 890 3147 παντός
923 3072 1086 3145 παντοῖος
1114 3065 1177 3135 καὶ

64 3161 179 3234 ἐκτάσει
199 3175 265 3236 τοῦ
290 3194 309 3236 ο
338 3175 498 3258 πατρῷος
527 3168 685 3294 μένοντος
711 3174 770 3237 τοῦ
797 3197 811 3236 ι
834 3168 869 3236 ἐν
889 3174 932 3257 τῇ
954 3171 1178 3258 προςγροφῇ

64 3262 137 3332 οὕτω
165 3265 204 3334 de
231 3269 293 3336 καὶ
317 3267 356 3336 τὸ
380 3274 535 3358 μητρῷοι
569 3267 695 3357 γίνεται
723 3269 784 3338 καὶ
811 3269 851 3340 τὸ
878 3271 1070 3355 παππῷος·
1100 3294 1180 3341 οτι

62 3361 187 3446 χθέντος
205 3367 245 3436 da
260 3394 322 3436 τον
305 3373 650 3458 ”προςγινρομμένοο
674 3397 687 3438 ι
710 3369 770 3436 καὶ
796 3365 899 3448 εὐθὺς
919 3367 1180 3459 ἐπινοηθέντος

63 3460 174 3544 γίνεται
195 3464 385 3556 πατρώιος,
404 3467 581 3557 aqueum,
604 3469 797 3550 παππιόιος
815 3473 912 3538 Euat,
938 3470 1032 3548 1409,
1056 3471 1110 3536 44.
1136 3469 1176 3536 ἐκ

61 3565 109 3648 τῆς
127 3562 211 3654 ἠόος
240 3573 374 3656 γενικῆς
402 3569 588 3657 προςθέσει
613 3575 673 3638 νοῦ
706 3598 721 3637 ι
741 3570 869 3658 γινιτιιι
895 3567 992 3661 ἧοῖος
1013 3565 1060 3648 ὥς
1085 3593 1181 3637 πον

61 3669 155 3746 τοῖος,
185 3661 343 3748 ἀλλοῖος,
370 3667 470 3748 ἕξ’
430 3673 532 3738 αυτοῦ
559 3666 633 3738 δι’
614 3676 762 3760 ηῷοςρ.
787 3674 860 3751 727,
881 3673 969 3741 52-
979 3672 1032 3738 58.
1076 3673 1181 3739 Hane

60 3760 87 3827 in
106 3779 234 3854 partem
258 3768 287 3834 si
310 3769 383 3854 quia
405 3771 621 3849 descenderit,
635 3776 814 3861 πατρῷος,
832 3775 1007 3862 Σοπφῳος
1024 3784 1085 3840 eto.
1106 3796 1180 3847 non

61 3879 216 3942 eontracta
251 3893 326 3938 oeae
358 3882 478 3940 statuet
510 3874 571 3940 sed
602 3873 752 3960 proxime
785 3873 915 3940 deflexa
947 3894 969 3936 a
998 3878 1175 3956 πατροῖος,

58 3967 232 4058 Σοπφοῖος
252 3981 291 4036 ut
311 3994 331 4036 a
355 3972 461 4060 Τροία
487 3971 604 4062 Tadio,
637 3972 889 4042 reclamantibus
917 3973 989 4041 aliia
1014 3973 1072 4056 qui
1092 3970 1181 4037 haee
1283 4028 1285 4031 .

119 4209 163 4276 25)
176 4209 248 4264 Hoc
259 4217 374 4282 preater
386 4208 517 4280 Tioogn.
536 4208 554 4262 l.
574 4225 599 4262 e.
619 4225 676 4262 non
694 4207 790 4280 reperi
805 4210 857 4263 aed
875 4207 944 4262 satie
963 4206 1032 4262 iacit
1050 4203 1183 4260 Ιπιιοῐιιε

58 4286 176 4348 latinum.

102 4380 242 4429 hohen,
261 4381 351 4422 Pathol.
921 4376 964 4443 29
