2825 4809
235 394 259 471 8
577 384 788 455 Parnon.
809 384 1008 456 PROOEM.

236 576 342 645 exitus
361 573 578 642 derivatorum
594 574 695 643 libere
713 576 858 642 varianti.
902 577 972 645 Sed
993 576 1144 641 nimirum
1166 576 1213 641 illi
1234 600 1341 664 super·

235 679 354 747 stitiosi
375 679 545 765 analogiae
567 678 799 765 speculatores,
822 678 940 765 quibus
958 700 1151 765 persuasum
1169 678 1233 743 fuit
1250 702 1342 745 voea-

234 782 385 849 bulorum
405 782 534 847 fictores
555 781 648 866 quasi
665 782 867 868 praescripta
882 780 1077 845 lineamenta
1093 790 1248 876 sequutcs
1262 804 1341 858 esse,

233 885 340 950 facere
366 893 648 970 conposuerunt,
677 883 757 969 quin
779 883 904 960 omnia,
935 903 1020 966 quae
1046 903 1113 947 non
1138 882 1181 945 ad
1205 881 1343 947 libellam

234 986 570 1074 aequareperissent,
592 987 644 1051 vel
664 995 760 1050 aucta
779 986 832 1050 vel
853 983 1022 1049 imminuta
1040 982 1092 1050 vel
1115 982 1178 1047 alia
1196 984 1343 1070 quapiam
1382 970 1386 975 ’

234 1088 442 1175 corruptione
457 1098 605 1156 contacta
620 1096 781 1175 putarent.
811 1087 883 1152 Nos
897 1107 974 1150 vero
989 1084 1073 1149 hanc
1086 1077 1343 1169 inaequalitatem

234 1202 389 1256 enatura
411 1190 592 1278 profectam
614 1200 647 1255 et
668 1212 742 1255 cum
762 1186 928 1253 vocabulis
950 1187 1033 1274 ipsis
1053 1196 1162 1250 natam
1186 1208 1258 1252 esse
1278 1198 1342 1252 sta·

232 1292 363 1358 tuimus.
414 1292 483 1360 Sed
509 1292 684 1357 maximam
712 1291 920 1356 affectionum
947 1289 1077 1376 copiam
1103 1288 1259 1375 produxit
1282 1288 1343 1354 im-

233 1393 338 1482 proba
356 1394 614 1479 etymologorum
632 1394 798 1459 sedulitas.
841 1393 929 1458 Nam
947 1416 1046 1478 quum
1063 1392 1164 1456 multa
1180 1392 1343 1478 reperian-

231 1504 285 1561 tur
297 1496 466 1573 vocabula,
484 1518 568 1581 quae
584 1494 727 1560 derivata
743 1517 815 1560 esse
828 1504 949 1581 pateat,
966 1494 1127 1581 principia
1141 1515 1218 1558 vero
1235 1516 1344 1559 eorum

232 1607 290 1661 aut
309 1597 399 1661 nulla
418 1597 555 1662 inveniri
576 1596 706 1684 possint
727 1607 783 1661 aut
801 1589 897 1661 ualde
919 1595 1104 1672 dissimilia,
1132 1617 1271 1682 propere
1290 1618 1343 1660 re-

232 1698 374 1763 omritur'
395 1699 439 1763 ad
464 1720 643 1785 syncopae,
668 1697 877 1786 epentheses,
906 1707 1019 1784 tropas
1042 1696 1186 1781 aliasque
1209 1697 1344 1784 praesti-

232 1800 346 1885 giosae
363 1799 439 1865 artis
456 1800 638 1865 machinas.
657 1796 880 1883 ἆμιχθαλόεις
899 1798 992 1885 παρὰ
1009 1798 1047 1864 τὸ
1067 1792 1207 1923 α’ρικτον
1224 1804 1344 1889 τροπῇ,

232 1895 388 1989 ἀσκηθής
416 1901 510 1989 παρὰ
538 1899 576 1968 τὸ
606 1899 719 1983 σχέθω
751 1901 835 1968 κατὰ
864 1898 1020 1968 σύνθεσιν
1050 1899 1106 1967 καὶ
1135 1898 1266 1967 ἔκτασιν
1290 1900 1346 1966 καὶ

231 1996 369 2123 τρρπῆν,
393 1999 577 2123 dlleoaotlpso⁴
578 2001 674 2087 παρὰ
693 1999 732 2068 τὸ
751 1998 844 2068 ir'lnw
862 2000 1014 2086 ἐλπαίρω
1030 2002 1231 2088 πλεονασμῷ
1247 2006 1306 2067 τοῦ
1329 2027 1346 2068 ε

231 2100 295 2167 καὶ
312 2098 495 2186 ὑπερθέσει
518 2106 577 2169 τοῦ
601 2130 617 2170 ε
642 2102 696 2169 καὶ
717 2106 828 2189 τροπῇ
853 2105 912 2169 τοῦ
937 2102 1043 2185 ψιλοῖι
1068 2098 1133 2179 εἶς
1138 2099 1276 2168 dccv
1244 2111 1276 2166 e
1297 2102 1347 2167 sic

231 2202 295 2268 alia
317 2224 422 2287 aeque
446 2214 654 2329 portentosa·
677 2199 867 2284 ἇσάμινθος
891 2200 986 2285 παρὰ
1012 2200 1050 2267 τὸ
1072 2226 1131 2290 τρν
1153 2196 1235 2287 ὅσον
1253 2201 1347 2285 μινύ-

230 2312 316 2383 θειν,
339 2301 474 2391 αἰγονέη
493 2300 563 2373 ἀπὸ
582 2330 641 2371 του
663 2298 746 2386 ἄγαν
766 2298 893 2381 ιἐσθαι,
916 2298 1111 2382 κατοῖτυξ’
1091 2302 1161 2369 απὸ
1179 2307 1239 2369 τοῦ
1255 2303 1347 2370 κάτω

230 2404 398 2487 retrudet,
420 2406 601 2494 κοιλαοροψ
619 2401 715 2490 παρὰ
733 2403 770 2468 τὸ
790 2402 905 2489 ῥέπειν
920 2402 957 2469 τὸ
978 2405 1086 2482 κοῖλον,
1107 2402 1349 2486 τιθαιβιοσσειν

230 2506 325 2589 παρὰ
347 2496 385 2571 τὸ
411 2505 543 2573 τιθέναι
569 2530 628 2593 spu
653 2500 694 2585 β’ς
698 2527 765 2580 σιν,
792 2497 983 2587 ὀρυμαγδός
1010 2501 1105 2591 παρὰ
1127 2504 1165 2569 ad
1188 2499 1268 2587 σ’ρος
1291 2506 1350 2573 καὶ

229 2603 374 2688 ὅμαδος,
392 2605 601 2705 omniumque
617 2604 850 2671 calidissimum
868 2602 1046 2691 φιλήτης’
1030 2630 1067 2669 εκ
1087 2629 1151 2670 τοο
1132 2600 1351 2693 οφειλέτης

230 2704 314 2774 κατὰ
341 2700 522 2793 ἀφαίρεσιν
550 2713 609 2775 τοῦ
638 2735 657 2775 ιι
686 2708 743 2773 καὶ
772 2711 832 2773 τοῦ
861 2733 876 2773 ε
907 2706 963 2772 καὶ
991 2702 1121 2771 ἐκτάσει
1149 2710 1208 2770 τοῦ
1238 2734 1253 2773 e
1283 2719 1349 2773 etc.

228 2830 258 2871 v.
278 2806 371 2875 Dies.
392 2808 440 2875 Π.
464 2808 505 2875 Ρ.
528 2809 574 2875 ΙΙ.
599 2812 625 2897 ξ.
643 2808 673 2875 5.
697 2830 779 2894 quas
802 2808 846 2871 ad
867 2804 1006 2893 ineptias
1030 2805 1077 2869 illi
1097 2829 1263 2892 nunquam
1286 2810 1350 2875 de-

190 2950 194 2955 ·
227 2908 313 2996 lapsi
339 2921 448 2975 essent
474 2910 538 2976 nisi
564 2911 623 2999 τὴν
649 2905 831 2989 ἀνάπτυξιν
852 2914 911 2997 τῆς
934 2908 1184 2991 ἐτυμολογίας
1174 2932 1209 2973 m
1231 2910 1351 2997 primis

229 3010 438 3077 Grammatici
467 3011 582 3077 officiis
609 3010 789 3077 duxissent.
837 3008 944 3076 Nobis
968 3032 1035 3075 non
1058 3010 1173 3075 eadem
1195 3023 1245 3077 est
1268 3037 1351 3099 per-

171 3174 177 3179 .
228 3111 337 3177 suasio
360 3134 467 3198 neque
489 3113 593 3200 pudet
613 3114 665 3178 vel
688 3112 953 3198 quotidianorum
974 3111 1206 3177 vocabulcmm
1228 3134 1354 3180 causas

227 3214 364 3292 nescire,
384 3216 567 3299 eujusmodi
585 3226 661 3282 sunt
679 3210 857 3301 ἇνέιερεολν,
877 3209 1029 3299 ἀνεψιός,
1049 3208 1199 3303 ἀσελγής,
1217 3211 1355 3301 ἀγέρεσ-

225 3336 299 3398 χος,
326 3314 553 3402 ἀνδράποδον,
584 3316 780 3401 ἀβέλτερος,
812 3313 1005 3399 βαλάντιον,
1036 3322 1236 3401 κενεβρειον,
1266 3344 1356 3406 κρη-

227 3414 400 3503 σφύγετον,
415 3417 566 3506 κυρήβια,
585 3415 757 3492 λαυκανιά,
775 3414 957 3501 περιστερά
976 3427 1009 3481 et
1019 3415 1119 3482 verba
1138 3413 1355 3503 ἀγανακτεῖν,

227 3512 389 3602 ἇλισγεῖν,
414 3514 611 3604 ἀρνεῖσθαι,
638 3512 891 3599 ἀναισιμοῦται
915 3524 1148 3597 nazaraenos,
1172 3515 1356 3609 ὀρρωδεῖν,

202 3620 469 3706 ’περιηαεκτεῖπ
490 3622 658 3699 μεταλλᾶν
681 3619 853 3706 (Prolegg.
868 3619 950 3703 94),
971 3623 1230 3705 σκορδινᾶσθαι,
1252 3618 1358 3705 ὡρα-

227 3724 302 3809 κιᾷν
324 3730 402 3800 ete,
432 3742 571 3807 quorum
593 3731 700 3807 etyma
721 3722 778 3807 qui
802 3722 938 3799 eruerit,
966 3745 1029 3787 nae
1049 3722 1105 3787 ille
1132 3728 1180 3789 ire
1205 3746 1263 3808 per
1288 3748 1358 3793 ex-

226 3833 344 3888 tentum
364 3825 471 3907 [anem
491 3828 570 3890 miss·
588 3844 680 3907 posse
698 3821 832 3890 videtur.
875 3824 1041 3909 Equidem
1061 3835 1215 3894 statutum
1233 3826 1358 3892 habeo

226 3944 338 3989 omnes
356 3924 556 4003 affectiones,
574 3949 655 4011 quas
668 3925 878 3992 Grammatici
893 3926 946 3990 vel
964 3926 1005 3990 de
1022 3926 1137 4011 etymis
1155 3937 1360 4013 satagentes

225 4027 277 4091 vel
294 4027 465 4114 analogiae
485 4050 583 4093 eausa
603 4028 829 4094 confinxerunt
849 4028 1031 4116 operosius,
1052 4029 1179 4095 silentio
1193 4041 1359 4117 praeter-

224 4126 350 4195 mittere
367 4152 409 4195 ne
426 4130 507 4195 haec
526 4130 715 4218 disputatio,
735 4154 819 4216 quae
833 4133 904 4215 jam
926 4130 1004 4196 satis
1026 4128 1179 4195 saburrae
1196 4130 1361 4210 habebit,

226 4241 376 4295 oneretur
401 4232 543 4318 gravius.
594 4233 713 4319 Neque
738 4244 847 4298 tamen
871 4234 989 4320 ignoro
1019 4257 1116 4320 quam
1144 4233 1277 4310 difficile
1306 4233 1368 4299 sit

221 4328 323 4417 ,luajus
338 4334 482 4421 regionis
493 4336 575 4401 fines
590 4336 636 4401 ita
645 4334 829 4403 describere
844 4348 1003 4424 utneque
1014 4337 1088 4425 plus
1103 4336 1364 4423 complectatur
