2825 4809
213 348 288 421 sos
498 286 820 409 nmenurmro
846 339 894 405 11.
936 340 978 405 r.
994 339 1041 405 n

212 526 555 618 paraschematismum
582 526 752 592 referimus
777 548 808 591 v.
835 525 876 591 P.
897 525 927 591 1.
956 547 985 590 e.
1006 523 1071 589 111.
1100 527 1127 608 ξ.
1150 524 1184 589 2.
1227 522 1329 605 Quod

110 694 112 709 ,
213 641 358 715 oxytona
383 626 521 715 ἕραννός
542 636 575 694 et
597 627 719 707 νοοσύς
737 650 806 693 non
827 638 952 693 mutata
971 638 1067 704 sunt,
1087 626 1227 692 sonasse
1252 623 1328 690 cba-

211 731 330 797 racteri
356 729 539 795 tribuerunt
546 754 555 807 3
587 752 664 795 nam
697 728 740 797 coi
773 728 832 795 διὰ
855 724 915 797 δύο
933 718 976 797 Vr
1001 725 1154 809 ὀξύνεται
1184 720 1328 811 έραννύς,

212 828 387 919 ἅργιννύς,
416 827 568 908 κελαινός
597 827 843 927 (asturiensis),
874 827 1041 917 ἐρεβεννδς
1066 830 1146 894 Aru.
1168 826 1222 904 63,
1243 826 1278 891 4.
1301 836 1332 889 et

213 934 335 1021 pariter
356 932 558 998 substantiva
577 933 612 997 in
634 956 716 1011 σοος
735 930 899 1017 bisyllaba
916 928 1057 1017 βυσσός,
1079 924 1198 1007 κισσός
1219 938 1333 1027 Μ

213 1058 299 1122 quse
320 1034 408 1100 hune
429 1057 599 1100 numerum
622 1034 787 1101 excedunt
805 1034 953 1099 locorum
976 1031 1136 1099 vocabula
1162 1031 1198 1095 in
1228 1054 1333 1108 ασαος
1386 1047 1387 1129 j

213 1149 247 1205 et
262 1125 371 1224 ἦδαῖς
393 1136 546 1202 exeuntia
563 1130 780 1225 Λυριογσαός,
811 1134 1006 1224 Ταριιγοοός
1027 1144 1089 1200 etc.
1118 1155 1261 1217 quorum
1283 1142 1332 1217 ty·
1386 1155 1387 1160 ¹

212 1262 293 1327 pum
325 1238 472 1323 sequitur
502 1259 622 1302 nomen
653 1258 801 1324 syncope
832 1236 986 1302 affectum
1019 1247 1057 1301 nt
1084 1234 1279 1321 Stephanus
1308 1258 1333 1298 s.
1387 1259 1388 1282 2

208 1336 417 1426 Ἀγάθυρσοι
447 1338 560 1404 refert:
594 1335 662 1405 ἀπὸ
700 1342 759 1404 τοῦ
794 1335 999 1423 Καβακηοός
1034 1332 1143 1403 οἴεται
1178 1335 1334 1419 Δίδυμος

213 1439 298 1507 κατὰ
320 1438 488 1527 συγκοπὴν
511 1437 549 1507 τὸ
573 1437 766 1523 Kabassos.
808 1439 981 1504 Postremo
1003 1432 1121 1526 κεβλή,
1150 1438 1246 1523 quod
1268 1438 1334 1503 As-
1388 1481 1390 1490 ‚

213 1540 327 1607 cadius
348 1539 420 1616 107,
441 1540 557 1624 23212)
579 1540 743 1605 diversum
765 1539 806 1605 ab
827 1538 1048 1626 homopbonis
1069 1534 1167 1626 αἴγλη
1189 1548 1254 1605 etc
1278 1562 1335 1604 ac·

213 1652 344 1709 eentum
367 1640 487 1706 hebere
517 1641 611 1718 dicit,
640 1641 772 1727 saepius
801 1640 985 1727 barytonon
1007 1650 1057 1706 est
1076 1641 1158 1707 Em
1179 1640 1256 1719 498,
1279 1642 1334 1707 41.

213 1743 326 1812 Schol.
352 1742 454 1808 Arist.
484 1744 567 1809 Avv.
590 1742 663 1808 305.
687 1753 720 1808 et
739 1743 791 1808 all.
820 1741 949 1824 Λιχνός
972 1739 1145 1821 ολίχανος
1164 1742 1335 1828 significa-

213 1845 302 1911 tione
329 1844 532 1911 discernitur.
558 1882 600 1893 -
631 1844 752 1911 Eidem
781 1866 949 1931 syncopae
974 1842 1153 1927 subjiciunt
1179 1844 1336 1929 δορυξός,
1389 1863 1390 1866 ’

213 1947 304 2035 'quod
335 1967 410 2011 cnm
442 1944 539 2024 λοξός
571 1955 632 2009 etc.
665 1946 805 2011 conferri
834 1956 946 2033 potest
976 1969 1007 2010 v.
1038 1945 1158 2010 Psrall.
1186 1944 1258 2010 404
1288 1968 1337 2029 sq.

212 2044 361 2134 νεογνύς,
391 2040 538 2132 βοηθός,
566 2047 626 2111 sed
654 2047 695 2112 de
723 2047 945 2113 catabibusmo
967 2048 1093 2112 nullum
1111 2045 1255 2111 verbum
1278 2047 1338 2110 ad·

212 2151 304 2215 dunt
348 2148 416 2213 Tot
435 2156 543 2212 autem
563 2147 661 2215 rebus
684 2149 891 2214 obstantibus
911 2160 1050 2236 apparet
1070 2148 1222 2235 regulam
1238 2148 1339 2212 istam

212 2251 255 2315 de
285 2248 495 2314 snabibasmo
536 2270 703 2335 syncopen
742 2252 919 2320 comitante
957 2250 1172 2338 perexiguum
1204 2249 1243 2313 in
1279 2248 1340 2315 bae

213 2372 314 2415 causa
341 2348 498 2435 praebere
524 2373 620 2415 usum
655 2350 752 2417 nobis
783 2354 974 2439 praesertim
1001 2353 1058 2437 qui
1088 2352 1254 2440 pleraque
1285 2352 1341 2415 illa

212 2450 409 2517 concisionis
437 2453 588 2538 exempla
614 2463 672 2517 aut
699 2453 735 2517 in
761 2452 863 2518 dubio
890 2455 1043 2541 ponimus
1078 2464 1135 2519 aut
1164 2453 1203 2518 in
1229 2463 1341 2519 totum

211 2552 384 2638 rejicimus.
429 2552 515 2619 Cum
536 2554 733 2641 orthoptotis
755 2566 788 2621 et
809 2556 932 2641 aptotis
955 2566 1104 2621 auctores
1123 2554 1232 2620 nostri
1257 2577 1340 2621 con-

205 2655 352 2741 jungrmt
374 2655 439 2719 duo
463 2654 624 2719 declinata
644 2652 799 2743 θύγατρα
822 2666 854 2720 et
873 2654 1037 2745 Δήμητρα
1068 2657 1226 2740 adjuncta
1258 2680 1341 2723 cau-

212 2756 300 2821 tione
327 2755 513 2821 necessaria
542 2756 582 2821 τδ
611 2751 754 2841 πατρός,
789 2753 931 2843 μητρός,
968 2752 1094 2843 ἀνδρός
1123 2756 1343 2844 συγκοπέντα

210 2854 268 2921 καὶ
300 2854 345 2943 μὴ
381 2850 635 2940 ἆναβιβύοαντα
668 2854 726 2921 τὸν
756 2853 852 2923 τόνον
884 2852 946 2924 οδκ
977 2852 1178 2939 ducissam,
1212 2858 1342 2948 ἐπειδὴ

209 2954 298 3041 πρὸς
325 2954 383 3022 ιδν
409 2960 602 3043 χαρακτῆρα
632 2959 696 3023 τῶν
720 2955 928 3041 δισυλλάβων
955 2963 1092 3041 γενικῶν
1116 2954 1343 3049 ἠκολούθησε

211 3055 376 3123 Choerob.
398 3057 420 3123 l.
440 3078 469 3124 c.
491 3079 521 3122 v.
544 3056 585 3121 P.
608 3057 637 3122 I.
658 3079 686 3123 e.
709 3058 740 3123 2.
762 3061 789 3142 ξ.
811 3058 842 3123 6.
885 3060 1015 3125 Eadem
1040 3082 1142 3126 causa
1169 3072 1223 3127 est
1250 3062 1343 3127 dati·

209 3180 324 3223 vorum
346 3156 436 3238 κυσί,
464 3158 547 3247 μησί
576 3167 637 3225 etc.
662 3180 725 3241 nec
749 3159 867 3227 mitum
891 3154 1010 3241 ἀκλέα,
1037 3157 1203 3246 ἀγακλέα,
1232 3165 1342 3252 νηλέα

211 3266 271 3323 etc.
289 3259 382 3343 sequi
399 3259 642 3325 similitudinem
656 3260 870 3347 integriorum
890 3257 1035 3349 ἀληθέα,
1055 3260 1214 3349 ἀληθέες.
1249 3264 1343 3331 Pro·

211 3359 283 3445 prio
306 3381 383 3424 vero
409 3371 545 3427 accentu
566 3361 784 3447 genitivorum
805 3363 933 3449 species
958 3362 1090 3449 poetica
1120 3364 1343 3452 distinguitur

210 3483 230 3524 a
262 3460 425 3526 communi
464 3459 500 3528 ci
530 3459 579 3540 εἰς
603 3450 654 3529 ὦ
691 3464 816 3547 γενικαὶ
847 3461 981 3530 iuvenci
1014 3463 1342 3553 προπαροξύνονιαι

207 3562 309 3647 χωρὶς
333 3558 364 3627 εἰ
385 3562 430 3650 μή
455 3563 541 3629 κατὰ
563 3558 682 3640 πάθος
697 3560 778 3642 εἶσί,
801 3565 935 3650 Βορέω,
952 3560 1075 3645 Ἀσίω,
1100 3562 1223 3655 ἐπειδὴ
1248 3570 1340 3635 κατὰ

209 3658 378 3750 ουγκοπήν
407 3658 473 3730 εἰσι
497 3664 578 3729 ΕΜ.
609 3664 686 3741 153,
713 3663 765 3728 54.
810 3663 959 3731 Casuum
976 3664 1159 3732 verbalium
1179 3691 1273 3735 unus
1294 3668 1340 3735 ob

208 3773 377 3827 accentum
405 3786 571 3850 syncopae
601 3766 753 3832 eximitur
770 3765 806 3829 in
823 3764 957 3832 Anecd
973 3766 1052 3831 Par.
1071 3767 1113 3833 Τ.
1135 3770 1201 3837 IV.
1226 3771 1281 3837 18.
1303 3768 1343 3838 οἱ

277 4016 323 4085 ¹2)
344 4014 384 4071 Τᾶ
402 4020 441 4079 εὶς
452 4006 495 4088 Tri
508 4014 570 4091 μετ’
591 4018 742 4085 ἐπιπλοκῆς
758 4013 915 4090 συμφώνου
932 4016 1082 4092 βαρύνεται
1101 4020 1147 4090 [ἓν
1165 4040 1195 4075 τε
1214 4022 1340 4092 κυρίοις]

205 4102 253 4154 ναὶ
272 4100 304 4156 tr
320 4108 532 4177 προςηγορικοῖς
549 4100 676 4172 Ζάγκλῃ,
697 4106 778 4171 οίγλη
795 4100 825 4157 τὸ
844 4098 965 4157 ἐνώπιον
976 4100 1116 4174 [ἐνώτιον]
1133 4109 1159 4159 ελ
1176 4108 1237 4177 μὲν
1257 4096 1338 4177 τῷδ’

206 4182 392 4259 παραλύγοιτο
413 4185 451 4250 ὦς
470 4186 500 4243 τὸ
522 4183 626 4258 ὁμοκλή
647 4191 694 4241 καὶ
706 4183 784 4258 sinivi
804 4192 851 4241 ναλ
871 4186 903 4266 τύ
921 4184 986 4255 seiri
1005 4184 1117 4260 (κεβλῆ)
1135 4189 1195 4246 ἀπὸ
1217 4194 1270 4247 τοῦ
1291 4212 1344 4248 τε·

207 4263 282 4340 φαλή
299 4275 409 4341 γέγονε.
512 4300 516 4307 ·
