2825 4809
254 332 330 412 bit
614 331 937 401 DISSERTATIO
966 334 1010 402 V.

253 523 298 588 'ad
321 541 452 587 sensum
472 519 553 586 nihil
576 519 701 587 confert
722 519 783 586 sed
803 519 838 584 in
853 519 938 587 Hes.
962 519 1057 606 Opp.
1073 519 1144 586 264.
1164 533 1194 585 ει
1208 523 1327 590 limeris

254 625 316 692 VI.
342 622 415 688 288.
449 619 509 692 ἐπὶ
540 617 649 708 πάγχυ
675 631 833 706 sequente
858 620 960 687 verbo
994 620 1047 687 oni
1073 621 1211 709 adaptari
1236 633 1328 710 potest.

253 725 340 792 rixa
363 745 440 788 vcro
469 734 518 789 est
545 722 741 810 compositio
775 725 888 788 e'cmm
915 745 1001 810 quae
1030 720 1223 789 oonsvmtudo
1245 728 1329 809 quoti-

251 826 353 892 'dians
383 824 542 912 suscepit3
570 818 711 912 primum
738 815 821 889 illud
845 826 936 910 quod
964 823 1076 892 Schol.
1102 823 1199 889 Dion.
1222 849 1251 911 p.
1273 825 1329 903 925,

256 931 307 996 13.
332 927 485 1014 designat
507 925 676 1012 πρόίίεσις
702 924 738 991 ἐν
764 921 969 1014 ἐπιρρήματι
996 924 1081 992 κατὰ
1104 920 1247 991 σύνθεσίν
1264 926 1331 993 ἐστιν

254 1022 327 1098 οἷον
346 1024 517 1114 όπέρευγε,
543 1019 676 1108 ὑπέρευ,
701 1027 794 1110 cujus
816 1027 916 1092 altera
938 1049 1017 1114 pars
1039 1036 1154 1091 natura
1173 1026 1331 1114 adjectivum

254 1153 327 1198 esse
349 1139 482 1218 putatur
502 1126 732 1194 indeclinabile
760 1126 855 1214 παρὰ
882 1127 921 1195 τὸ
944 1126 1001 1205 ε”ός
1020 1127 1101 1193 ΕΜ.
1144 1129 1245 1212 Atque
1270 1129 1330 1193 haec

252 1247 274 1298 a
298 1231 484 1298 nominibus
507 1229 675 1296 defectivis
706 1241 739 1296 et
767 1229 923 1296 obsoletis
945 1227 1105 1294 derivatio
1128 1251 1194 1294 non
1213 1229 1331 1296 abhorret

253 1333 295 1400 ab
321 1332 493 1420 Apollonii
521 1333 708 1417 conjectura
736 1330 896 1420 ἐξαίφνης
928 1353 971 1396 ex
1000 1329 1039 1410 ἐξ
1068 1325 1214 1419 ἀφανίας
1239 1331 1329 1396 lecton

255 1457 328 1502 esse
351 1428 425 1500 κατ’
455 1432 721 1520 έπιρρηματικῆν
748 1427 904 1512 σύνταξιν
931 1427 984 1510 cic·
1003 1431 1043 1499 τὸ
1069 1432 1206 1520 ἐξαυτῆς
1231 1456 1259 1519 p.
1276 1433 1328 1498 341.

253 1536 306 1604 cui
335 1533 435 1622 supra
464 1534 606 1622 apposui
634 1532 774 1619 ἑφεξῆς,
802 1531 956 1622 καθεξῆς
983 1543 1017 1600 et
1043 1533 1192 1621 παρεξῆς
1211 1544 1327 1621 tanquan

252 1653 328 1706 ‘cum
349 1637 492 1724 genitivo
516 1633 662 1701 funditus
685 1633 808 1706 abolito
830 1631 906 1724 ἑξῆς
927 1636 1081 1724 copulata
1103 1637 1196 1702 Dies.
1216 1635 1255 1702 lll.
1271 1638 1324 1701 oi.

251 1743 277 1828 ῆ.
299 1739 331 1806 5.
383 1737 531 1806 Olariora
564 1737 662 1822 hujus
693 1737 926 1802 denominativi
952 1739 1083 1824 generis
1112 1738 1242 1825 vestigia
1261 1759 1324 1802 con·

252 1845 435 1908 monstrant
461 1839 526 1906 alii.
584 1838 732 1904 Primum
761 1840 912 1908 Joannes
941 1863 975 1926 p.
997 1840 1050 1905 29.
1077 1837 1151 1908 ἔστι
1178 1839 1245 1906 τινὰ
1267 1833 1328 1923 παρ’

252 1939 441 2029 αἰτιατικῆς
467 1935 624 2026 γεγονότα
655 1932 728 2006 οἷον
763 1938 801 2005 τό
835 1939 943 2026 πέραν
970 1939 1030 2006 καὶ
1061 1939 1148 2025 μετὰ
1173 1938 1331 2025 προθέσεως

251 2038 436 2127 ἀντιπέραν
473 2043 529 2108 καί
566 2035 636 2108 ἀπὸ
672 2042 806 2130 δοτικῆς
833 2040 935 2128 πέρα.
980 2042 1067 2107 Tum
1094 2043 1176 2108 EM.
1203 2040 1333 2119 266,18.

250 2139 352 2233 δηρόν
374 2137 572 2227 ὀνοματικὸν
593 2141 764 2229 ἐπίρρημα
785 2139 898 2226 ιόςπερ
920 2141 1027 2230 πέραν
1045 2153 1078 2209 et
1092 2141 1336 2219 Eustarhiusttt
1387 2154 1388 2221 Ῐ

249 2243 303 2312 24.
326 2246 436 2332 πέραν
456 2242 545 2311 ἐστὶν
564 2240 734 2329 ἐπίρρημα
754 2245 974 2331 μεταληφθὲν
992 2239 1062 2312 ἀπό
1082 2247 1233 2334 θηλυπῆς
1249 2240 1335 2310 cirta·
1387 2276 1388 2323 1

250 2349 327 2434 κῆς·
352 2343 441 2430 πέρα
463 2338 562 2430 γάρῆ
585 2347 627 2429 γῆ
649 2344 736 2409 κατὰ
757 2345 911 2430 γλῶσσαν
940 2343 1023 2412 ὅθεν
1050 2343 1070 2434 ῆ
1103 2344 1232 2432 περαία
1251 2338 1339 2429 παρό-
1387 2354 1388 2429 J

249 2469 342 2533 γεται
377 2455 409 2510 et
441 2445 552 2512 Sobel.
587 2443 694 2509 Tbnc.
729 2443 750 2509 Ι.
786 2446 858 2510 100.
892 2439 1075 2536 ἀντιπέρας
1115 2441 1340 2534 παροξυτόνως·

249 2538 356 2630 ὄνομα
383 2543 446 2633 γόρ
468 2547 539 2615 ἐστι
563 2544 711 2634 θηλυκόν
738 2551 870 2635 γενικῆς
896 2541 1058 2628 πτιόσειυς
1078 2545 1251 2635 σύνθετον.
1288 2547 1340 2611 Αυ-

249 2648 387 2714 cusativi
415 2648 450 2712 in
479 2645 669 2712 adverbium
690 2649 839 2714 conversi
868 2649 1053 2736 exemplum
1079 2640 1195 2734 adjicit
1221 2651 1341 2714 Zonaras

250 2749 343 2816 1338.
367 2744 474 2836 μάτην
496 2744 568 2814 ἀντὶ
590 2751 647 2814 τοῦ
669 2748 823 2832 ματαίως
844 2744 913 2818 ἀπὸ
943 2753 1094 2838 θηλυκσῒν
1113 2748 1165 2829 εἷς
1189 2748 1341 2838 ἐπίρρημα,

247 2850 343 2938 plura
377 2852 527 2919 «loannes
557 2849 632 2938 ipse
659 2851 680 2914 l.
712 2873 739 2916 e.
769 2850 827 2916 καὶ
855 2851 894 2917 τό
921 2848 1037 2940 πριάην
1064 2847 1151 2937 παρ’
1181 2847 1343 2935 αἶνιατιιῆν

248 2950 485 3040 σχηματίζουσι
516 2951 574 3018 καὶ
604 2950 644 3018 τό
684 2943 766 3039 ἀπῆν
798 2952 853 3018 καί
883 2951 922 3018 τό
956 2946 1074 3041 ἀκμῆν.
1131 2952 1253 3020 Corace
1283 2973 1342 3016 vero

247 3053 365 3119 Prodr.
387 3052 461 3118 Ael.
484 3077 517 3140 p.
542 3053 585 3118 48
607 3075 657 3138 sq.
680 3063 812 3140 praeter
837 3053 1021 3119 boeotiam
1044 3047 1130 3140 ἀγαν
1155 3055 1198 3121 ab
1219 3048 1278 3142 ἀγη
1297 3053 1341 3116 de

247 3154 401 3220 clinatum
423 3164 517 3241 putat
538 3163 571 3220 et
592 3153 678 3241 ἀόην
700 3154 768 3220 sive
792 3148 877 3242 ἀόην
897 3153 939 3220 ab
959 3156 1114 3221 inusitata
1141 3152 1208 3244 ἀόῆ
1229 3160 1342 3223 salmas.

245 3239 375 3322 Homm
396 3265 503 3321 autem
519 3255 684 3321 nonnullis
697 3256 970 3343 ¹praepositiones
990 3259 1152 3324 accedunt
1173 3252 1342 3337 ἀντιπέρας,

246 3350 426 3438 ἀντιπέραν
445 3369 477 3422 et
499 3357 590 3441 quod
610 3357 718 3423 minus
741 3358 941 3424 auctoritatis
954 3359 1055 3426 habet
1074 3353 1248 3443 ἀντιπέρα,
1269 3379 1341 3422 cnm·

246 3481 310 3544 que
346 3457 472 3524 duabus
503 3457 804 3548 praepositionibus
832 3455 911 3526 κατ’
940 3453 1123 3546 ἀντιπέραν
1150 3457 1268 3544 Polyb.
1292 3456 1338 3522 lX.

243 3559 297 3638 42,
321 3561 370 3625 11.
397 3561 487 3645 qnod
506 3583 613 3647 nuper
626 3561 845 3648 Xenophonti
866 3572 899 3627 et
914 3560 1065 3626 Lucieno
1086 3561 1271 3626 restitutum
1289 3568 1339 3631 est;

244 3683 319 3728 cum
346 3685 412 3727 una
443 3663 589 3728 diversae
623 3663 790 3729 relationis
823 3662 1069 3750 praepositione
1101 3661 1139 3730 ἔτι
1171 3661 1274 3748 πέραν
1296 3661 1342 3724 ταί
1387 3652 1388 3667 ’

242 3758 420 3849 χειμάρρου
448 3763 471 3830 1.
493 3761 646 3831 Maccab.
668 3765 712 3834 V.
734 3763 788 3831 37.
819 3762 911 3852 quod
931 3764 988 3850 qui
1009 3765 1056 3829 ita
1077 3763 1228 3851 scripsit,
1253 3761 1342 3845 πέραν
1387 3776 1388 3779 ’

242 3887 304 3951 pro
327 3865 481 3932 adverbio
505 3865 621 3932 habuit
642 3875 679 3932 ut
701 3864 794 3945 λίαν,
824 3866 1026 3933 cuinullum
1049 3865 1217 3931 antecedit
1234 3883 1335 3930 nomen

243 3966 302 4032 sed
324 3968 539 4056 praemittitur
560 3979 667 4060 tamen
688 3969 890 4057 praepositio
907 3967 957 4047 εἷς
975 3967 1050 4036 λίαν
1059 3968 1205 4055 Longin.
1216 3963 1336 4033 XLVll·

242 4071 268 4153 ξ.
289 4069 318 4134 1.
348 4093 380 4156 p.
406 4071 476 4136 142.
505 4066 588 4157 ὑπὲρ
617 4069 693 4137 λίαν
716 4070 751 4135 in
780 4069 823 4136 N.
846 4071 887 4136 Τ.
909 4080 941 4137 et
961 4072 1056 4138 Erret.
1080 4070 1180 4150 1396,
1213 4069 1263 4133 42.
1288 4084 1337 4130 nec

240 4169 320 4234 mibi
345 4193 537 4258 persuasum
564 4182 614 4238 est
637 4193 696 4238 eos
722 4171 779 4256 qui
806 4166 1200 4260 όπεράγανιιιυιηατααι
1225 4179 1261 4235 ut
1278 4169 1333 4232 Ae

239 4271 315 4336 lien.
337 4272 382 4335 H.
404 4273 492 4338 Arm.
516 4271 568 4338 lll.
592 4273 643 4340 38.
672 4274 771 4356 (unus
792 4271 867 4338 cod.
889 4267 976 4358 ὑπὲρ
995 4265 1095 4360 ἀγαν)
1117 4273 1219 4358 Diog.
1238 4263 1336 4335 11126.
