2825 4809
138 386 195 496 ou
214 352 422 450 smoorn
444 378 591 447 ursus
612 376 834 449 vocsms.
867 377 907 447 o.
922 381 950 447 1.
977 384 1045 469 tr.
1079 390 1177 509 221⁸

80 573 179 637 dicetur
198 565 317 637 omissis
344 586 428 651 quae
456 563 497 630 ab
523 563 639 629 eodem
666 561 800 649 quidem
822 566 913 631 fonte
939 567 1000 632 sed
1025 567 1154 637 diverso

76 674 141 737 inter
158 692 188 735 se
207 670 290 733 flexu
312 666 457 733 derivata
478 676 566 744 sunt,
588 686 608 730 a
629 666 738 733 καλέω
760 663 906 747 sciltung,
927 690 947 731 a
965 668 1050 735 κλέα
1071 670 1154 757 κλῆ-

76 771 152 857 013³)
180 780 209 835 et
238 768 283 833 sie
314 768 378 835 aliu
410 763 555 848 δάμασις
587 768 724 852 durium,
757 763 947 853 δαμόταρα
975 763 1154 856 δμήτειρα,

38 938 42 945 ,
74 868 258 959 ταλασίρρωκ
278 867 468 957 τλησίφρωκ
484 867 534 953 ⁴),
562 863 777 953 ταλαπεκθής
797 865 992 954 τληπαθής,
1016 890 1155 953 quorum

74 972 172 1039 nullum
190 970 232 1035 ad
248 970 284 1034 id
302 969 392 1055 quod
413 968 618 1056 propositum
630 976 688 1033 ,est
708 967 849 1053 pertinet
867 969 990 1035 nedum
1011 992 1050 1036 ea
1068 992 1155 1055 quae

73 1075 174 1139 diverse
190 1071 397 1150 declinantur,
415 1063 582 1160 ἡμιθακής
598 1061 754 1156 ἡμιθνής,
773 1064 907 1155 ἀκαμής
917 1069 949 1156 1)
966 1066 1076 1158 ἄκμής
1091 1081 1154 1138 eto.

73 1174 280 1241 Glossematica
294 1168 400 1259 βαλήν
415 1167 693 1258 ε1βλῆνοςκθώο
712 1179 806 1235 tenus
823 1169 971 1255 tetigisse
985 1172 1066 1238 satis
1083 1171 1155 1239 erit.

135 1296 157 1375 1.
176 1292 205 1357 2.
247 1294 417 1357 Hactenus
441 1290 605 1376 disputata
623 1296 698 1351 sunt
721 1287 881 1353 vocabula
902 1310 1041 1373 quorum
1056 1311 1155 1356 voca·

73 1393 100 1457 lis
121 1414 178 1458 non
205 1392 369 1457 evanescit
394 1391 473 1477 quin
501 1389 713 1476 protendatur
736 1389 895 1475 proxima.
938 1392 1047 1458 Venio
1067 1414 1156 1459 nunc

74 1494 103 1557 ad
119 1493 239 1557 alteram
260 1514 428 1580 syncopae
453 1491 596 1579 speciem
616 1512 700 1575 quae
733 1512 804 1555 eam
825 1491 972 1557 funditus
992 1494 1077 1559 tollit
1095 1517 1155 1561 ne-

74 1616 119 1679 que
136 1594 357 1661 detrimentum
384 1591 600 1681 productione
629 1592 795 1675 sequentis
816 1603 1008 1680 compensat
1028 1596 1095 1660 sive
1118 1619 1157 1662 ea

76 1718 116 1781 per
139 1718 169 1761 se
195 1696 299 1781 longa
325 1706 375 1761 est
401 1695 469 1759 sive
495 1693 719 1779 productionis
748 1714 862 1778 capax.
911 1694 1004 1759 Illius
1025 1699 1156 1781 generis

75 1818 148 1861 mum
168 1796 323 1884 producit
348 1796 558 1862 Herodianus
585 1795 628 1859 ad
655 1794 694 1859 n.
717 1794 816 1861 XVI.
838 1796 912 1860 548.
940 1800 1065 1885 κρῆθεκ
1084 1792 1155 1865 ἀπὸ

76 1902 116 1962 sui
139 1894 283 1983 κάρηθεκ
319 1903 481 1987 συγ-κοπῇ.
540 1897 608 1965 Sed
638 1894 702 1961 hoo
734 1896 935 1980 trisyllabum
968 1896 1158 1963 adverbium

76 1997 138 2062 haud
153 1998 319 2074 novimus3
349 1996 543 2083 bisyllabum
570 2020 590 2063 a
616 2008 731 2062 neutro
753 1993 837 2080 κράς
858 1997 991 2061 ductum
1012 2009 1062 2062 est
1083 2022 1158 2065 curn

80 2108 145 2183 trope
158 2099 279 2164 vocalis
302 2110 339 2163 ut
360 2098 559 2187 κρήδεμκος,
583 2100 672 2184 quod
687 2098 768 2163 EM.
784 2097 858 2175 537,
873 2098 926 2162 28.
944 2110 1159 2185 praepostere

81 2200 250 2286 oxinaudito
273 2198 484 2287 καρήδεμκοκ
505 2201 671 2265 concisum
693 2198 785 2276 dicit,
812 2209 845 2263 et
866 2197 907 2264 ab
932 2199 1048 2264 eodem
1069 2197 1159 2288 κάρα

77 2298 154 2387 lpim.
171 2302 198 2366 I.
213 2302 292 2370 242.
312 2311 343 2366 et
354 2301 427 2367 318.
444 2312 597 2389 repetunt
613 2301 747 2367 verbum
770 2322 876 2384 aeque
898 2300 1160 2367 commenticium

74 2402 188 2486 καραίνα
208 2403 304 2467 unde
324 2400 448 2486 κραίνω
471 2414 577 2467 ortum
598 2424 670 2469 esse
683 2401 730 2487 ⁶),
759 2402 897 2489 parique
919 2403 1068 2468 acumine
1087 2404 1159 2468 Eu-

73 2500 180 2567 stuthius
206 2504 282 2581 976,
306 2504 359 2567 41.
387 2502 483 2567 solvit
513 2498 612 2589 γλήνη
638 2505 804 2589 συγκοπὲν
829 2497 899 2568 timi
930 2508 991 2569 ταῦ
1018 2499 1160 2591 γαλήνη·

71 2603 113 2665 sed
129 2604 202 2668 illud
222 2604 392 2669 diversam
412 2602 533 2669 babere
549 2604 677 2669 videtur
694 2603 852 2689 originem
868 2626 888 2666 a
901 2602 973 2670 λάα
994 2602 1159 2687 γλαύσσω.

71 2700 240 2770 Credibilius
263 2705 361 2769 affert
382 2704 469 2771 Gud.
493 2705 567 2771 307.
600 2700 670 2771 ἀπὸ
695 2709 755 2770 τοῦ
783 2703 874 2790 φάος
901 2700 1078 2791 καταφαής
1103 2703 1162 2769 καὶ

68 2810 155 2894 τροπῇ
175 2810 235 2873 τοῦ
253 2794 290 2873 ἀἶ
308 2803 357 2885 εἷς
374 2794 400 2893 ᾖ
419 2805 477 2871 καὶ
498 2810 653 2894 συγκαπῇ
671 2801 825 2893 κατηφής
850 2801 869 2871 ὁ
897 2800 986 2870 κάτω
1012 2800 1095 2885 ἔχων
1117 2804 1161 2869 τὰ

119 3041 143 3105 3)
154 3038 179 3093 Α
192 3042 327 3112 perfeeto
345 3037 511 3109 κεκάλεσμαι
526 3040 565 3109 (v.
580 3040 615 3091 ad
627 3038 734 3091 Buttm.
749 3036 825 3104 2¹2.)
844 3038 1020 3099 descendunt
1035 3028 1164 3096 καλεσιός

70 3120 144 3178 Sclsol.
155 3125 277 3198 Oppian.
293 3124 358 3181 Hal.
368 3124 420 3180 III.
432 3126 492 3178 31111.
510 3120 660 3183 «indiscunt
671 3128 700 3177 ct
712 3116 854 3188 καλεσκῆς,
872 3138 946 3191 quae
960 3123 1035 3193 apud
1047 3120 1164 3176 Glossa-

67 3212 168 3279 grtphos
185 3212 340 3281 leguntur,
363 3206 544 3282 προκάλεαμα
564 3210 643 3263 Euat.
661 3208 726 3272 387,
743 3210 771 3261 4.
797 3212 1000 3276 συγκαλεστέακ
1017 3224 1075 3279 quo
1092 3206 1165 3261 Pro·

68 3293 159 3349 dromus
172 3296 262 3351 utitur
279 3302 310 3351 et
325 3294 489 3351 adverbium
503 3296 669 3354 undecunde
685 3292 789 3347 Zonar.
804 3310 827 3348 s.
839 3287 942 3363 κλήδην
953 3311 983 3364 p.
997 3295 1072 3351 1222.
1087 3292 1166 3363 quod

65 3376 220 3437 littmannus
239 3387 389 3435 aversatur
407 3387 540 3449 tanquam
557 3384 722 3433 monstrum.
751 3392 757 3403 ·

120 3467 143 3531 1)
160 3466 224 3521 Ηοα
244 3462 429 3535 cognoscitur
448 3482 484 3519 ex
504 3464 601 3519 dorico
621 3467 790 3536 slaolqpor,
810 3464 888 3533 quod
905 3459 1062 3533 Hesychius
1080 3460 1166 3514 inter·

67 3556 172 3616 pretatur
187 3543 406 3623 ὑπαμοκηκικόν.
433 3548 488 3603 Pro
496 3544 635 3617 ’Ἐγλασας
652 3546 814 3619 ὑπέμεινας,
829 3566 887 3601 non
901 3548 1028 3615 ἔπλασας,
1043 3554 1076 3599 ut
1087 3546 1167 3599 Kue-

67 3640 252 3707 consputat,
278 3637 331 3689 sed
349 3630 501 3696 ἐτάλασσας
519 3634 699 3689 scribendum
717 3640 761 3688 est
783 3650 819 3687 ex
841 3631 985 3687 Il.·XVII.
1008 3634 1067 3687 168.
1090 3632 1168 3686 unde

65 3717 143 3785 glossa
158 3721 256 3790 fluxit;
277 3736 343 3775 nam
359 3718 494 3774 aoristum
508 3723 601 3785 κλῇσαι
621 3716 791 3774 removimus
805 3718 910 3774 Parall.
923 3719 984 3771 172.
999 3718 1075 3773 Adn.
1088 3719 1131 3774 tt.

122 3805 148 3874 5)
163 3808 246 3862 Haec
264 3825 323 3861 vox
342 3823 433 3877 nuper
452 3804 576 3877 reposita
593 3812 638 3861 ert
660 3803 690 3859 in
706 3803 823 3860 Lucina.
841 3802 934 3859 Prom
953 3804 977 3870 1.
994 3801 1170 3875 14411ναύ-

62 3888 159 3963 χμηρὰν
175 3897 223 3947 καὶ
241 3888 338 3963 ὰκαμῆ
356 3908 409 3962 pro
427 3889 546 3959 ἀκαλλῆ·
568 3890 717 3946 certiorem
733 3889 817 3960 hujus
833 3887 934 3943 aetatis
955 3896 1100 3944 auctorem
1119 3890 1169 3943 de·

66 3971 153 4029 sidem.
179 3976 268 4041 Quod
282 3976 311 4031 in
322 3977 432 4031 Anecd.
444 3972 537 4031 Belsls.
550 3978 623 4031 1245.
637 3974 740 4031 dicitur
753 3970 870 4046 ιῖκκὶμακ
881 3976 929 4029 καλ
942 3971 1011 4029 κατὰ
1025 3971 1170 4047 nunonis(

66 4052 157 4129 ἄκμων,
169 4065 274 4117 ιλὶαίαιιι
290 4070 333 4117 est
350 4080 386 4116 ex
404 4062 535 4117 oonl'esso
554 4068 585 4115 ut
601 4058 919 4133 κεκιὲμηκα-κέκμηκα
937 4058 1003 4113 ΕΜ.
1017 4058 1076 4122 511,
1090 4058 1133 4110 311.

122 4148 149 4215 b)
160 4167 186 4202 v.
197 4145 339 4203 Technol.
350 4148 408 4202 128.
421 4143 579 4217 Hesychius
594 4142 742 4219 ἓηκκρακῆς
759 4153 788 4200 et
804 4147 953 4214 ἓκίιρακος
969 4141 1170 4213 interpretetur

68 4226 226 4303 ἐπιμελητής,
247 4252 368 4304 quorum
386 4232 459 4287 illud
479 4229 643 4302 dnerpsimpe
663 4231 843 4289 scribendum
864 4226 990 4293 ridetur,
1009 4226 1092 4298 hujus
1112 4234 1169 4281 tor·

66 4310 165 4373 minatio
182 4336 248 4375 cum
268 4316 435 4393 αὖτ’κρακυς
452 4318 471 4373 1.
486 4337 513 4393 q.
531 4314 708 4393 αὐτοκράτωρ
726 4312 867 4371 convenit.
