2825 4809
253 334 329 406 ⁴12
604 319 926 391 DISSERTATIO
954 321 1021 388 111.

253 537 313 597 ρος
339 510 461 576 dixisse
490 513 606 586 ιαῦος,
637 508 786 592 quemvis
812 529 833 572 s
861 507 1026 574 communi
1055 530 1118 572 usu
1140 517 1282 572 remotum
1306 521 1333 574 ut

237 615 350 680 =dooet
378 611 456 681 sch.
484 611 529 676 A.
559 611 602 676 ed
627 607 956 677 11.X11.137.2b
989 602 1072 687 αὖος
1102 607 1187 687 λέξις
1217 604 1334 696 μονήρης

252 711 359 782 ἐστίν
386 707 484 782 οὐδὲν
511 711 573 800 γὰρ
600 709 650 790 εἷς
679 738 717 792 ος
675 700 838 798 ’λῆγον
860 710 1017 793 καθαρὰν
1037 705 1282 792 δισύλλαβοι
1247 733 1282 798 sp
1298 737 1330 776 uu

253 811 531 903 παροληγόμενον
559 813 644 882 κατὰ
661 813 722 901 τὴν
743 809 907 900 ἡμετέραν
928 811 1103 879 διάλεκτον
1121 810 1257 896 τριγενές
1274 809 1334 878 ἐστι

722 1097 905 1164 ΟΑΡ.Π.

653 1237 719 1308 De
762 1238 966 1356 epss'lo.

340 1424 366 1505 ξ.
384 1422 412 1487 1.
455 1419 633 1486 Primum
624 1444 659 1484 ιιι
680 1421 906 1506 quaestionem
924 1419 1015 1486 venit
1034 1438 1216 1504 pronomen
1234 1437 1336 1540 posses-
1379 1446 1381 1478 :

257 1524 377 1599 sivum3
399 1522 436 1588 sb
453 1543 543 1606 σφεα
535 1519 630 1606 '''¹)
607 1547 716 1590 εοικεν
734 1517 804 1589 ἀπὸ
822 1527 883 1588 τοῦ
901 1519 974 1609 spei
990 1519 1161 1605 γεγονέναι
1179 1541 1238 1582 και
1239 1514 1338 1585 ἔοέι-
1379 1546 1380 1561 ¹

254 1634 354 1692 θεσιν
374 1626 432 1690 τοῦ
456 1648 472 1688 ε
490 1622 605 1691 Sohol.
625 1624 739 1710 Apoll
753 1625 782 1689 I
801 1624 874 1690 849.
894 1623 997 1707 idque
1016 1618 1218 1706 Apollonius
1237 1642 1337 1704 quoque
1379 1646 1381 1681 τ

198 1723 204 1735 ¹
255 1727 357 1792 Pron.
386 1725 458 1790 142.
493 1725 677 1811 pleonesmi
710 1725 843 1791 nomine
876 1725 988 1800 effert,
1026 1722 1083 1786 ulii
1114 1721 1337 1807 monosyllabum

257 1827 374 1950 ellipsi
386 1826 629 1894 transscribunt.
673 1828 764 1893 Huic
782 1849 824 1894 ex
841 1836 935 1912 perte
955 1825 1061 1890 simile
1078 1834 1130 1889 est
1147 1819 1221 1889 τεόν
1238 1823 1269 1890 rb
1286 1848 1339 1888 ιοι-
1379 1857 1381 1861 ν

257 1933 314 1998 vos
336 1929 394 1996 σόν
416 1927 502 1996 κατὰ
523 1930 737 2012 πλεονασμὸν
757 1934 818 1995 τοῦ
837 1953 854 1994 e
874 1927 934 1994 καὶ
954 1925 1082 2014 τροπὴν
1102 1951 1163 1992 τοο
1186 1923 1339 2011 Ερὶιιι.1σ

255 2033 330 2098 412.
353 2053 452 2116 quem
475 2031 621 2096 doricum
643 2011 870 2116 pleonasmum
891 2029 973 2094 <linit
991 2029 1072 2094 ΕΜ.
1097 2027 1171 2105 752,
1194 2028 1240 2091 11.
1258 2035 1287 2090 et
1303 2021 1340 2101 iub
1379 2058 1381 2061 ·

257 2155 317 2219 pro
341 2129 393 2211 ὃς,
422 2133 465 2198 de
487 2155 553 2217 quo
581 2132 704 2198 dietum
731 2143 782 2198 est
809 2133 844 2196 in
867 2129 1050 2196 Prosthesi.
1100 2130 1223 2196 Pensm
1244 2127 1341 2194 curiose

256 2234 336 2300 EM.
358 2235 436 2326 421,
462 2235 515 2300 42.
542 2233 647 2316 παρὰ·
663 2232 700 2300 τὸ
728 2228 788 2320 ἦρι
811 2231 936 2317 γίνεται
964 2227 1059 2318 riolas
1087 2231 1155 2298 καὶ.
1175 2231 1341 2313 πλεονασμῷ
1379 2264 1381 2267 ·

256 2329 371 2422 ηἰρίαι
393 2331 439 2414 ὡς
460 2335 613 2419 πλέθρον
634 2335 812 2421 πέλεθρον.
854 2333 1133 2417 Illuuquomodo
1154 2340 1343 2419 computatum
1379 2362 1381 2367 ·

258 2435 316 2512 sit,
344 2458 423 2502 mox
450 2435 687 2522 disputabitur3
719 2434 905 2520 πέλοθρον,
934 2434 1027 2520 quod
1053 2457 1123 2501 nou
1153 2435 1256 2500 solum
1278 2431 1342 2518 upud
1379 2476 1381 2483 ·

257 2546 372 2623 poetes
389 2537 510 2622 legitur
531 2537 591 2602 sed
609 2536 706 2601 etiarn
720 2536 755 2600 iu
770 2535 1040 2623 inscriptionibus
1054 2536 1177 2602 doricis
1193 2559 1222 2600 v.
1230 2533 1342 2600 Ahrens.
1379 2568 1381 2601 ;

256 2639 339 2704 Dor.
353 2639 425 2704 123.
446 2650 479 2704 et
496 2638 573 2704 hino
595 2638 780 2724 composite
795 2633 1068 2722 ἑπταπέλεθρος,
1085 2635 1341 2718 ποολοπέλοθρος,

258 2739 287 2805 si
309 2739 353 2804 sd
379 2761 583 2805 communem
603 2762 700 2804 usum
722 2740 919 2816 referuntur,
945 2739 1075 2824 epsilon
1097 2758 1343 2825 supervacaneum

256 2839 388 2906 hubent.
432 2839 596 2928 Πετηνός,
620 2842 713 2926 enjus
733 2851 839 2906 certus
856 2850 970 2905 suetos
988 2840 1097 2918 deest,
1110 2863 1180 2906 non
1195 2862 1237 2905 ex
1249 2835 1344 2921 οιηνός

257 2941 427 3008 dilatatum
449 2943 509 3007 sed
531 2965 551 3006 e
572 2939 763 3029 ποιήσομαι
785 2942 982 3028 productum
1004 2951 1055 3006 est
1074 2965 1105 3005 v.
1127 2941 1230 3008 Proll
1247 2939 1345 3004 letes

257 3044 329 3110 193.
355 3040 535 3128 σιελεγγίς,
561 3045 653 3128 quod
676 3045 774 3111 oodd.
797 3045 923 3130 aliquot
958 3042 1119 3130 praebent
1149 3044 1266 3111 Athen.
1286 3040 1344 3105 XV.
1379 3100 1380 3103 ,

255 3144 328 3212 674.
350 3147 390 3211 Β.
419 3145 505 3210 Poll.
528 3146 607 3212 VII.
635 3146 705 3211 179.
731 3146 771 3212 O.
802 3157 836 3211 et
863 3147 1081 3230 σεελέγγισμα
1112 3145 1212 3210 codd.
1236 3142 1344 3208 Aristot
1379 3206 1381 3209 .

172 3299 173 3304 ,
255 3247 406 3312 Auscult.
431 3245 503 3312 OV.
526 3269 559 3332 p.
583 3246 656 3312 839.
678 3247 711 3313 b.
733 3248 786 3314 25.
809 3246 948 3314 librariis
971 3246 1137 3324 tribuitur,
1167 3245 1284 3332 quibus
1297 3243 1343 3306 lor·
1379 3274 1381 3283 ·

256 3357 344 3412 tasse
371 3348 500 3430 σιελγίς
527 3347 570 3413 ob
600 3351 714 3416 oeulos
739 3349 821 3426 fuit3
846 3350 934 3415 «item
957 3349 1058 3435 piscis
1083 3371 1205 3414 nomen
1225 3347 1345 3432 (ls'lsnut

254 3448 376 3514 Athen.
399 3449 478 3515 Vll.
500 3450 574 3516 288.
594 3453 636 3518 A.
659 3474 722 3517 nee
739 3450 897 3538 probetur
917 3451 1078 3537 seriptum
1097 3450 1190 3516 urbis
1211 3445 1345 3514 Ameds'ae
1379 3509 1381 3514 .

256 3551 409 3636 Βορέοθη
438 3550 472 3616 in
497 3550 588 3618 libris
612 3554 756 3619 Peusen.
783 3565 817 3620 et
844 3553 1034 3642 appelletisi
1062 3554 1253 3638 βερένθιοι,
1279 3545 1344 3633 quod
1379 3576 1380 3611 u

256 3649 429 3736 aliquoties
452 3675 513 3738 pro
536 3654 694 3738 βρένθιον
719 3656 787 3722 sive
808 3658 986 3742 βρένθοιου
1007 3654 1177 3742 reperitur.
1219 3653 1344 3738 Ignotum
1379 3679 1381 3716 z

257 3762 307 3818 est
324 3751 416 3838 quod
429 3751 619 3838 Hesychius
633 3757 771 3839 protulit
784 3757 912 3842 Βρέκυν
929 3754 987 3824 τὸν
1000 3756 1172 3840 Βοὲκοντο
1186 3752 1242 3820 τὸν
1252 3753 1343 3836 Buba.
1379 3790 1380 3819 u

255 3853 315 3918 sed
334 3852 520 3940 significare
541 3853 670 3919 videtur
688 3855 884 3942 Βερέκυντα,
908 3867 941 3922 et
961 3854 1139 3944 οτεριφνός
1159 3856 1258 3921 idest
1275 3875 1342 3935 σιρι-

161 4025 166 4034 ,
254 3953 351 4040 φνός,
375 3956 466 4042 quod
487 3957 663 4023 Erotianus
687 3981 729 4024 ex
746 3957 980 4045 Aristophanis
1001 3959 1076 4025 loco
1100 3956 1287 4046 depromsit,
1304 3948 1344 4015 ubi

323 4195 348 4260 l)
362 4194 410 4250 Sis
418 4193 567 4248 Bekkerus
579 4191 690 4264 scripsit
703 4193 856 4248 seeundum
865 4193 992 4249 Bustium
1005 4197 1042 4249 nd
1052 4195 1139 4266 Greg.
1147 4197 1208 4252 991.
1220 4211 1269 4266 pro
1280 4191 1342 4262 tels

255 4283 397 4344 quomodo
415 4281 460 4335 bis
479 4280 508 4333 iu
526 4279 673 4352 Apollonii
694 4277 817 4333 osu-mins
834 4279 971 4354 seriptum
987 4290 1040 4338 ost.
