2825 4809
187 355 261 434 176
536 347 858 420 DISSERTATIO
881 345 947 414 111.

183 539 323 631 probata
345 538 473 604 videtur
494 536 719 622 superioribus
738 535 897 623 exemplis
911 522 1080 599 nominum
1090 531 1299 620 propriorum
1383 544 1384 561 ¹

185 654 218 708 et
245 641 473 709 communium.
525 641 601 706 Hoc
634 652 742 704 autem
770 637 904 703 obtento
934 636 1016 702 nihil
1042 635 1225 722 proclivius
1254 644 1300 699 est
1383 684 1384 707 1

185 767 283 832 quam
311 738 499 827 ὀρεινόμος,
531 737 720 824 ἑλείχρυσος
748 740 796 804 sic
822 752 860 802 ut
886 738 954 803 dixi
985 761 1027 802 ex
1054 731 1174 822 ὄρεος,
1211 735 1301 813 {lang
1384 812 1385 829 ρ

184 847 271 911 facta
297 865 369 910 esse
392 843 556 929 synaeresi
584 842 721 906 duarum
740 841 919 917 vocalium,
948 839 983 902 in
1010 835 1209 925 dpetovdnog
1226 859 1300 902 vero

163 957 218 1012 .et
246 942 439 1032 ἑλεινιβάτης
467 957 637 1030 utramque
672 943 832 1008 mansisse
854 943 1075 1026 incorruptam
1102 939 1301 1025 interposito
1384 932 1385 939 '

183 1049 251 1112 iota
271 1059 308 1112 ut
331 1044 558 1134 Klarouoirorp.
603 1047 655 1112 Ita
681 1057 714 1110 et
732 1045 788 1109 illa
810 1044 989 1109 liberantur
1016 1036 1112 1129 trope
1135 1041 1302 1126 geminata
1385 1120 1386 1131 ρ

185 1145 245 1234 ὀρο
276 1141 502 1232 υἦρε-ὄρει
518 1186 551 1196 -
567 1155 600 1211 et
628 1147 709 1213 haec
737 1147 930 1233 pleonasmo
963 1145 1107 1232 syllabae
1134 1131 1172 1222 o]
1209 1145 1300 1228 cujus
1385 1142 1386 1153 ’

83 1301 87 1312 ,
183 1273 284 1317 causa
304 1251 338 1314 in
360 1250 444 1314 hana
467 1250 692 1334 quaestionem
713 1249 987 1334 ingressisumus.
1019 1248 1205 1315 Videamus
1216 1269 1300 1310 nunc

183 1374 261 1418 num
295 1352 426 1417 aliunde
459 1361 613 1436 emergat.
672 1352 860 1416 Phocarum
895 1350 1065 1438 epitheton
1098 1349 1299 1415 homericum

184 1449 384 1540 ἁλιοιρερής
406 1452 434 1516 si
458 1473 532 1518 oum
555 1450 724 1541 αλυπηγός
745 1453 987 1530 contendimus,
1009 1452 1078 1516 iota
1099 1452 1251 1527 accessit,
1272 1451 1298 1514 si

184 1575 258 1619 cum
281 1549 475 1641 ἁὶιτρετρής,
499 1545 525 1619 o
545 1553 659 1631 breve,
690 1556 749 1619 sed
771 1566 887 1620 neutro
912 1554 1058 1618 remedio
1086 1576 1173 1640 opus
1196 1565 1248 1618 est
1272 1553 1299 1617 si

184 1679 257 1722 cum
281 1656 439 1740 adjectivo
463 1658 679 1743 compositum
705 1656 853 1722 dicimus.
899 1655 1190 1739 Quemadmodum
1215 1655 1299 1719 enim

184 1758 240 1843 qui
261 1758 295 1823 in
314 1758 394 1822 mari
412 1759 525 1844 periit,
547 1757 679 1836 ἐνάλιος
695 1759 943 1826 θανεῖνᾱίοἰιιιτ
959 1761 1038 1824 Eur.
1056 1758 1132 1823 Hel.
1153 1756 1249 1821 1066.
1268 1768 1298 1822 et
1387 1777 1389 1784 ·

183 1860 240 1947 qui
262 1860 296 1925 in
318 1881 374 1924 ara
395 1860 545 1925 considet
565 1856 694 1945 βώμιος
709 1862 972 1927 θακεῖνΗοηςΙ.
988 1859 1080 1924 1066.
1099 1860 1297 1925 siclortasse

182 1963 279 2028 maris
310 1963 458 2028 alumnus
481 1959 576 2041 ἅλιος
596 1960 737 2048 τραφείς
757 1974 790 2027 et
812 1963 992 2050 compactis
1020 1963 1054 2026 in
1083 1983 1188 2026 unum
1207 1960 1296 2026 voci-

182 2064 244 2130 bus
267 2060 474 2153 ἁλιοτρεφής.
518 2065 586 2130 Pro
614 2059 789 2146 ὀξειβαρὲς
815 2063 875 2128 καὶ
902 2066 1075 2150 βρομῶδες
1102 2068 1236 2146 πνεῦμα
1265 2063 1296 2126 iu

181 2166 312 2230 Aeliau.
334 2167 378 2230 H.
401 2166 643 2233 Am.V11.5.
671 2163 809 2230 fortasse
836 2159 998 2248 ὀξαβαρές
1023 2164 1075 2245 (ut
1097 2157 1294 2248 a'gaetocopng)

182 2267 203 2331 i.
233 2289 264 2352 q.
299 2264 462 2350 βαρύοζον
491 2268 682 2352 graveoleus
718 2267 927 2331 scribendum
957 2276 1024 2342 est3
1062 2287 1124 2351 pro
1157 2265 1293 2330 barbaro

183 2365 372 2456 εὖρςοόίνης
401 2367 554 2435 Straboni
582 2391 623 2434 ex
651 2370 808 2457 Epitome
834 2366 1040 2432 substituitur
1068 2363 1291 2456 ἀργυροδίνης,

182 2491 242 2554 pro
276 2465 474 2554 ὀξυόρυγχος
509 2472 600 2556 apud
621 2473 830 2537 Athenaeum
856 2469 1046 2534 Meinekius
1074 2471 1234 2536 Exercitt.
1260 2471 1292 2534 in
1390 2477 1391 2490 ¹

181 2570 583 2656 Ath.·speo.11.6.recte
606 2566 798 2657 ὀξύρυγχος,
829 2571 983 2655 idemque
1012 2593 1073 2658 pro
1107 2568 1291 2661 ἑγγυηθήκρ

180 2671 328 2736 Lucieno
351 2672 460 2736 reddit
482 2669 658 2760 ἐγγυθήκη,
683 2673 773 2758 quod
794 2672 871 2738 alibi
893 2673 1012 2759 legitur
1021 2684 1148 2738 retenta
1168 2687 1291 2761 praeter

181 2775 285 2859 sigma
307 2775 530 2840 terminatione
559 2773 702 2840 adverbii
727 2775 894 2862 simplicis.
917 2813 960 2824 -
980 2775 1167 2840 Literarum
1189 2777 1291 2842 uomi-

94 2947 97 2954 ,
179 2875 276 2942 nibus
303 2877 536 2962 monosyllabis
556 2865 582 2941 Ῑι
601 2877 759 2942 insertum
784 2889 835 2943 est
854 2878 976 2943 vocalis
999 2878 1201 2943 connexivae
1221 2879 1290 2943 loco

180 2975 336 3067 πιοειδὴς
360 2989 392 3043 et
415 2977 555 3066 ivottdq'g.

264 3080 304 3143 In
328 3081 489 3145 declinatu
514 3081 681 3146 nominum
708 3081 792 3146 hanc
816 3081 962 3146 vocalem
997 3097 1168 3167 surrepere
1199 3104 1290 3146 nemo

181 3180 420 3259 animadvertit3
454 3184 494 3247 de
528 3183 700 3250 verborum
732 3183 881 3248 auctibus
918 3183 980 3247 hoc
1010 3205 1112 3247 unum
1144 3183 1290 3248 memini:

179 3274 243 3370 ἦχα
267 3283 324 3347 καὶ
348 3280 490 3362 ciuitatis
512 3278 618 3374 ὅγρχα
644 3286 700 3351 καὶ
724 3288 926 3371 πλεονασμῷ
938 3290 998 3350 τοῦ
1014 3271 1208 3370 Ῑῖἆγήοχα·
1237 3285 1289 3372 τὴν

180 3383 243 3470 γὰρ
269 3380 380 3472 τρίτην
403 3385 568 3474 συλλαβὴν
599 3382 629 3452 oi
656 3382 786 3454 ἀττικοὶ
817 3385 1088 3472 (παρακείμενοι)
1117 3387 1286 3451 συνεσταλ-

178 3483 277 3564 μένον
298 3483 459 3551 θέλουσιν
481 3484 575 3567 ἔχειν,
604 3483 762 3575 ἆλήλιφα,
786 3481 923 3574 ἀκήκοα,
948 3484 1096 3575 ἐλήλυθα
1115 3487 1284 3575 Moschop.

180 3586 452 3673 Sched.p.187.
497 3589 608 3654 Aliam
635 3611 768 3654 causam
795 3588 905 3653 reddit
934 3586 1190 3655 Choerohoscus
1213 3588 1282 3656 Can.

179 3791 214 3847 T.
224 3791 290 3846 XII.
305 3792 394 3848 Paull.
409 3793 481 3863 Aeg.
496 3793 546 3847 111.
558 3795 599 3858 16,
609 3794 665 3845 105.
678 3792 737 3846 Sed
748 3799 889 3863 repugnat
900 3807 991 3845 canon
1006 3791 1198 3847 Choerobosci
1210 3793 1279 3846 Orth.

176 3880 237 3942 27³,
248 3884 269 3932 1.
279 3885 307 3932 et
314 3878 432 3933 aliorum
439 3899 456 3932 v
470 3879 572 3934 Parell.
582 3882 623 3933 26.
633 3877 681 3950 qui
689 3865 1034 3939 nominuinffc‘excuntia
1047 3889 1168 3950 excepto
1176 3897 1229 3933 uno
1238 3878 1278 3932 illo

177 3965 384 4037 diphthongum
403 3952 430 4021 ἦ
451 3965 480 4020 in
503 3964 659 4038 penultima
681 3967 787 4020 habere
806 3971 911 4035 negant
934 3964 1007 4032 πλὴν
1026 3963 1083 4020 ἀπὸ
1101 3962 1279 4034 πρωτοιὺπου.

176 4051 246 4106 Nam
261 4049 373 4114 Νηλεύς
385 4052 407 4107 si
423 4069 439 4105 a
451 4055 551 4112 Νεῖλος
563 4051 718 4106 derivatum
729 4058 779 4115 est,
793 4051 999 4122 diphthongum
1009 4053 1097 4106 habet
1109 4071 1127 4106 a
1140 4061 1280 4124 prototypo

176 4136 249 4191 sicut
261 4138 433 4192 homericum
445 4133 585 4208 Ἐπειγεύς
597 4145 625 4191 et
636 4137 726 4190 minus
739 4148 846 4191 certum
859 4134 979 4204 oreeflrdc
997 4139 1065 4191 Hes.
1078 4140 1134 4192 hoc
1146 4138 1215 4192 enim
1227 4153 1282 4190 me-

176 4221 229 4274 lius
242 4219 348 4290 σι’βεῦς
359 4224 505 4306 scribitur3
524 4241 576 4296 pro
590 4219 678 4283 σειεὺς
690 4223 761 4276 Poll.
775 4222 838 4278 VII.
856 4226 910 4278 181.
933 4224 1081 4279 Bekherus
1096 4241 1133 4278 ex
1150 4224 1204 4278 alio
1222 4222 1282 4277 loco

177 4311 279 4360 utlowr
290 4307 394 4379 posuit.
496 4369 500 4374 ,
