2825 4809
263 320 336 398 uui
622 310 943 389 ntssnodst'mo
969 313 1014 390 V.

262 513 337 579 431.
358 533 389 576 v.
410 507 528 595 Engel.
549 507 678 592 Kypros
702 508 743 573 Τ.
759 507 787 573 Ι.
810 508 869 574 121
886 531 935 594 sq.
980 506 1038 574 Sic
1057 504 1152 570 etism
1172 508 1336 594 Παλουπερ

262 611 369 700 sidtu,
396 611 612 696 Παλαίτυρος
640 632 671 674 ν.
697 609 883 676 Tzsohnok.
910 610 953 674 ud
977 608 1059 677 Mel.
1080 608 1155 677 Vol.
1175 609 1234 674 111.
1254 609 1288 674 P.
1304 611 1337 676 II

262 717 337 782 632.
362 724 394 780 et
416 713 479 778 slis
500 731 585 798 qnue
604 712 693 778 idem
714 713 848 800 collegit
868 712 910 777 ud
928 712 1068 801 Eutrop.
1088 735 1122 798 p.
1133 711 1202 776 383.
1223 713 1275 775 sed
1290 735 1337 776 nno

263 817 363 886 modo
385 810 406 904 ἡ
429 812 539 880 πάλαι
555 810 683 893 Ἑλλάς,
706 813 745 882 τὸ
767 817 874 881 πάλαι
889 805 1027 899 Ἄργος,
1051 835 1125 876 nem
1143 811 1221 878 haee
1235 814 1340 900 propris

263 943 331 987 non
360 929 455 994 sunt;
486 927 520 982 et
544 913 583 981 τὸ
611 914 762 982 παλαιὸν
778 908 900 993 Ἴλιον,
931 913 1011 998 quis
1037 937 1138 1000 quum
1163 915 1256 1000 Troju
1277 939 1340 981 nous

264 1024 410 1097 floreret,
438 1017 555 1084 veteris
577 1015 667 1082 urbis
689 1015 734 1101 (si
754 1038 900 1101 unquam
919 1016 1022 1100 stetit)
1045 1016 1099 1080 vix
1119 1017 1233 1082 rudere
1250 1037 1339 1082 nosce·

263 1125 393 1190 bantur.
433 1115 669 1206 Ἀμανρογάων
695 1117 764 1184 Od.
789 1117 870 1185 XV.
895 1116 969 1183 451.
1003 1116 1174 1183 Bekkerus
1202 1118 1295 1182 divisit
1316 1133 1341 1181 ut

263 1225 364 1310 θαμὰ
390 1224 560 1308 τρωπῶσα
590 1219 657 1286 Od.
678 1219 781 1286 XIX.
807 1219 882 1286 521.
912 1229 947 1282 ut
974 1221 1188 1307 Θαμανροχεῖ
1212 1214 1262 1302 οὐχ
1282 1214 1340 1308 iou

262 1324 354 1412 χάζει
376 1326 459 1390 Hes.
482 1321 626 1408 disjungi
650 1343 718 1388 non
742 1331 884 1408 possunt
903 1319 980 1405 quis
1003 1319 1146 1407 simplex
1165 1325 1280 1408 τροχοῖν
1293 1342 1341 1384 non

265 1427 402 1502 diuitur3
429 1424 465 1488 id
492 1423 592 1509 igitur
617 1422 871 1509 psrssyntheton
893 1432 944 1490 est
966 1443 988 1484 u
1007 1421 1129 1487 ficticio
1151 1418 1340 1508 θαμάνρυχος,

265 1529 318 1596 oui
339 1549 440 1592 unum
466 1523 570 1590 simile
592 1521 729 1611 άμνγῶος
749 1526 810 1592 sed
828 1525 892 1591 hoo
911 1547 929 1590 e
946 1523 1137 1607 conjecture
1151 1523 1340 1610 pendem¹¹);

264 1640 433 1719 praetereo
464 1625 586 1690 nullum
615 1647 730 1692 vocem
759 1648 834 1693 cnm
863 1622 933 1709 ἅμα
963 1634 996 1690 et
1024 1622 1125 1704 θαμά
1158 1623 1341 1708 similibusque

264 1730 357 1818 λίγα,
384 1725 495 1818 σάφα,
515 1724 617 1808 τάχα,
641 1719 713 1794 ὦκα
735 1727 951 1814 compositum
970 1725 1212 1813 indagavimus.
1231 1763 1263 1772 -
1285 1724 1340 1789 Ad·

262 1831 447 1898 uerbiorum
465 1827 630 1914 quslitstis
651 1827 715 1894 ulis
731 1828 1013 1916 prsepositionum
1029 1852 1122 1896 more
1144 1836 1343 1916 componuntur

264 1929 462 2022 μογιλάλος,
485 1925 656 2016 ἑκάεργος,
680 1927 872 2017 ἀδηφάγος,
900 1931 965 1995 uiis
991 1931 1163 2016 synthesin
1188 1953 1251 1996 non
1267 1930 1343 1993 ierunt

264 2045 301 2100 ut
323 2030 493 2117 rrdvo¹⁸)‚
512 2030 595 2108 λίαν,
618 2027 765 2120 σφόδρα,
786 2031 888 2115 μάλα,
913 2032 1092 2119 dequibus
1116 2033 1147 2099 si
1165 2031 1285 2119 quondo
1302 2030 1344 2095 du·

263 2133 379 2202 bitutio
407 2132 530 2200 incedit
557 2140 665 2196 utrum
693 2153 768 2198 oum
796 2133 957 2217 adjectivo
984 2135 1135 2222 proxime
1163 2133 1300 2222 apposito
1317 2153 1345 2194 sn

265 2259 339 2302 cum
361 2234 471 2320 aliquo
497 2234 560 2300 ulio
585 2233 799 2312 cohaereant,
827 2235 1041 2302 Grammatici
1066 2237 1203 2324 hyphen
1224 2235 1346 2300 adnotent
1382 2284 1383 2297 .

263 2349 301 2402 ιο
325 2336 368 2400 as
389 2336 429 2402 11.
451 2335 552 2400 xrn.
574 2335 648 2402 νυν.
676 2334 848 2425 συμφερτὴ
874 2331 908 2401 δ’
931 2331 1031 2426 ἄρου
1054 2341 1154 2407 πα..
1177 2333 1293 2426 ortu
1308 2334 1347 2400 ot
1382 2308 1383 2375 t

263 2436 355 2522 μάλα
376 2438 518 2522 λυγρῶν,
543 2434 607 2502 hoo
627 2436 830 2524 adscriptum
850 2437 989 2524 legimus
1012 2434 1080 2507 ὑπὸ
1104 2440 1170 2518 τὰς
1192 2435 1348 2511 τελευταίας

265 2535 325 2606 δύο
357 2537 463 2617 λέξεις
489 2536 529 2604 τὸ
556 2541 615 2626 τῆς
642 2541 849 2628 συναλοιφῆς
877 2547 1015 2626 σημεῖον
1039 2539 1181 2608 θετέον·
1206 2539 1242 2620 ἐξ
1263 2532 1348 2625 ippo-

263 2639 368 2725 νέρων
398 2636 460 2723 γάρ
493 2634 527 2705 ἓν
555 2641 715 2725 δηλοῦται
745 2637 783 2708 td
816 2639 1043 2725 λυγροτάνων,
1079 2665 1148 2728 qno
1182 2641 1350 2728 significetur

264 2738 357 2823 μάλα
377 2760 445 2804 non
466 2738 510 2805 ud
533 2733 633 2826 ἀρετὴ
657 2740 754 2809 πέλοι
778 2741 942 2828 pertinere
967 2751 1005 2807 ut
1030 2743 1242 2810 Aristarchus
1264 2739 1351 2808 sunsit
1380 2722 1381 2809 i

264 2838 399 2927 σφόδρα
426 2840 485 2907 καὶ
514 2844 625 2908 κακῶν
651 2836 844 2928 ἀνθρώπων
872 2840 1000 2930 γίνεταί
1024 2869 1078 2923 τις
1103 2839 1223 2934 ἀρετή,
1250 2840 1350 2910 sedsd

183 2999 197 3018 ,
264 2939 468 3025 adjectivum,
488 2942 654 3027 quomodo
676 2942 776 3010 hseot
797 2946 918 3022 τελέως
939 2939 1084 3030 ἀγαθός,
1107 2946 1210 3034 ῥυδὸν
1230 2941 1349 3035 ἀφνειός,
1379 2966 1380 3041 ρ

264 3035 374 3127 ἠρέμα
403 3040 537 3122 λευκός,
568 3045 692 3132 κομιδῇ
720 3046 793 3125 νέος
821 3056 882 3111 eto.
926 3046 1040 3112 Unum
1066 3040 1155 3133 άγαν
1183 3070 1247 3114 non
1272 3045 1350 3112 solun
1378 3126 1379 3137 ἶ

266 3142 443 3228 opponitur
471 3137 529 3208 ndu
558 3135 642 3230 άγαν
670 3144 781 3234 σοφάς
808 3147 926 3234 Eurip.
956 3148 1018 3214 sed
1046 3148 1147 3216 otium
1177 3147 1351 3236 componitur
1378 3140 1379 3215 ἶ

264 3240 393 3326 abjecta
418 3264 563 3309 consone
590 3240 777 3330 ἀγακλυνός
793 3247 844 3333 ¹⁹)
874 3258 907 3312 et
932 3271 1007 3316 oum
1031 3251 1209 3338 participio
1237 3246 1349 3336 άγακλυ

335 3420 379 3488 17)
398 3420 583 3476 Accusativus
603 3419 724 3474 nominis
744 3422 850 3478 heroici
869 3424 1019 3498 Amopuon
1036 3425 1071 3482 11.
1086 3426 1166 3482 VIII.
1185 3430 1244 3484 27⁶.
1263 3444 1311 3480 non
1326 3423 1348 3474 ab

265 3503 411 3560 Eustuthio
432 3504 546 3578 quidem
566 3513 597 3559 ut
617 3505 782 3578 Spitznerus
804 3511 913 3580 putavit
936 3515 988 3567 sed
1011 3511 1039 3566 in
1058 3514 1113 3568 Ed,
1131 3514 1217 3569 Rom.
1236 3520 1262 3569 et
1277 3509 1347 3581 steph.

265 3586 418 3659 sspirutnr;
445 3590 532 3646 ceteri
549 3588 720 3658 Ἀμοπάονα.
757 3593 843 3658 Quod
861 3595 1042 3653 Herodianus
1063 3601 1099 3654 de
1116 3600 1220 3673 psilosi
1239 3594 1347 3661 dicitu

264 3675 416 3729 secundem
434 3677 525 3731 solum
544 3677 679 3747 syllabam
695 3678 838 3751 pertinere
856 3681 976 3738 videtur.

334 3759 379 3826 18)
398 3761 596 3830 Πανυπονθὴς,
617 3765 695 3834 quod
712 3764 872 3822 Brunckius
890 3768 981 3824 edidit
997 3768 1028 3824 in
1045 3769 1133 3826 Anth.
1147 3770 1228 3824 Pion.
1243 3761 1346 3824 CCLXV-

264 3842 364 3898 merito
380 3844 479 3914 rejecit
490 3847 651 3904 JsoobsIus.
677 3847 843 3922 Mtpdtlyos
855 3853 972 3909 Pluutns
988 3855 1159 3912 confinxisse
1173 3854 1279 3913 ridetur
1289 3865 1346 3921 gut·

265 3929 377 3992 tissone,
395 3932 445 3984 sed
463 3931 564 3986 Graeci
583 3931 638 4005 ipsi
657 3938 797 4006 μιξέλλρν,
815 3937 1029 4016 μιξοβάρβαρος.

334 4014 378 4079 19)
389 4007 478 4083 ’Ἁγαν
495 4012 589 4077 κλυτάς
605 4016 691 4073 Anth.
707 4021 783 4093 App.
801 4020 920 4080 CXXX.
940 4025 1105 4099 conjecturs
1123 4024 1232 4082 incerte
1249 4033 1291 4079 est.
1313 4019 1345 4073 dl·

265 4111 347 4150 eseos
364 4116 393 4167 p.
408 4101 457 4151 580
476 4099 580 4171 Bergk.
611 4101 750 4161 Pittacum
767 4107 888 4164 fortusse
907 4129 965 4164 non
983 4109 1142 4188 ἀγάσυρτον
1159 4112 1278 4177 vocavit,
1293 4106 1346 4179 qnod

249 4179 466 4253 ·Glossogrsphi
484 4182 643 4256 ἀκάθαρτον
659 4187 896 4263 interpretentur,
916 4199 969 4250 sed
988 4195 1147 4276 άνάσυρνον
1167 4200 1199 4256 id
1216 4205 1257 4254 est
1271 4195 1345 4251 ‘itaut

264 4269 411 4342 σνρρυένον.
449 4269 544 4334 Quare
563 4291 614 4343 pro
633 4278 764 4351 exemplo
782 4281 888 4336 efferre
905 4283 993 4341 nolui·
