2825 4809
252 360 300 437 ss
617 350 937 425 mssuarnuo
968 322 1010 421 1.

252 543 385 633 quidem
414 538 564 608 convenit
595 563 669 607 oum
697 552 843 608 veterum
864 538 1019 629 opinione
1040 532 1173 626 αἰζηιιύς
1197 541 1256 606 (1ἱαὶ
1275 542 1340 623 τοὺς

253 642 337 731 dyas
360 643 493 727 ζέοντας
510 644 594 708 Hes.
616 642 676 707 sed
698 642 781 709 haee
799 643 875 729 ipsa
893 641 996 706 nihilo
1017 639 1215 727 probabilior
1234 651 1279 707 ost
1296 668 1339 711 oe-

251 746 329 813 teris
351 744 501 810 vocabuli
523 743 623 831 prisoi
644 742 937 830 explanationibus,
961 742 1051 827 quod
1073 740 1100 805 si
1121 743 1248 829 propria
1261 745 1339 827 juve-

250 868 327 914 nem
356 845 535 932 signifieat,
564 866 639 910 eum
669 842 798 931 αἰζήεις
817 843 840 909 i.
864 865 895 928 q.
920 839 1090 930 εὐτραφής
1109 856 1228 926 oeqetas
1248 847 1341 912 oonte-

251 951 390 1016 rendum
419 948 561 1023 videtum
593 947 621 1011 si
649 945 799 1010 universe
824 944 989 1010 hominem
1018 942 1136 1031 (ζωόν)
1163 966 1233 1009 oum
1257 947 1341 1011 iarho

254 1052 312 1140 ζῇν
340 1048 548 1132 conjunctum
578 1056 627 1113 est
654 1056 691 1111 ut
718 1043 890 1135 Μινόζηας
917 1041 1087 1129 ὄλιγόβιος
1114 1047 1195 1111 Hes.
1244 1047 1343 1134 Itaque

250 1152 306 1216 vix
336 1152 481 1237 effugere
508 1170 683 1237 possumus
716 1148 796 1231 quin
824 1147 961 1233 primam
987 1144 1147 1232 syllabam
1172 1168 1342 1235 supervaca-

251 1274 348 1319 neam
379 1252 541 1330 dioamus‚
568 1272 677 1336 neque
705 1250 769 1313 alia
794 1249 921 1314 ratione
947 1246 1095 1336 expediri
1122 1258 1229 1335 potest
1257 1248 1344 1337 Αἷζη-

251 1353 343 1432 νεκές
364 1352 511 1439 διηνεκές
532 1348 667 1419 αἰώνιον
688 1352 771 1415 Hes.
795 1359 828 1416 et
847 1346 1015 1435 Αλαλίγγη
1042 1346 1135 1428 σκιά,
1160 1346 1266 1434 ὀλίγας
1283 1348 1346 1435 γρό-

252 1474 323 1531 νος,
351 1475 492 1538 quorum
521 1450 882 1539 interpretamentorum
905 1451 1040 1515 alterum
1067 1473 1142 1516 eum
1164 1446 1262 1541 ἧλὺγη
1282 1474 1345 1517 oon·

251 1554 357 1631 venit,
385 1554 521 1619 alterum
549 1577 623 1619 eum
646 1550 780 1640 Ὠλλγγη
812 1548 988 1637 ἀκαριαῖον
1015 1549 1188 1633 ἐλάχιστον
1207 1552 1282 1618 ΕΜ.
1301 1554 1348 1619 sed

254 1656 347 1742 origo
375 1655 519 1721 omnium
548 1656 611 1720 alte
638 1653 788 1719 abstrusa
813 1662 872 1718 est.
922 1652 1020 1734 Quae
1045 1653 1255 1719 Grammatioi
1283 1676 1346 1740 pro·

253 1768 381 1845 ponunt
400 1756 497 1842 hujus
513 1756 694 1845 pleonasmi
717 1755 875 1842 exempla,
897 1754 1132 1821 invalidissima
1148 1765 1238 1820 suntz
1255 1750 1349 1839 ψαρός

252 1855 351 1939 ταχύς
383 1854 453 1926 sind
486 1862 547 1925 τοῦ
579 1858 734 1943 ψαλρειν,
768 1855 854 1922 ὅθεν
887 1854 943 1922 ιιαλ
976 1850 1130 1941 αἶψηρός
1159 1855 1236 1923 sch.
1264 1857 1349 1921 Arist

252 1957 364 2027 Nubb.
391 1959 485 2027 1226.
512 1954 685 2025 αἰκάλλειν
708 1954 778 2024 ἀπὸ
805 1960 1004 2044 μεταφορᾶς
1030 1960 1098 2022 τῶν
1126 1952 1350 2042 ἀλεκτρυόνων·

253 2056 397 2127 κάλλαια
431 2060 493 2145 γὰρ
531 2058 572 2124 τὰ
598 2054 725 2125 τούτων
750 2057 860 2141 γένεια
892 2055 1004 2124 schol.
1031 2056 1120 2143 qu.
1150 2058 1205 2125 48.
1252 2058 1353 2143 Neque

254 2160 382 2247 aptiora
418 2170 495 2225 sunt
523 2158 893 2246 ellipsis·dooumenta:
924 2156 1024 2247 γλήνη
1051 2157 1071 2246 ή
1097 2159 1184 2249 κόρη
1211 2160 1300 2247 παρὰ
1322 2160 1352 2225 αλ

253 2258 437 2349 αἰγλήεσσα
457 2252 552 2327 ἐἶναι
578 2257 759 2355 Sohoh-Il.
787 2258 887 2326 XIV.
913 2259 989 2326 493.
1021 2258 1123 2350 γλήνη
1153 2260 1175 2349 ip*
1197 2261 1288 2346 παρὰ
1306 2261 1354 2350 τήν

253 2358 371 2449 αἴγλην
402 2356 558 2449 ἀποβολῇ
584 2364 643 2449 τῆς
672 2387 709 2427 αι
740 2355 971 2447 συλλαβῆς-ἢ
1001 2356 1071 2428 dno
1101 2366 1164 2429 τοῦ
1195 2359 1354 2449 γλαύσσειν

252 2462 334 2529 ΕΜ.
355 2470 388 2529 et
404 2460 482 2529 Seh.
499 2462 568 2548 Ap.
589 2461 730 2528 1.·1280.
750 2460 869 2546 quibus
891 2461 954 2528 hoo
974 2463 1074 2529 modo
1092 2464 1255 2529 assentior
1271 2460 1356 2550 γλήνη

254 2586 274 2631 a
303 2560 392 2649 γλάω
421 2564 553 2628 duotum
583 2584 670 2643 esse,
704 2564 794 2650 quod
821 2564 964 2641 evanuit3
991 2563 1090 2654 αἴγλη
1118 2588 1199 2632 vero
1230 2575 1263 2631 et
1286 2560 1357 2649 αὐγή

252 2667 391 2733 fortasse
416 2665 513 2731 aliam
539 2666 674 2752 stirpem
701 2665 824 2731 habent
845 2667 898 2731 eui
920 2661 1045 2753 ἀγλαός
1070 2676 1103 2732 et
1124 2660 1293 2754 ὂλγλαυρος
1308 2664 1357 2728 ad·

253 2766 397 2835 haerent.
440 2768 567 2833 Eadem
592 2767 673 2831 mihi
703 2768 863 2833 sententia
889 2770 930 2835 de
957 2765 1076 2835 θύσσιυ
1106 2778 1140 2833 et
1163 2764 1317 2835 αἶθύσσιι
1336 2789 1359 2829 v.

253 2868 413 2937 Teohnol.
436 2892 469 2957 p.
494 2870 565 2935 101.
589 2870 725 2946 Suidan,
749 2870 805 2954 qui
826 2866 989 2955 αἶσυηιήρ
1010 2869 1245 2956 interpretatur
1262 2893 1361 2951 χριριι·

252 2968 385 3054 donaria,
409 2980 556 3059 apertum
576 2983 625 3037 est
647 2971 790 3036 animum
813 2971 856 3035 ad
877 2977 937 3049 σῦς
956 2971 1122 3047 retulisse;
1145 2972 1287 3057 primam
1307 2970 1362 3054 syl·

252 3072 359 3139 labam
374 3072 511 3139 fortasse
528 3073 729 3138 extrinsecus
745 3074 890 3137 additam
905 3073 1046 3159 putavit3
1070 3073 1130 3137 sed
1148 3074 1215 3139 hoo
1231 3073 1363 3138 omnium

254 3196 339 3258 quae
370 3174 410 3240 de
437 3198 518 3240 vooe
546 3175 720 3261 ignorabili
749 3174 934 3259 excogitata
961 3184 1050 3251 sunt,
1081 3175 1285 3239 levissimum
1314 3184 1364 3237 est

252 3274 308 3341 De
336 3274 467 3340 nomine
493 3277 603 3362 topieo
631 3274 772 3362 Αἷσόμη
800 3273 882 3353 ἴσως
911 3271 930 3363 ἡ
960 3277 1092 3359 Νιρέως
1113 3276 1211 3363 Σύμη
1235 3274 1311 3343 Seh.
1331 3274 1365 3337 ll.

253 3375 352 3443 VlII.
380 3376 454 3441 304.
480 3377 561 3442 nihil
591 3376 720 3443 decerni
751 3387 871 3464 potest.
897 3413 941 3424 —
971 3374 1232 3462 Diphthongum
1247 3366 1293 3445 ’ἶι
1320 3388 1368 3441 aut

254 3477 444 3564 pleonasmo
467 3480 626 3565 adjectam
645 3490 700 3544 aut
718 3479 889 3567 aphaeresi
909 3480 1072 3543 ademtam
1092 3478 1149 3563 qui
1173 3480 1296 3545 dixerit
1317 3502 1367 3545 oo-

253 3579 353 3666 gnovi
374 3581 535 3647 neminem
543 3606 552 3659 ;
580 3583 639 3647 sed
661 3606 680 3645 a
702 3581 846 3668 perfeeto
871 3579 1031 3663 ιῖιιαρμαι
1060 3582 1307 3668 transmigravit
1333 3582 1369 3644 ad

254 3681 448 3764 adjectivum
470 3680 628 3769 ελγιαριός
651 3696 692 3762 et,
716 3684 744 3747 si
763 3705 839 3747 vera
856 3692 906 3747 est
921 3682 1084 3746 Athenaei
1101 3685 1268 3748 sententia
1279 3684 1370 3751 Vlll.

253 3780 327 3847 362.
357 3783 397 3848 F.
419 3806 538 3850 nomeu
561 3780 716 3871 εἰλαπίνη
739 3786 872 3873 proprie
895 3782 1067 3867 λαφυγμόν
1090 3784 1283 3871 significare
1307 3782 1369 3873 sind

252 3886 313 3950 τοῦ
336 3880 481 3955 λάπτειν,
504 3885 540 3948 id
562 3908 694 3970 quoque
715 3886 847 3951 retinuit
869 3884 1123 3971 duplioationem
1150 3889 1297 3974 perlecti
1320 3910 1372 3952 oo-

253 3986 410 4071 gitatione
449 3986 555 4051 effecti
595 3984 729 4054 εἴλαιῑα.
791 3987 950 4052 Liberum
989 3998 1115 4073 patrem
1151 3986 1375 4077 Εἱραφιιότην

254 4086 376 4153 dietum
404 4109 474 4152 esse
504 4086 598 4170 παρὰ
624 4086 661 4153 ad
695 4084 870 4176 ἐρράφθαι
900 4093 949 4176 τῴ
975 4094 1072 4175 μηρῷ
1102 4094 1160 4159 τοῦ
1182 4088 1277 4169 Διός
1301 4089 1376 4158 Soh.

252 4188 292 4253 Il.
307 4189 335 4253 l.
348 4188 401 4253 39.
420 4188 500 4253 ΕΜ.
520 4188 621 4253 nihilo
644 4188 846 4275 probabilius
864 4201 915 4255 est
933 4214 1031 4276 quam
1048 4191 1183 4257 aliorum
1205 4195 1377 4276 conjectu·

252 4304 330 4357 rae.
360 4289 415 4358 Do
441 4287 605 4379 prosthesi
633 4290 830 4383 diphthongi
847 4282 890 4362 ε-ιι
912 4316 1010 4361 nemo
1039 4316 1226 4362 sermonem
1257 4294 1379 4371 intnht‚
