2825 4809
129 352 181 418 nn
200 344 407 415 smcorn
429 344 576 413 umus
597 344 820 415 rocnms
842 347 882 415 ο.
895 348 942 415 11.
959 352 986 435 t.
994 351 1045 416 10.
1067 352 1145 431 ης

73 553 108 607 est
133 537 166 601 ab
188 530 434 616 antiquioribus,
468 532 526 617 qui
559 527 717 609 abacos,
754 529 891 599 rideres
930 556 972 601 ct
1001 558 1146 623 persono

73 641 251 707 tertiorursus
278 642 365 697 retro
394 634 480 697 flexa
509 656 581 699 esse
610 634 739 720 fingrmt
768 631 933 702 Choerob.
961 637 1044 705 Can.
1067 640 1144 707 878.

70 744 127 810 ΕΜ.
141 738 210 815 209,
229 734 279 800 34.
301 734 341 799 cf.
363 735 473 799 Koen.
495 735 538 799 ad
560 734 662 821 Greg.
681 735 758 801 411.
783 746 816 801 et
837 760 923 821 quae
944 742 1047 826 paulo
1067 754 1145 810 ante

70 846 101 909 de
115 840 223 925 έέοοκες
246 845 279 902 ct
304 835 465 903 similibus
487 836 575 901 dicta
599 846 685 901 sunt.
725 838 796 904 Pro
817 839 875 905 illo
893 842 992 909 scribi
1013 854 1145 931 poterat

67 940 179 1029 prte'ror
197 937 298 1025 epsilo
319 948 410 1003 muto
431 948 468 1003 ut
492 949 541 1005 est
563 938 597 1001 in
619 937 781 1023 bisyllabo
799 942 926 1020 κέλεαι,
949 943 1011 1009 ssd
1027 946 1146 1012 melius

67 1045 142 1109 ristm
163 1036 302 1106 rocalein
331 1062 416 1125 quae
441 1064 509 1106 non
537 1039 669 1105 auditur
695 1063 738 1107 ne
768 1042 872 1108 oculis
901 1044 1035 1127 quidem
1064 1044 1145 1112 snb⁴

62 1148 142 1231 jicere.
179 1143 292 1227 Itaque
322 1152 377 1207 aut
405 1142 552 1226 μοθέοοο
572 1164 709 1207 numero
732 1143 893 1229 dactylico
915 1146 1073 1232 scriptum
1094 1158 1146 1215 est

65 1246 139 1333 spado
161 1245 234 1309 eliso
260 1254 318 1327 aut
338 1246 468 1328 μυθέαι
491 1244 608 1311 eadem
627 1244 734 1309 voosli
755 1246 807 1310 vel
823 1246 979 1311 radicitus
999 1256 1149 1322 subacta

65 1348 99 1413 rel
111 1370 173 1411 um
190 1344 395 1432 diphthongo
413 1345 502 1411 finali
518 1355 687 1411 contractu
699 1347 802 1431 quod,
817 1347 875 1432 qui
890 1360 1061 1416 eccentrrm
1075 1374 1146 1425 non

63 1457 240 1525 numerant,
278 1447 473 1534 praetulisse
505 1446 666 1513 videntur.
714 1448 896 1513 Manifesta
921 1460 1032 1516 autem
1062 1476 1143 1538 syn-

65 1572 122 1637 cope
141 1560 185 1614 est
205 1548 370 1615 secundde
391 1548 573 1635 imperfecti
594 1570 756 1636 personae
776 1560 809 1614 et
829 1548 1029 1637 imperativi,
1050 1555 1145 1639 cujus

64 1650 166 1737 plurima
180 1660 258 1715 sunt
275 1649 440 1736 exempla3
463 1650 603 1737 primum
618 1650 654 1715 in
670 1648 779 1717 verbis
795 1649 981 1737 hemonis,
1005 1676 1146 1739 quorum

64 1776 133 1817 mun
159 1753 277 1839 legitur
307 1752 396 1837 apud
427 1752 609 1817 Homerum
646 1748 734 1821 dalri'
779 1749 835 1818 ἐπ’
871 1749 1072 1841 ἀνθρώποις
1102 1757 1145 1823 11.

63 1854 158 1922 XXIV.
177 1854 249 1923 202.
271 1876 339 1919 non
365 1853 436 1918 sine
462 1852 668 1919 dissensione
687 1852 872 1920 Ptolemaei
895 1858 1143 1924 etHerodianit

63 1954 102 2042 τὴν
119 1944 174 2021 {l}
192 1953 363 2043 συλλαβὴν
389 1949 540 2035 dirarari
571 1950 589 2021 ὃ
616 1950 862 2043 Ἀσκαλωνίτης
893 1950 1077 2042 ἡγούμενος
1104 1958 1145 2025 τὸ

62 2058 152 2143 πλῆρες
169 2050 256 2124 εἶναι
282 2055 413 2124 datico·
437 2052 498 2123 οὐκ
522 2052 596 2123 ἔστι
617 2055 654 2123 δέ
676 2048 764 2123 ἀλλὰ
784 2055 898 2124 talitro
917 2055 1145 2143 τοοραοοίλά·

66 2160 125 2237 βως,
142 2158 186 2224 κοί
214 2154 286 2223 εἴτε
314 2153 333 2243 ἦ
363 2152 457 2243 ὀξεῖα
487 2158 713 2241 συγκέκοπται
736 2152 844 2245 siser}
870 2164 995 2245 βαρεῖα
1015 2155 1036 2246 ἦ
1058 2159 1144 2243 μετὰ

64 2254 104 2340 τὴν
117 2250 224 2339 ὀξεῖαν,
250 2253 387 2345 ὀφείλει
408 2254 502 2346 τρίτη
522 2252 592 2325 ἀπὸ
609 2258 725 2335 τέλους
742 2252 762 2345 ἦ
781 2252 877 2337 ὀξεῖα
894 2256 1144 2347 φυλάττεσθαι·

61 2350 190 2443 οὐδὲγὰρ
220 2356 239 2424 ὁ
275 2356 445 2445 χαρακτὴρ
473 2355 605 2425 κωλύει.
648 2359 860 2425 Ptolemaeus
881 2361 982 2447 igitur
1004 2361 1146 2427 credidit

59 2476 85 2519 ex
107 2455 205 2526 έκίέοο
235 2478 300 2545 per
330 2458 496 2546 hyphesin
516 2459 616 2547 ypsili
633 2459 755 2525 iactum
777 2483 850 2527 ease
872 2461 970 2531 ἑκλέο
989 2472 1144 2529 manente

58 2568 160 2624 mceotu
178 2571 214 2625 ut
236 2556 399 2647 ἀρτίπος,
424 2554 560 2639 ὠκύπος
579 2561 702 2627 Parall.
722 2562 797 2627 249.
820 2571 854 2626 et
872 2566 934 2651 τῆς
954 2560 1065 2643 Κλεός
1082 2586 1145 2651 pro

56 2660 203 2746 lbotrv.
236 2661 281 2729 C.
310 2662 371 2730 IV.
402 2664 427 2746 ξ.
461 2662 493 2727 2.
524 2662 736 2729 Herodianus
770 2683 849 2729 vero
884 2664 1145 2750 paradigmatico

56 2754 137 2828 tubo
157 2763 289 2851 epsilon
308 2764 361 2829 vel
384 2764 508 2850 prinae
531 2763 675 2847 syllabae
704 2765 757 2831 vel
778 2766 943 2831 secundae
965 2766 1146 2833 detractum
1277 2762 1283 2770 ’

53 2864 149 2943 putavit
175 2876 207 2931 et
235 2865 317 2931 ideo
347 2865 637 2953 antepenultimam
666 2868 755 2933 acuit
786 2869 863 2953 quia
883 2868 918 2933 in
941 2868 1146 2955 temporibus
1239 2938 1250 2944 ,

54 2962 115 3028 verbi
141 2968 342 3033 extrinsecus
371 2968 474 3033 auctis
504 2978 657 3034 accentus
690 2970 815 3034 recedit
847 2978 1006 3055 quantum
1034 2980 1147 3055 pooest

52 3061 228 3151 longissime,
256 3066 386 3153 ἐγένετο
417 3066 541 3153 έγοντο,
570 3089 612 3135 ex
632 3072 749 3157 regula
769 3071 944 3144 universali
964 3068 1002 3137 αί
1025 3093 1147 3157 orm-

51 3166 96 3233 ποί
116 3168 168 3236 τὸν
188 3167 289 3239 τόνον
311 3164 560 3255 ἇνοβιβάζουοο.
603 3173 717 3257 Atque
736 3171 814 3244 huic
831 3173 940 3239 tonosi
966 3182 1070 3260 negat
1092 3194 1147 3239 re-

50 3287 167 3353 pugnare
198 3272 436 3337 characterem·
450 3271 528 3357 quia
554 3293 618 3337 vox
645 3272 680 3337 in
696 3263 745 3341 {a
777 3274 845 3341 sxit
872 3285 943 3340 non
971 3274 1007 3339 in
1036 3261 1084 3342 ἶῶ
1108 3283 1149 3338 ut

48 3370 145 3453 topia,
180 3374 235 3439 cui
272 3372 389 3439 eadem
420 3374 545 3439 vocalis
575 3374 691 3461 elapsa
717 3387 777 3441 est
825 3377 943 3461 Itaque
973 3372 1149 3441 vernante
1224 3443 1227 3446 ,

50 3462 91 3532 ab.
109 3467 173 3539 ἔστι
199 3475 238 3543 δέ
251 3472 541 3561 -φολιίτοοοθαι
567 3498 635 3541 non
657 3487 695 3541 ut
716 3478 940 3565 Goettlingius
962 3478 1149 3566 sospitatur

50 3565 76 3631 tle
89 3572 162 3639 Ace.
181 3575 259 3641 105.
277 3575 320 3640 ab
335 3574 401 3641 alio
421 3598 488 3660 qno
504 3586 626 3642 attexta
644 3578 703 3645 sed
725 3600 801 3644 oum
820 3602 857 3645 re
878 3599 1043 3665 causaque
1067 3600 1149 3648 oon·-

46 3667 132 3747 jtncta
158 3688 248 3743 stmt.
302 3676 528 3756 Certissimum
552 3702 629 3745 varo
651 3702 818 3767 syncopae
842 3682 1074 3747 documentum
1095 3695 1148 3748 est

48 3766 230 3859 lnpemtivus
264 3781 357 3865 χρέο,
397 3802 463 3865 qno
494 3780 670 3867 scriptores
701 3782 804 3848 ionici
834 3793 972 3849 utamur
1002 3786 1149 3872 saepius.

47 3867 97 3939 Nec
120 3880 210 3945 aliter
240 3880 435 3947 conformati
466 3892 542 3947 sunt
562 3882 746 3969 imperativi
769 3886 943 3953 verborum
965 3886 1147 3952 circmnde·

45 3994 136 4044 ¹⁰r11m
161 3984 286 4071 φοβέο,
317 3981 411 4062 bato,
443 3982 574 4071 ἐξηγέο,
603 4008 745 4070 quorum
765 3987 800 4052 in
822 3999 959 4058 amento
980 3988 1148 4054 Herodoti

44 4070 99 4141 libri
118 4082 311 4177 plerumque
329 4086 532 4152 concordant
553 4108 583 4153 v.
605 4088 748 4174 Βποᾱον.
772 4116 806 4179 p.
828 4092 902 4160 3t5.
952 4092 1017 4157 His
1036 4088 1147 4155 similo

44 4189 79 4241 est
102 4178 200 4253 οίδέο
224 4185 378 4273 Thsogu.
408 4188 500 4253 1334.
534 4186 690 4257 dissimile
717 4212 795 4259 vero
827 4191 908 4282 ἥγοο
934 4192 970 4256 in
999 4189 1148 4257 Choerili
1197 4280 1204 4285 p

43 4295 119 4345 versu
148 4288 242 4373 apud
271 4289 410 4355 Aristot.
435 4288 545 4357 Rhet'
564 4290 629 4357 ΠΙ.
646 4294 712 4359 14.
741 4289 1150 4381 p.-1414,1tteodtcan
1254 4360 1263 4367 ,

80 4384 206 4439 hebeat,
221 4392 313 4432 Pathol.
894 4396 935 4461 18
