2825 4809
104 323 177 388 vrur
195 319 314 386 snus
337 316 574 386 suucoem
597 273 1062 410 cameracenses.
1089 263 1166 402 aar

81 504 195 570 rusticae
208 503 453 588 relinquendum
468 513 536 581 est;
558 503 651 570 alteri
669 503 842 573 Cramerus
863 499 1072 594 ἡμισυχοῖνιξ
1087 509 1165 575 sub·

80 606 174 683 stituit,
195 604 360 671 Bekkems
382 627 460 671 vero
485 605 521 670 in
550 606 626 672 Iud.
654 607 783 672 Anecd.
815 606 909 672 1379.
938 601 1164 696 ἦμισυφοίνιξ,

79 707 194 794 quodsi
218 729 289 772 curn
310 707 469 791 adjectivo
492 703 605 794 φοίνιξ
626 707 835 790 conjunctum
859 717 927 787 cst,
955 709 1166 776 dividendum

77 810 181 874 ridetur
199 818 233 872 ut
253 805 355 896 ἥμισυ
377 804 485 894 πηγός
507 805 634 873 Gallim.
652 808 753 874 Dian.
777 809 829 873 90.
851 832 881 874 v.
902 809 995 876 Diss.
1017 812 1060 878 V.
1083 833 1111 876 c.
1133 813 1164 878 2.

76 915 96 994 ξ.
115 912 141 974 3.
166 909 192 974 si
217 909 425 994 semipoenus
449 908 506 974 illo
538 909 671 975 nomine
694 908 909 997 significatur,
932 910 1070 976 dissidet
1091 933 1165 978 cum

74 1009 222 1096 gentiliciis
243 1005 403 1098 ἦμικρής,
424 1004 583 1096 ἡμιέλλην
609 1020 671 1076 etc.
698 1023 732 1076 et
753 1012 885 1078 omnino
907 1012 996 1078 nulla
1015 1014 1164 1080 novimus

74 1111 206 1177 rambula
230 1133 304 1176 curn
327 1110 486 1194 adjectivo
511 1111 710 1198 composita,
734 1124 887 1180 sexcenta
906 1137 984 1180 vero
1009 1137 1083 1180 cum
1105 1116 1164 1180 ad·

72 1213 162 1279 verbio
180 1211 406 1299 inseparabili,
427 1235 530 1297 quare
551 1211 615 1279 hoc
638 1214 749 1300 potius
772 1238 869 1300 quam
884 1215 1079 1299 adjectivum
1096 1216 1164 1302 pri·

73 1315 153 1380 nitivi
174 1314 248 1380 loco
271 1312 460 1378 habendum
480 1324 518 1378 ut
537 1313 675 1379 latinum
695 1320 772 1382 remi
795 1328 827 1382 et
847 1337 888 1382 se.

135 1417 186 1482 De
211 1416 314 1480 altera
338 1425 430 1500 parte
469 1417 726 1502 compositorum
765 1439 849 1503 quae
879 1415 1003 1482 creduli
1031 1416 1165 1502 quidam

73 1527 315 1593 commentantur,
337 1517 393 1580 vix
413 1517 482 1583 scio
514 1541 558 1582 an
578 1519 682 1583 relatu
709 1519 809 1604 digna
831 1519 911 1596 sint,
935 1510 1072 1601 ἅσωμος
1093 1513 1163 1586 ἀπὸ
1226 1513 1230 1524 ’

72 1624 115 1684 rori
133 1611 309 1698 ἇσώμάτος
330 1618 416 1683 κατὰ
433 1619 604 1705 συγκοπὴν
619 1615 641 1706 ἢ
659 1616 728 1686 ἀπὸ
745 1625 804 1685 rori
823 1624 920 1702 σῶμα
934 1619 1015 1684 ΕΜ.
1028 1617 1099 1698 161,
1110 1617 1163 1683 40.

72 1713 254 1800 βαθύλειμος
287 1713 356 1784 ἀπὸ
388 1722 449 1805 τῆς
474 1722 636 1801 λειμῶνος
664 1725 795 1806 γενικῆς
825 1718 1081 1802 βαθυλείμωνος
1107 1720 1165 1786 καὶ
1277 1780 1280 1791 ,

73 1822 200 1906 συγιοπῇ
227 1843 262 1903 p.
295 1818 371 1896 185,
401 1819 454 1885 35.
485 1818 605 1903 quibus
635 1820 740 1884 simile
768 1819 960 1900 δυςχείμων,
994 1814 1165 1901 ὁύςχειμος

73 1915 232 2002 (δύςχιμος)
272 1920 338 1984 nisi
376 1921 466 2006 quod
497 1921 560 1985 hoc
589 1921 632 1984 ad
663 1928 762 2003 χεῖμα
794 1920 906 1984 referri
939 1928 1049 2005 potest
1082 1918 1165 1984 sicut

73 2013 188 2101 dropog,
211 2014 382 2106 ὅχρωμος,
406 2019 591 2107 ἑῶυπερμος
608 2033 641 2086 et
655 2022 718 2085 alia
734 2043 817 2108 quac
831 2021 945 2086 leviter
963 2019 1164 2084 intuentibus

73 2121 112 2184 rel
126 2143 287 2207 syncopae
308 2121 360 2186 vel
381 2123 558 2208 parectasis
580 2123 724 2209 speciem
744 2121 911 2207 objiciunt.

135 2227 158 2306 §-
179 2223 209 2287 6.
254 2222 442 2290 Verborum
473 2224 537 2288 duo
569 2234 716 2309 tempora
738 2223 935 2310 syncopistis
960 2223 1165 2288 occasionem

71 2324 202 2388 acuminis
224 2325 420 2410 experiendi
440 2323 671 2410 praebuerunt.
721 2325 837 2390 Febris
868 2325 1035 2409 quoddam
1060 2345 1164 2410 genus

72 2423 222 2511 λειπυρίαν
246 2426 316 2498 dici
338 2426 391 2492 ὅτι
409 2428 563 2492 λείπεται
579 2425 875 2509 rcaptgActuarius
892 2427 998 2504 tradit,
1016 2425 1075 2490 sed
1093 2447 1164 2490 sae·

70 2525 128 2610 pius
157 2526 322 2611 λιπυριάς
359 2526 526 2606 scribitur,
567 2527 658 2612 quod
685 2527 859 2592 Reinesius
900 2549 974 2592 cum
1006 2526 1166 2612 particula

68 2626 201 2691 intentive
231 2631 445 2712 conjunctum
473 2642 576 2714 putat.
631 2629 750 2696 Cetera
781 2629 876 2712 hujus
915 2626 1037 2694 ordinis
1068 2625 1166 2690 verba

69 2727 206 2811 disyllaba
226 2729 311 2792 nihil
334 2726 423 2793 eliud
445 2721 598 2814 quarum
616 2731 650 2795 in
672 2720 865 2806 omutant,
892 2724 1114 2814 desuescimus
1135 2742 1167 2792 ct

69 2839 155 2893 cetera
182 2852 258 2895 cum
289 2829 354 2896 hoc
376 2831 476 2896 verbo
500 2832 762 2919 composita20),
786 2826 1018 2912 τιλλοπώγων,
1042 2826 1165 2914 τερπό-

69 2954 184 3014 ῑθᾱμῑς,
205 2929 495 3019 στεργοξύνευνος,
513 2931 739 3017 βουλόμαχος,
759 2928 936 3020 αἰρόπινον
958 2930 1048 3014 quod
1059 2927 1167 3014 aptius
1191 2983 1197 2990 .
1220 2945 1225 2950 ·

68 3031 148 3096 verbo
164 3032 337 3118 subjicitur
354 3057 452 3120 quam
466 3034 590 3098 nomini
608 3029 702 3115 αἷρα,
726 3029 942 3117 μισγόνομος,
967 3027 1165 3108 σωζόπολις,

67 3125 240 3218 ὀζόστομος,
267 3134 499 3217 Φαινόκριτος,
521 3158 596 3200 curn
617 3133 818 3219 trisynthetis
842 3128 1164 3218 ἐκφερομυθεῖνῊ),

68 3233 343 3318 στμβαλλόμαχος,
366 3230 667 3316 ἐπιθυμόὸειπνος,
697 3258 781 3320 quae
802 3227 932 3321 praeter
952 3231 1092 3318 primum
1112 3241 1169 3296 aut

69 3335 183 3420 propria
203 3345 361 3403 suntaut
380 3358 465 3400 nove
486 3337 562 3401 ficta
587 3337 793 3424 potissimum
814 3333 926 3422 probri
943 3334 1068 3420 gratia,
1091 3334 1170 3398 Alia

69 3436 178 3518 epsilon
194 3437 230 3501 in
245 3438 460 3518 commissura
475 3439 649 3525 recipiunt,
662 3461 729 3504 non
747 3439 852 3503 solum
872 3458 955 3521 quae
973 3454 1047 3502 cunr
1061 3435 1168 3500 verbis

69 3536 181 3616 quintae
204 3539 322 3604 classis
346 3539 530 3626 composita
553 3551 629 3604 sunt
649 3549 686 3604 ut
708 3539 742 3603 in
763 3539 843 3605 EM.
859 3537 938 3617 579,
959 3537 1011 3603 45.
1038 3536 1169 3633 dicitur:

68 3635 99 3698 τὰ
110 3636 273 3725 βαρύτονα
290 3637 475 3724 δισύλλαβα
488 3640 573 3725 μετὰ
590 3637 803 3724 ἅμεταβόλου
818 3639 981 3724 τρέπουσι
994 3624 1074 3706 urim
1089 3635 1137 3715 εἷς
1154 3662 1170 3703 ε

122 3841 165 3909 20)
183 3841 360 3912 Scripturam
373 3842 434 3896 Oro
451 3840 519 3896 olim
536 3841 684 3912 probatam
702 3840 880 3894 retinuerunt
899 3837 928 3894 dt
946 3837 993 3892 alii
1011 3837 1171 3892 Atticorum

67 3923 218 4064 mptum
236 3927 361 3982 editores
378 3935 407 3980 et
420 3927 588 3998 Kruegerua
605 3929 642 3980 ad
653 3926 743 3980 Thuc.
755 3926 779 3980 Ι.
794 3927 835 3991 99,
851 3927 874 3978 1.
889 3927 1038 3978 damnante
1054 3923 1087 3976 L.
1100 3920 1170 3976 Diu·

122 4097 166 4166 21)
185 4097 393 4164 Schneidcrus,
415 4096 483 4168 quia
502 4100 660 4167 pressores
679 4103 708 4150 et
727 4103 823 4152 cetera
840 4113 903 4150 cum
921 4096 998 4164 φέρω
1018 4089 1172 4162 composita

67 4180 162 4248 epsilon
180 4183 331 4255 accipiunt,
349 4184 421 4237 illud
437 4202 551 4254 quoque
570 4182 610 4236 sic
628 4181 808 4236 scribendum
825 4187 906 4252 putat
923 4180 974 4233 sed
988 4176 1054 4248 jure
1074 4177 1171 4232 defen·

68 4263 131 4320 ditur
145 4270 180 4323 ab
199 4269 316 4324 Osanno
335 4272 373 4323 ad
391 4270 508 4324 Cornut.
521 4267 619 4322 XXX.
635 4270 692 4320 183.
