2825 4809
263 302 339 376 132
629 297 951 365 DISSRRTATIO
981 298 1009 364 Ι.

265 481 427 572 Τομφαία
448 483 517 549 sive
541 478 663 575 Υύμφη
683 485 819 549 vocatur
838 505 869 547 v.
886 481 1029 550 Ellendt.
1051 483 1222 552 adArrian.
1238 489 1262 555 I.
1279 492 1302 571 7,
1314 495 1339 560 6,

260 581 474 673 Στοφιύανός
499 584 620 652 Suidas
648 594 769 650 temere
797 584 934 670 arripuit
964 607 1005 650 ex
1029 585 1249 673 Aristophanis
1272 592 1338 672 loeo,

260 686 319 752 ubi
348 696 423 750 ante
449 683 636 774 τυφεδανύς
666 686 776 773 posita
797 695 847 752 est
867 707 933 751 vox
958 685 993 749 in
1016 686 1119 772 sigma
1139 689 1250 754 exiens.
1287 693 1340 760 Sed

259 786 389 873 Στραχύ
410 785 512 874 τραχύ
533 788 617 852 Hes.
628 787 734 852 minus
754 787 951 875 suspicionis
970 785 1077 854 habet.
1108 788 1198 854 Idem
1210 790 1340 872 τοπάζειν

259 887 400 958 κόπτειν
427 897 460 953 et
485 887 617 974 planius
644 888 724 952 EM.
756 888 827 966 120,
856 890 886 954 3.
907 883 1141 969 ύπτοτύπαζον
1167 885 1340 959 drusilianus·

260 989 357 1073 παρὰ
378 987 417 1057 τὸ
440 986 556 1057 τύπτω
578 982 795 1070 ἂπιτύπαζον
810 990 1013 1076 πλεονασμῷ
1028 993 1088 1056 τού
1110 977 1144 1069 rs,
1161 989 1216 1076 sed
1230 990 1340 1068 731,38.

259 1090 463 1180 probabilius
485 1113 506 1156 a
525 1090 658 1156 nomine
669 1090 804 1176 repetit:
826 1087 953 1167 στύπος
974 1091 1130 1174 πρέμνον,
1152 1085 1209 1178 ἀφ’
1230 1081 1265 1158 οὗ
1281 1085 1340 1176 Ἀρ-

257 1186 492 1277 χύλοχοςύπὸ
514 1192 671 1278 θυρέων
692 1187 976 1272 ἆπεστύπαζον
996 1201 1087 1278 etp.
1109 1190 1179 1268 633,
1200 1185 1283 1255 27st
1269 1215 1341 1277 οροι-

258 1291 367 1371 τύπος
393 1288 411 1360 ὃ
442 1292 478 1359 ἕν
503 1298 551 1381 τῷ
579 1287 653 1380 ὅροι
683 1291 725 1359 τὰ
752 1290 863 1378 οτύπη
891 1289 1042 1360 κόπτων
1062 1285 1282 1377 Ἀρχιλοχος’
1267 1315 1341 1358 απε-

259 1391 473 1473 οτύπαζον.
495 1429 537 1442 —-
562 1392 691 1458 Aneed
713 1392 818 1458 Bekk
840 1394 914 1472 303,
940 1394 990 1458 10.
1014 1389 1194 1476 οτυρβύοαι
1218 1387 1380 1478 ταράξαι,

259 1489 322 1581 ἀφ’
354 1483 395 1560 οὗ
423 1492 482 1559 καὶ
509 1491 631 1580 τύρβη,
661 1492 751 1558 unde
771 1493 947 1582 τυρβάζιιν
968 1494 1164 1582 productum
1184 1501 1245 1569 est,
1273 1492 1342 1577 quod

259 1595 366 1660 solum
386 1593 547 1660 novimus.
589 1596 645 1661 De
671 1594 828 1660 affinitate
850 1594 1024 1661 verborum
1051 1596 1164 1681 τρέποι
1185 1605 1216 1659 et
1236 1593 1341 1680 στρέφοι
1379 1625 1380 1686 η

259 1695 399 1762 disserui
424 1696 459 1760 in
482 1694 607 1760 Techn.
632 1695 685 1760 55.
735 1696 806 1761 Nee
841 1695 987 1762 dubitem
1011 1695 1204 1781 adjectivum
1226 1693 1342 1779 στρηνὲς,
1379 1697 1380 1774 l

190 1787 195 1792 ’
259 1798 351 1886 quod
374 1798 485 1865 Schol.
506 1797 620 1884 Apoll.
643 1798 691 1862 11.
714 1798 788 1863 318.
811 1797 914 1863 tribus
935 1796 1042 1863 verbis
1067 1797 1205 1884 explicat
1229 1791 1342 1881 σκληρόν

258 1895 320 1979 ὀξύ
347 1897 407 1962 καὶ
435 1894 553 1984 τορύν,
585 1907 721 1962 etcum
755 1896 818 1973 hcc
845 1897 1077 1984 cognationem
1108 1895 1224 1962 habere
1240 1905 1269 1960 et
1286 1915 1342 1958 eun

256 1995 381 2084 τρανός
396 1998 483 2083 ὅπερ
498 1995 701 2085 παράγωγον
717 1997 753 2064 ἐκ
769 2003 828 2067 τού
844 2005 934 2086 nopai
950 1996 1111 2086 τετραίνω
1128 2001 1217 2065 Euat
1233 1996 1309 2072 1532,
1318 1995 1342 2058 4.
1379 1990 1380 2028 0

257 2099 459 2189 proprieque
494 2098 559 2164 dici
590 2098 730 2186 στρηνὲς
761 2103 846 2186 βοᾷν
877 2110 909 2165 et
941 2105 1187 2189 οτρηνοφωνεῖν
1216 2099 1252 2164 de
1280 2117 1344 2161 voce

258 2202 325 2268 acri
345 2223 429 2286 quae
451 2222 545 2264 aures
568 2199 662 2286 quasi
683 2199 837 2315 perforat.
880 2201 1070 2285 Hesychius
1096 2201 1188 2266 addit
1210 2199 1249 2268 Τέ
1248 2221 1345 2285 ρεμνος

258 2298 438 2392 ισχορός
418 2329 438 2365 r
432 2298 648 2386 οτέρεμνος,
668 2301 733 2366 nisi
757 2324 817 2388 pro
840 2301 913 2382 hoc,
938 2303 1029 2388 quod
1048 2325 1119 2369 non
1139 2301 1263 2388 legitur,
1286 2319 1344 2363 οτι-

257 2403 393 2490 ρέμνιος
420 2401 552 2488 scripsit
578 2400 679 2487 idque
702 2425 771 2468 non
790 2403 1031 2526 interpretandi
1058 2427 1159 2470 causa
1186 2402 1241 2468 sed
1265 2397 1345 2464 ooni-
1379 2419 1380 2468 i

223 2561 228 2570 .
256 2502 374 2592 gendi3
401 2525 477 2568 nam
507 2504 665 2591 τέρεμνος
690 2526 760 2569 non
788 2500 934 2591 ἰσχυρόν,
964 2502 1102 2592 στερεόν
1130 2503 1281 2590 significat
1269 2471 1380 2564 tsed
1379 2531 1380 2586 η

255 2618 403 2673 tenerum
427 2627 447 2668 a
468 2603 566 2690 τέρην
588 2604 766 2671 derivatum
788 2608 839 2689 (ut
863 2606 1035 2691 βέλεμνον)
1021 2608 1159 2691 >cujus
1181 2601 1346 2672 contrarium
1379 2575 1380 2646 0

255 2717 306 2774 est
331 2703 526 2792 dedocemus.

339 2823 438 2890 XIV.
480 2816 711 2886 Articulnm‘
695 2848 715 2889 ο
744 2845 763 2888 e
790 2821 849 2902 τός
876 2824 1022 2890 extitisse
1053 2823 1181 2910 abjecta
1206 2820 1380 2909 primast
1379 2781 1380 2861 0

253 2935 421 3015 postrema
442 2945 588 2988 consona
608 2922 809 3010 Apollonius
835 2925 932 2990 docet
953 2925 1046 3012 Synt
1024 2926 1095 2990 t.I
1113 2925 1166 2991 20.
1186 2933 1218 2990 et
1233 2903 1380 3044 ampliusl
1379 2951 1380 3040 η

254 3029 296 3096 de
317 3027 404 3093 Adv.
426 3020 544 3124 502(
528 3052 547 3113 η
571 3048 669 3102 ουτος
691 3020 881 3109 ύντωννμία
901 3031 1123 3112 παραχθιῖσα
1152 3021 1220 3093 ἀπὸ
1247 3025 1299 3090 τού
1318 3018 1348 3094 ύς
1379 3043 1380 3098 ι

252 3127 365 3198 λείπει
390 3130 439 3216 τῷ
462 3115 638 3213 τ-ύπερ
668 3121 836 3192 δείκνυται
863 3124 923 3191 καὶ
953 3126 1011 3217 dea
1039 3130 1098 3195 τοῦ
1124 3122 1286 3214 &poscant
1303 3143 1349 3184 και
1379 3101 1380 3190 0

223 3233 313 3298 ,τοῦ
341 3223 585 3311 ἇντωνυμικοῦ
613 3225 651 3293 τὸ
678 3225 743 3312 γὰρ
769 3223 802 3293 oi
831 3223 886 3294 τοί
912 3250 997 3316 φασι
1020 3232 1169 3314 Δωριεῖς
1189 3250 1247 3292 ναι
1267 3220 1300 3288 τὸ
1320 3214 1347 3284 αἱ
1379 3203 1380 3296 l

250 3325 312 3397 ταί
338 3327 380 3393 ei.
409 3326 551 3392 Ahrens.
572 3327 656 3392 Dor.
678 3326 744 3392 265
771 3350 820 3413 sq.
845 3327 999 3414 idemque
1031 3328 1128 3394 etiam
1153 3349 1217 3446 pro
1234 3322 1347 3391 relativo
1379 3303 1380 3389 i

252 3457 290 3498 αι
275 3428 453 3517 “ponunt
461 3450 529 3493 non
547 3429 658 3494 Dones
676 3427 783 3493 solum
805 3429 865 3494 sed
892 3439 1011 3516 poetae
1038 3431 1138 3496 etiam
1166 3428 1250 3517 epici
1271 3443 1380 3520 prae
1379 3391 1380 3470 0

251 3531 363 3598 sertim
394 3528 593 3617 posteriores
624 3529 831 3616 improbante
858 3530 1043 3598 Scholiasta
1073 3532 1149 3597 Nic.
1179 3530 1234 3596 Al.
1264 3528 1292 3594 2.
1320 3520 1380 3588 τὰ

249 3633 334 3702 τέων
356 3625 418 3700 ούκ
439 3626 555 3718 ὀρθῶς
586 3634 711 3696 κεῖται·
741 3627 897 3718 σημαίνει
924 3631 986 3720 γὰρ
1015 3631 1053 3700 τὸ
1083 3629 1191 3699 τίνων.
1213 3625 1350 3715 βούλεται

250 3734 290 3803 δὲ
310 3732 418 3818 λέγειν
438 3723 494 3810 ὧν,
515 3730 579 3796 nisi
599 3730 683 3796 forte
704 3731 871 3798 ubsolam
887 3733 1131 3820 ambiguitatem
1146 3725 1349 3820 reprehendit,

250 3855 317 3921 qua
335 3841 425 3899 earet
445 3833 522 3919 τέης
540 3854 571 3899 v.
592 3832 667 3899 539.
699 3827 909 3913 ἀσπίδας-
925 3874 964 3885 —
982 3833 1067 3904 τέων
1089 3832 1124 3903 αἱ
1146 3835 1209 3920 μὲν
1227 3869 1264 3882 -
1282 3825 1351 3896 0²1¹·

247 4069 390 4142 signifieat
403 4072 455 4125 sed
468 4072 546 4139 ellan
559 4066 734 4124 titivillitium
747 4085 764 4124 a
778 4072 857 4124 τίλιῑω
870 4071 943 4125 vello
956 4073 1032 4128 unde
1044 4075 1114 4126 nllus
1125 4054 1209 4126 flocci
1222 4090 1252 4124 w
1242 4055 1353 4122 καλού-

247 4177 321 4230 μενα
338 4151 463 4232 §dapum
481 4175 507 4211 v.
523 4155 633 4210 Techn.
649 4158 711 4250 255.
743 4155 878 4212 Similiter
896 4157 1061 4213 translatum
1079 4164 1122 4213 est
1139 4157 1293 4228 καταμῡσαι
1308 4144 1353 4216 κᾷν

247 4239 338 4314 ἄχνην
354 4243 441 4316 Vesp.
456 4245 516 4301 02.-
