2825 4809
172 357 236 423 os
258 354 528 441 euosrnusr
548 355 610 420 ur
632 355 899 458 menresa
932 354 1061 423 uvir.
1112 363 1184 441 125

69 542 143 607 ΕΜ.
167 563 210 606 ex
232 540 383 624 σκαίρειν
409 550 444 605 et
468 536 565 625 μύειν
585 540 763 606 conflatum
785 551 913 618 censet,
942 563 1026 626 quae
1050 541 1183 628 quidem

69 641 161 728 paulo
182 639 378 706 insolentior
399 651 450 706 est
470 641 666 728 compositio
692 663 754 706 nec
778 652 885 708 tamen
906 643 1043 710 Graecis
1066 644 1181 710 incon·

70 765 174 818 cessa3
201 765 282 806 nam
303 751 337 806 et
358 741 586 828 σκαλαθίρειν
608 741 773 808 concrevit
800 765 819 808 e
842 741 950 810 verbis
972 743 1127 812 σκάλλειν
1150 757 1182 812 et

69 839 219 931 ἀθύρειν,
250 852 285 907 et
311 842 402 927 quod
429 842 477 906 illi
505 844 671 929 persimile
696 853 748 908 est
776 844 1034 934 κιλλαμαρύζειν
1061 849 1182 914 nictare

69 967 106 1008 ex
129 939 336 1027 &propriorem
364 952 397 1007 et
418 942 524 1022 'verbo
551 967 572 1009 a
593 944 731 1012 Graecis
761 944 915 1010 derelicto
945 948 1063 1022 cillere,
1093 947 1181 1012 unde

67 1048 166 1110 οίίίαον
195 1043 317 1115 dicitur
345 1054 378 1108 et
404 1049 617 1126 supercilium.
661 1045 773 1113 Verbo
802 1045 952 1130 σκαίρειν
981 1047 1087 1132 sigma
1114 1071 1182 1114 non

67 1143 335 1214 detrahitur,sed
364 1146 488 1210 nomini
516 1145 681 1229 Koodpol
710 1142 856 1233 κινήσεις
884 1148 967 1212 Hes.
1019 1147 1180 1234 Σκίδνημι

66 1245 116 1312 καί
138 1245 250 1329 χωρίς
275 1250 335 1312 τοῦ
357 1232 385 1312 ’δ
408 1242 455 1324 ὡς
475 1245 643 1323 σκάπετος
666 1247 724 1312 καί
752 1243 915 1329 κάπετος,
946 1246 1004 1312 καί
1028 1241 1181 1315 ἀπὸτοῦ

67 1345 212 1433 σκαίρειν
240 1343 338 1428 καρίς
362 1347 473 1433 Epim.
496 1347 605 1414 Crem.
625 1348 654 1412 Ι.
676 1347 751 1412 388.
794 1348 871 1411 Hoc
897 1345 1059 1424 ultimum,
1091 1348 1180 1432 quod

66 1447 110 1510 alii
140 1446 200 1511 ad.
217 1448 320 1531 κέρας
348 1457 380 1511 et
409 1446 498 1534 κάρα
527 1448 687 1525 referunt,
720 1448 756 1512 in
782 1447 889 1512 vicino
920 1446 1019 1512 hebet
1046 1448 1179 1514 nomina

65 1545 207 1632 κάραβος
230 1558 265 1613 et
286 1548 482 1614 scarabaeus
503 1549 690 1614 Proll286.
737 1548 840 1630 Quod
863 1548 1028 1614 antecedit
1048 1569 1181 1624 nomen.

64 1659 231 1713 attestatur
246 1648 437 1733 Hesychius
453 1649 612 1728 Κάπετος
633 1647 778 1736 τάφρος,
798 1645 831 1714 oi
854 1649 892 1716 δὲ
912 1647 1080 1716 σκαπετιίν
1098 1650 1176 1734 (εἰσ)

65 1750 110 1812 cui
129 1749 158 1813 si
176 1750 411 1835 componimus
429 1751 579 1815 laconica
598 1747 704 1834 Καφά
722 1745 845 1836 locatio
862 1751 944 1814 Hes.
955 1749 1008 1834 ⁴⁸)
1025 1750 1177 1816 latinum-

64 1872 121 1934 que
148 1869 249 1916 eavus
282 1860 315 1915 et
345 1851 408 1914 alia
434 1873 542 1916 rerum
567 1872 719 1916 cavarum
744 1848 905 1914 vocabula
936 1847 1011 1916 κόοι
1036 1860 1069 1916 et
1096 1855 1179 1918 κῶοι

63 1950 101 2018 τὰ
125 1947 339 2032 κοιλώματα,
367 1950 500 2030 κώθων,
528 1948 655 2028 κώδων,
683 1948 826 2029 κώδεια,
856 1971 895 2014 eo
924 1949 1116 2014 deducimur
1143 1961 1180 2014 ut

65 2051 168 2134 sigma
192 2049 274 2114 huic
302 2050 443 2116 familiae
473 2075 494 2116 a
522 2050 685 2138 principio
716 2049 859 2116 defuisse
889 2060 1056 2136 putemus,
1088 2052 1179 2134 quod

65 2151 186 2216 usitatis
217 2150 375 2230 σκάπτω,
409 2152 583 2238 σκαπάνη,
620 2150 745 2238 scapha
777 2161 837 2216 etc.
871 2151 1001 2237 penitus
1033 2150 1178 2216 increvit.

64 2252 250 2322 Κίδνασθαι
275 2263 308 2318 et
335 2249 556 2320 asddaavodut
578 2255 745 2318 Homerus
767 2252 1003 2337 Hesiodusque
1025 2272 1092 2316 non
1114 2275 1176 2338 po-

62 2363 137 2418 nunt
157 2363 292 2440 praeter
317 2353 463 2419 sialiter
488 2375 618 2420 versum
646 2353 840 2420 concinnere
866 2363 1046 2438 nequeent;
1076 2377 1177 2438 quare

62 2454 92 2518 in
114 2456 158 2519 H.
183 2456 232 2518 H.
265 2455 300 2518 iu
324 2456 430 2520 Merc.
455 2456 529 2520 232.
556 2476 618 2541 pro
646 2454 781 2520 κίδνατο
811 2455 846 2518 in
875 2455 1036 2542 principio
1064 2477 1177 2520 versus

61 2555 269 2637 scribendum
288 2557 417 2622 videtur
438 2555 593 2624 σκίδνατο
614 2566 652 2620 ut
671 2556 706 2619 in
720 2556 765 2619 H.
788 2555 823 2620 in
839 2555 998 2622 cesari.
1017 2567 1050 2622 et
1069 2557 1177 2622 Paull.

60 2657 170 2723 Silent.
185 2655 376 2722 Amb.124.
398 2658 552 2740 idemque
574 2657 672 2722 codd.
695 2657 844 2742 plerique
864 2654 1024 2744 praebent
1044 2657 1079 2722 in
1101 2678 1179 2724 cen-

59 2759 118 2824 tico
136 2761 221 2824 Eur.
238 2759 326 2823 Hec.
339 2759 414 2823 916.
429 2758 482 2842 ⁴³)
526 2757 598 2822 Nee
620 2757 747 2838 κεδάζω
771 2768 803 2822 et
826 2757 949 2826 κεδαίω
971 2756 1178 2822 inveniuntur

58 2859 94 2924 iis
120 2860 207 2926 locis
236 2858 298 2922 ubi
327 2870 467 2926 metrum
498 2854 648 2937 σκεδάζω
678 2857 828 2924 admittit.
882 2857 938 2924 Ab
966 2857 1017 2923 his
1045 2858 1176 2924 modico

59 2962 159 3046 spatio
184 2961 289 3024 distat
309 2957 427 3041 κεάζω,
446 2958 537 3043 quod
558 2959 692 3044 proprie
715 2959 832 3025 dicitur
853 2959 894 3024 de
914 2958 1048 3024 fissione
1067 2959 1175 3044 ligno-

59 3085 133 3139 rum,
155 3059 247 3142 ξύλα
269 3057 400 3127 κεάσαι.
444 3059 547 3141 Quod
568 3081 644 3124 vero
664 3057 740 3124 hinc
756 3060 936 3124 derivatum
959 3068 1009 3124 est
1030 3058 1177 3144 σκέπαρν-

58 3189 105 3228 νον
124 3161 258 3228 nemiui
284 3159 421 3226 dubium
442 3160 605 3225 videbitur
631 3160 712 3244 quin
736 3160 824 3224 idem
846 3160 889 3224 sit
908 3159 1059 3243 Κέαρνον
1083 3152 1177 3244 ἆξίνρ

58 3264 131 3330 Hes.
148 3275 187 3329 et
207 3263 305 3347 quod
327 3262 445 3327 eodem
464 3262 597 3328 nomine
619 3262 800 3347 explicatur
820 3261 919 3346 κίρνα
939 3282 969 3324 v.
986 3259 1088 3325 Proll.
1102 3260 1176 3326 280.

56 3366 167 3451 Neque
190 3376 307 3429 tamen
328 3365 481 3449 cuiquam
503 3364 538 3428 in
558 3373 699 3436 mentem
720 3362 809 3428 venit
831 3361 864 3426 in
888 3360 1016 3426 duobus
1037 3362 1176 3427 Homeri

56 3468 147 3547 locis,
179 3468 243 3533 ubi
272 3465 401 3551 syllaba
430 3464 538 3531 brevis
571 3474 646 3529 aute
675 3463 863 3549 σκέπαρνον
885 3485 952 3527 uon
975 3463 1176 3548 producitur,

56 3569 218 3653 κέπορνον
242 3589 407 3654 reponere
429 3566 490 3634 etsi
512 3580 581 3630 non
601 3565 774 3632 defuerunt
795 3564 851 3649 qui
874 3563 916 3628 ob
939 3563 1023 3628 hano
1045 3587 1177 3629 oausam

55 3669 260 3754 Κάσανδρος
284 3678 318 3732 et
343 3667 558 3753 Καιιοίνδριος
581 3667 775 3743 scriberent,
801 3666 891 3751 quod
912 3664 1061 3752 probavit
1081 3667 1175 3732 Non-

56 3792 109 3834 nus
129 3771 198 3836 111.
216 3771 273 3836 39.
298 3770 360 3836 sed
379 3770 569 3834 Priscianus
590 3770 632 3834 de
652 3769 752 3834 Metr.
766 3767 831 3830 ΠΙ.
849 3767 923 3830 404.
946 3779 1096 3834 neutrum
1118 3769 1177 3834 sd-

117 3958 166 4026 48)
185 3959 269 4011 Idem
288 3952 397 4016 Πίελος
414 3953 522 4026 σκάφη,
541 3951 658 4024 lupari·
679 3950 1054 4022 sch01.Arist.qu.10r›0.
1077 3949 1178 4014 πύελος

57 4035 175 4112 ὄρυγμα,
193 4038 319 4114 lustrari,
338 4041 409 4095 ἔνθα
427 4037 611 4095 ἀπολούονιοι
629 4037 660 4092 id
680 4044 724 4091 eat
740 4036 848 4090 solium.

118 4129 167 4194 40)
185 4127 255 4183 Non
272 4126 357 4181 aliter
374 4124 479 4180 dicitur
496 4124 525 4178 in
544 4124 671 4181 oratione
688 4121 811 4177 numeris
831 4123 924 4177 soluta
939 4121 1057 4176 Aristot.
1075 4121 1172 4190 Probl.

57 4208 165 4266 XXIII.
176 4215 219 4266 16.
233 4231 262 4282 p.
271 4213 334 4265 9³³.
348 4229 374 4265 α.
381 4213 425 4264 30.
438 4211 556 4265 Lucian.
568 4210 642 4265 Dial.
655 4211 742 4265 Deor.
750 4207 818 4262 XX.
827 4211 850 4262 5.
866 4217 895 4264 et
909 4207 955 4263 elii
968 4206 1173 4279 posteriorum
1205 4221 1211 4230 ·

58 4292 137 4351 Plato
155 4316 225 4352 vero
244 4306 276 4352 et
293 4297 459 4369 Xenophon
477 4292 660 4352 σκεδαννίκαι
676 4294 853 4368 praeferunt.
