2825 4809
152 374 202 440 m
219 368 481 441 reosrrms1
502 368 564 441 rm
587 366 852 439 muneror.
885 364 924 437 c.
935 368 964 437 1.
998 368 1067 456 ps.
1115 372 1165 446 37

92 558 198 645 letique,
228 567 260 625 et
284 579 384 645 porro
413 556 479 624 duo
508 554 675 645 synthete‚
710 578 813 623 unum
845 549 1069 644 dpoprcivfl)
1102 576 1165 645 pro

92 684 137 747 quo
156 656 318 747 ἇμβροοοῐν
343 669 375 725 et
394 654 590 748 ἆβροτάζοον
615 668 785 745 receptum
806 666 873 736 est,
900 654 1035 723 alterum
1056 652 1167 747 ἆμαρ-

90 768 144 827 οοῖν.
178 760 263 827 Haec
287 760 316 827 si
339 783 381 826 ex
402 770 508 847 etymo
532 781 592 826 suo
608 758 817 845 judicentur,
845 756 927 824 nihil
950 757 1104 825 differunt
1123 754 1166 825 ob

88 858 218 947 ἀμοιρεῖν,
244 855 438 945 ἀποτυχεῖν,
467 884 544 929 num
570 858 649 948 τύχη
679 872 714 927 et
737 868 844 947 μοῖρα
874 880 1057 947 synonyme
1077 868 1166 937 suntr

88 962 130 1025 sed
142 962 260 1049 proprie
277 962 428 1029 dicuntur
446 963 488 1029 de
505 963 546 1029 iis
566 962 623 1048 qui
639 960 691 1027 vel
703 960 886 1046 joculantes
906 984 974 1027 non
992 960 1167 1027 collineant

86 1062 120 1125 rel
135 1062 186 1127 iter
204 1063 358 1131 facientes
375 1088 395 1129 u
411 1064 583 1152 proposito
601 1062 768 1140 oberrent3
793 1061 911 1129 dehinc
932 1062 1168 1130 muneremur

87 1164 114 1226 rd
129 1163 193 1229 alios
212 1187 231 1229 e
251 1175 341 1232 recto
367 1164 543 1253 debitoque
564 1164 802 1242 aberrationem
832 1186 899 1249 quo
926 1165 962 1231 in
981 1164 1167 1251 significatu

85 1265 129 1329 fixe
147 1276 214 1331 sunt
240 1262 420 1351 ἁμαρτεῖν,
450 1263 618 1354 ἁμαρτάς,
648 1262 865 1356 ἔφαμαρνάς,
894 1262 1067 1357 νημερτής.
1109 1261 1166 1331 ΔΙ)

85 1368 169 1433 erdem
193 1368 263 1434 viae
298 1367 507 1434 similitudine
535 1367 669 1435 ductum
703 1377 754 1433 est
783 1368 1004 1454 germanicum
1029 1364 1166 1435 verbum

82 1472 262 1553 rtotoopetn
282 1468 346 1535 hoc
369 1481 418 1535 est
437 1492 584 1559 peceare,
607 1490 763 1557 graecum
783 1461 925 1550 ἂλοοοῒν,
953 1470 1047 1555 cujus
1070 1467 1165 1555 origo

83 1578 117 1631 et
139 1567 173 1633 ab
207 1564 287 1655 ὅλη,
321 1554 490 1649 ἀλᾶσθαῗ,
524 1582 558 1639 et
589 1570 710 1657 origini
742 1570 939 1637 conveniens
967 1569 1164 1659 significatio

81 1663 204 1757 ἀλοῆσαι
226 1665 382 1757 ἆοορποῦ
402 1672 509 1760 Orph.
526 1673 611 1761 Arg.
626 1672 699 1739 647.
745 1669 838 1753 Quin
858 1672 956 1737 etiem
976 1668 1166 1757 ἆμπλοκεῖν

79 1768 136 1835 nihil
155 1772 237 1838 aliud
261 1783 311 1837 est
333 1795 430 1858 quom
452 1770 716 1857 ἀπονολάζοοθοι
739 1772 887 1839 deerrare
895 1798 905 1850 ;
932 1782 966 1839 et
992 1770 1058 1839 hoc
1085 1793 1164 1861 pro·

37 1878 40 1925 t
79 1872 129 1956 prio
143 1873 304 1939 intellectu
326 1876 510 1963 Sophocles
533 1876 655 1941 dixisse
678 1874 807 1939 videtur
827 1868 1087 1960 ἀναμπλάκητος
1102 1894 1164 1961 pro

78 1966 278 2064 ἆολάνηοοςῆ
303 1971 363 2045 οἷον
386 1972 687 2061 ἀποπλανώμενος·
716 1985 785 2041 tum
806 1997 867 2063 pro
891 1974 1081 2060 delinquere
1101 1996 1164 2062 po·

77 2074 139 2139 nitur
157 2076 260 2143 idest
286 2074 490 2165 ἁμαρτάνειν
510 2081 640 2165 φρενῶν
659 2076 776 2164 Eurip.
820 2076 885 2143 His
906 2076 1063 2143 continuo
1084 2074 1163 2141 sub-

71 2176 178 2264 jungam
198 2177 335 2244 verbum
357 2174 494 2265 ἀμοίρου,
518 2179 610 2264 eujus
628 2201 704 2265 pers
723 2178 876 2266 primario
897 2189 948 2245 est
966 2177 1073 2266 μείρω
1095 2177 1165 2243 sive

75 2281 204 2365 pslpopror
230 2282 314 2347 dues
336 2281 556 2369 complectens
588 2279 862 2367 significationes:
894 2279 1064 2365 Melpsror
1091 2279 1165 2347 στέ·

73 2404 143 2464 ροισι
161 2384 344 2469 κληρσῢτονο
365 2382 536 2471 μερίζεται
556 2383 640 2447 Hes.
666 2381 818 2470 Ὅμηρος
837 2381 875 2450 τὸ
898 2381 1082 2467 μείρεσθσι
1103 2374 1165 2447 οἷοι

74 2477 112 2547 ἑοὶ
129 2485 182 2549 τοῦ
203 2483 388 2569 στέρεσθαι
410 2483 545 2570 τίθησιν
570 2478 644 2551 ἀλλ’
672 2482 730 2551 ἐπὶ
749 2489 808 2551 τοῦ
829 2481 1030 2569 μερίζεσθαι
1052 2479 1165 2550 Schol.

70 2578 97 2646 ll.
116 2582 184 2651 VH.
208 2582 284 2649 127.
328 2583 398 2651 Sed
424 2584 518 2649 istius
549 2606 680 2671 quoque
709 2584 956 2671 significationis
979 2582 1165 2670 exemplum

72 2682 141 2748 offert
151 2684 340 2771 Hesychius
356 2690 539 2771 Mspttsioo
558 2692 773 2775 σιορηθοῐσα,
793 2708 856 2766 neo
876 2694 1040 2775 repugnet
1058 2684 1165 2761 olortr

70 2807 126 2851 mm
148 2786 324 2874 partiendo
352 2809 405 2853 res
440 2788 633 2873 conjunctae
666 2799 873 2877 separentur,
907 2809 928 2853 e
958 2786 1165 2875 separatione

71 2898 154 2953 autem
178 2912 249 2955 non
281 2889 381 2975 longe
410 2890 509 2956 distat
538 2888 692 2978 privatio,
726 2889 929 2975 eandemque
954 2887 1022 2953 vim
1043 2887 1166 2955 hebent

69 2990 222 3073 particulae
247 2990 438 3077 privationis
460 3000 493 3057 et
512 2990 744 3078 separationisr
765 2986 890 3078 ἀκηδής
902 3012 1046 3068 securus,
1061 2984 1165 3077 ἇκάρ·

70 3088 123 3169 ὄιος
144 3114 270 3159 socors.
313 3092 398 3160 Cum
414 3092 521 3181 μοι’ρω
541 3092 642 3179 igitur
656 3092 875 3180 compositum
891 3092 965 3159 dico
984 3086 1113 3179 o'tprer‘pro
1131 3101 1166 3155 et

69 3180 188 3277 dpr'pdo,
205 3194 301 3279 cujus
317 3192 415 3281 alpha
429 3216 496 3260 non
512 3194 704 3281 privativum
719 3195 820 3260 est'ut
829 3193 909 3259 EM.
924 3193 996 3272 118,
1006 3192 1036 3259 9.
1055 3191 1164 3271 sumit,

69 3310 124 3357 mm
143 3293 206 3363 hoo
230 3318 306 3363 cunr
328 3294 434 3362 verbis
456 3294 624 3381 berytonis
645 3317 713 3361 non
737 3295 1027 3384 componituru),
1055 3316 1165 3385 neque

92 3477 290 3555 ,37)’Ἐμορνεν
312 3480 438 3537 ἀπέθανε
460 3478 530 3537 Hes.
554 3482 690 3535 mendose
713 3499 764 3553 pro
786 3475 907 3553 ἥμοριον
929 3478 959 3536 id
985 3485 1030 3535 est
1052 3481 1101 3537 rori
1118 3481 1166 3556 ζῇν

67 3556 158 3635 ἥμοροε.
181 3564 297 3635 Νηδύος
312 3563 399 3637 ὄγκον
414 3562 655 3639 ἄμβροτονΑσοσ.
668 3564 963 3622 westmunstier
977 3566 1089 3622 Delect.
1104 3568 1163 3622 182.

68 3648 195 3707 deubortu
216 3652 329 3724 occipit,
348 3670 412 3707 narn
429 3648 567 3731 ἄμρρσιος
578 3652 653 3707 idem
665 3668 727 3707 esse
739 3654 819 3723 quod
829 3650 992 3725 ἆμαροητός,
1004 3649 1167 3725 ἁμαρτωλός

65 3730 228 3801 frustratus,
249 3755 303 3793 neo
320 3738 434 3793 differre
449 3741 485 3793 eb
499 3732 672 3811 ἀβροοήμων.
702 3738 768 3793 Huc
785 3737 918 3794 convenit
933 3733 1068 3810 ἄρρσνον,
1086 3740 1166 3811 quod

66 3816 207 3878 inlneed.
227 3823 320 3878 Bekk.
341 3824 401 3879 322.
421 3823 571 3897 exponitur
586 3820 716 3895 ἄψυχον,
738 3821 863 3887 ἀσθενές.
890 3823 974 3879 Telis
989 3831 1083 3880 sutem
1099 3833 1165 3880 sunt

67 3899 89 3955 τὸ
98 3903 297 3983 &praeoptare
312 3926 385 3980 quoe
398 3917 538 3965 nostrates
549 3918 652 3967 vocent
664 3909 887 3983 Felslpclcrlen.
910 3908 1058 3965 Heckerns
1070 3916 1165 3965 temon

67 3989 92 4042 lo
102 3992 215 4049 Anthol.
231 3996 290 4049 123.
306 3990 443 4066 ἄμβροτος
454 3995 494 4051 sic
506 4003 538 4051 ut
548 3997 634 4067 volgo
647 3996 722 4052 solet
733 3995 928 4067 recipiendum
937 4002 1028 4068 potet.

105 4075 147 4146 38)
160 4078 260 4135 Schol
272 4080 308 4135 Il.
320 4080 385 4134 XV.
401 4084 441 4135 ro.
458 4078 601 4137 ἁπονύσσιο
619 4080 768 4153 saporem
785 4078 824 4143 cic
836 4078 952 4153 ἀμοίρου.
980 4080 1086 4135 Verum
1097 4077 1166 4135 riur-

64 4156 140 4216 νύσσαν
158 4183 219 4221 non
240 4183 301 4221 eum
320 4162 444 4222 πννὺσσον
463 4168 625 4239 copulatum
639 4169 690 4223 scd
705 4168 928 4241 psmynrteton
946 4172 991 4219 ost
1001 4164 1087 4238 prisci
1097 4182 1166 4222 usus

65 4246 90 4299 ab
116 4249 259 4321 adjectivo
289 4249 452 4323 imaginario
482 4248 583 4317 ἄπονος
612 4252 746 4318 dulcores
770 4251 940 4311 declinatum
962 4257 995 4306 ut
1017 4251 1054 4307 ob
1078 4246 1167 4325 ἀήθης

64 4328 185 4403 ἀηθέσσω.
