2825 4809
126 374 182 440 DE
201 371 328 438 ALIIS
352 369 589 440 SYNCOPAE
610 373 889 442 annuamus.
914 373 1010 442 011.
1023 377 1048 459 ς.
1062 376 1091 439 1.
1114 379 1189 452 389

90 555 191 634 dodico
213 568 247 622 et
266 554 408 642 τριάκις,
426 580 468 622 ne
482 558 618 624 dnauim
630 560 830 645 syllabarum
844 561 1008 644 jacturam
1018 559 1189 628 admittere

90 669 217 748 cogatur.
261 659 332 724 Nos
354 659 648 728 hiscerationibus
672 662 803 748 rejectis
830 661 929 727 dere
951 661 1027 748 ipsa
1048 680 1188 728 eonsen-

89 763 178 840 timus,
205 783 245 826 ac
267 784 334 826 non
357 761 462 826 solum
483 762 621 848 ὀίμηνος
643 772 675 828 et
701 761 861 852 τρίμηνος
882 786 1002 830 nomen
1025 764 1189 830 cardinale

86 866 113 929 in
137 864 299 951 principio
327 863 449 929 habere
481 864 618 931 dicimus
647 865 706 931 sed
737 866 836 930 etiam
861 865 1033 945 ulteriora,
1069 865 1188 952 quibua

85 966 129 1031 ille
151 965 306 1031 adverbia
326 965 497 1052 praetexit.
540 967 648 1053 quue
670 967 812 1054 primum
833 967 977 1032 ostendit
993 966 1188 1052 significatio

85 1068 189 1134 horum
220 1068 389 1134 nominum
412 1068 502 1153 (nem
524 1064 795 1156 necocippcoeeat
808 1064 826 1135 ὁ
837 1068 944 1166 *πέντε
961 1074 1069 1156 μῆνας
1087 1066 1188 1152 ἔχων)

84 1180 110 1236 et
127 1171 330 1236 consuetudo
349 1169 450 1236 latina
468 1193 509 1236 ex
531 1173 647 1238 eodem
670 1190 790 1256 genere
805 1169 1191 1254 numeraliumadjective

83 1292 275 1358 componens
301 1271 430 1358 graecis
460 1272 577 1338 similia
606 1277 855 1358 quinqueremis,
883 1274 1107 1356 reptcmcotto'r,
1135 1273 1189 1338 dc-

82 1377 235 1458 rrumpis,
266 1396 341 1438 cum
365 1375 524 1440 nonnulla
547 1375 649 1463 partis
671 1374 791 1462 prioris
811 1374 1035 1439 immutatione
1057 1375 1190 1457 quadri-

81 1480 174 1551 remis,
201 1480 368 1552 sesoostris,
392 1481 598 1544 centimanus.
635 1476 768 1542 Deinde
791 1473 1014 1562 τετραβόειος,
1037 1496 1104 1560 quo
1126 1495 1189 1560 po-

81 1577 223 1643 steriores
246 1587 391 1657 utuntur,
413 1589 447 1644 et
469 1574 700 1662 τετράκυκλος,
722 1579 967 1662 quoHomerus
987 1576 1087 1663 alpha
1110 1597 1190 1662 pro·

82 1679 250 1763 ducens¹)‚
272 1702 368 1746 nemo
385 1680 503 1746 dixerit
525 1679 618 1744 aliter
629 1680 772 1765 figurata
786 1702 859 1745 esse
877 1702 977 1765 quam
989 1677 1192 1743 homericum

80 1777 316 1868 ιεσσαράβοιος
336 1782 400 1846 nisi
427 1782 519 1868 quod
546 1781 610 1846 illis
635 1782 701 1847 duo
729 1781 771 1846 ad
793 1804 952 1846 summam
978 1781 1098 1846 desunt
1123 1779 1190 1844 ele·

79 1893 178 1948 menta
201 1870 252 1950 τοι
269 1884 321 1950 vel
346 1907 448 1948 unum
478 1885 584 1950 solum
610 1872 647 1964 α’,
673 1883 701 1948 si
723 1883 878 1969 primitivi
907 1884 981 1949 loco
1011 1880 1190 1969 praeponi·

79 2008 140 2050 mus
161 1985 291 2069 τέταρα
313 1985 442 2052 sublato
466 1985 694 2074 diplasiasmo‚
719 2008 785 2070 quo
810 1996 921 2051 carent
941 1984 1109 2071 τέταρτος,
1134 1982 1190 2050 τέ-

79 2111 182 2171 τορες,
218 2083 376 2171 πίσυρες,
411 2099 566 2172 quotuor,
601 2099 634 2153 et
667 2087 796 2152 dativus
825 2085 983 2175 τέτρασι,
1015 2085 1191 2172 ipsumque

79 2183 226 2268 τετράκις
250 2189 409 2255 successit
430 2212 491 2276 pro
513 2185 718 2277 τετταράκις.
761 2189 879 2274 Itaque
907 2211 959 2253 res
991 2186 1056 2252 huc
1085 2186 1190 2252 dedu·

79 2289 152 2353 citur
172 2290 209 2354 in
233 2291 473 2378 compositione
495 2289 639 2377 τέτταρα
661 2291 696 2357 in
713 2279 822 2378 Ῑτῖτ-ρα
841 2300 1003 2356 mutatum
1029 2311 1103 2354 esse
1124 2311 1191 2373 quo

77 2391 207 2458 similius
230 2383 324 2458 fieret
345 2393 460 2458 ceteris
485 2392 633 2478 ejusdem
654 2392 800 2478 generis,
829 2415 914 2478 quae
942 2401 1070 2480 praeter
1090 2415 1192 2456 unum

75 2495 180 2559 omnia
199 2518 219 2559 a
237 2494 400 2581 bisyllabo
417 2494 565 2560 oriuntur
580 2494 615 2566 in
628 2493 726 2581 alpha
737 2495 908 2559 desinente
925 2489 1193 2572 πεντά-ἑξα-

74 2588 411 2684 «ἰατά-δεκάμηνος.
466 2598 508 2662 Ιιι
528 2597 667 2662 candem
689 2596 884 2660 sententiam
906 2594 1053 2681 disputat
1073 2593 1191 2663 Gram-

73 2696 208 2762 maticus
230 2696 265 2762 in
284 2699 365 2764 EM.
389 2698 468 2776 767,
497 2699 547 2764 17.
572 2698 682 2764 omnio
712 2696 901 2781 hujusmodi
926 2694 1079 2780 syntheta
1100 2697 1190 2782 prin-

74 2799 195 2886 cipium
224 2799 346 2866 habere
376 2823 397 2865 a
425 2798 659 2878 cardinalibus,
695 2799 797 2885 idque
828 2797 985 2884 cognosci
1017 2820 1058 2862 ex
1085 2797 1191 2863 atticis

73 2900 290 2986 τεντέμηνος,
314 2897 521 2990 ὀκτώμηνος,
551 2902 669 2987 quibus
691 2901 836 2966 nativum
858 2901 1001 2966 colorem
1021 2900 1191 2979 mansisse,

72 2999 281 3091 πεντάμηνος
315 3012 426 3068 autem
457 3012 491 3067 et
514 2997 700 3091 ὄκτάμηνος
733 3003 901 3089 accepisse
930 3001 1081 3065 alienum.
1135 3001 1192 3068 Sic

73 3124 219 3190 syncope
248 3104 392 3170 solvitur.
438 3105 508 3173 Sed
535 3105 620 3170 redit
648 3127 710 3191 per
735 3103 908 3191 posticum.
958 3103 1038 3167 Non
1067 3103 1109 3168 de
1136 3102 1193 3168 illa

72 3202 206 3289 loquor,
236 3228 335 3290 quam
362 3206 536 3273 somniavit
562 3205 672 3274 Schol.
702 3206 802 3270 Pind.
828 3206 883 3270 Ol
914 3206 956 3270 V.
980 3205 1052 3270 121.
1079 3201 1131 3272 ὅτι
1153 3204 1190 3272 cd

72 3301 251 3393 τριήῇιερον
279 3304 339 3374 καὶ
371 3302 586 3394 πενθήμερον
617 3305 674 3372 καὶ
707 3303 920 3392 έπταήμερον
946 3299 1006 3373 οὐκ
1032 3300 1101 3375 ἀπὸ
1131 3312 1216 3398 τοῦ,

73 3406 151 3492 τρία
179 3410 236 3475 καὶ
265 3407 366 3476 πέντε
399 3408 459 3475 καὶ
485 3405 572 3474 ἑπτά
603 3407 693 3474 ἐστιν
724 3401 799 3474 dtt'
829 3400 898 3474 ἄντι)
923 3411 982 3475 τοῦ
1011 3407 1110 3494 τριάς
1135 3408 1194 3474 καὶ
1311 3452 1315 3459 ·

73 3505 196 3587 πεντάς
217 3507 277 3574 καὶ
298 3504 404 3586 imur
427 3511 527 3599 δῆλον
552 3502 620 3576 ἀπὸ
643 3513 703 3576 τοῦ
724 3506 949 3596 τετραημέρον
973 3508 1031 3574 καὶ
1053 3505 1193 3599 ἓξαημέ-

73 3633 137 3693 ρου
157 3609 214 3676 καὶ
241 3603 466 3698 ὀκταημέρον,
494 3605 549 3698 ἐφ’
583 3601 635 3688 οἷς
661 3604 681 3699 ἡ
709 3605 869 3698 συνθήκη·
893 3609 931 3689 ἐξ
957 3603 1103 3700 ἀνάγκης
1122 3606 1192 3680 cinci

72 3712 136 3774 τοῦ
157 3705 273 3795 τετράς
300 3708 361 3776 καὶ
390 3706 469 3789 έξάς
501 3708 561 3776 καὶ
589 3705 691 3789 docetis
719 3706 898 3777 δείκνυται.
943 3711 1013 3778 Sed
1043 3713 1193 3780 adverbi-

148 3911 242 3978 uero
254 3914 309 3969 hoc
322 3911 474 3967 Passerius
482 3908 700 3985 reconcinnarier
709 3912 889 3968 scribendum
897 3913 1015 3985 putavit,
1024 3932 1097 3986 quae
1105 3915 1195 3970 forme

75 3997 197 4052 nominis
210 3997 361 4052 numeralis
373 4005 438 4069 post
449 3999 603 4053 Homerum
616 3999 676 4052 sere
688 3999 825 4053 derelicta
836 4007 894 4068 est3
913 3996 1152 4070 τεσσαράπλεορος
1165 4011 1194 4056 et

75 4079 289 4158 τεσσαράγωνος
306 4083 419 4138 affinxit
439 4081 561 4138 Tzetzes
579 4084 673 4138 Posth.
694 4087 753 4139 244.
773 4084 880 4140 eccos.
918 4085 1045 4156 Simplex
1064 4102 1194 4158 τεσσαρα-

75 4163 169 4223 κόσιοι
179 4177 274 4224 notum
286 4178 330 4225 ost
341 4170 453 4242 saepius
466 4177 631 4241 corruptum
643 4187 704 4225 esse
719 4170 748 4224 in
767 4163 933 4242 τετρακόσιοι
946 4189 972 4225 v.
987 4170 1144 4228 Tzschnck.
1158 4178 1194 4230 ed

76 4253 175 4310 Strab.
188 4255 263 4311 VIIL
278 4258 337 4310 116.
375 4255 479 4312 Coraes
493 4259 530 4311 ad
543 4257 654 4312 Aeliae.
671 4276 700 4328 p.
714 4257 773 4314 323.
792 4250 986 4326 Τετρώκοσνον
998 4259 1125 4314 doricum
1137 4281 1194 4317 non

75 4342 263 4408 praetermisit
275 4341 431 4398 Ahrensius
448 4361 476 4414 p.
491 4345 538 4398 281
554 4361 597 4414 sq.
