2825 4809
116 336 171 402 DE
189 331 310 400 ALIIS
324 255 570 410 ,SleOOPAE
589 330 865 399 GENERIBUS.
884 330 923 397 C.
935 329 973 396 ll.
992 334 1018 418 ᾗ.
1027 332 1058 398 2.
1085 335 1161 410 393

79 517 194 598 Ἀέτιυς.
235 517 319 584 Nam
340 525 458 603 poetae
479 515 569 596 talia,
599 516 627 582 si
651 526 789 582 metrum
807 527 922 602 urget,
951 537 972 582 a
992 515 1164 604 primitivis

79 625 182 708 fingunt
201 619 266 684 sive
291 619 419 685 usitatis
445 619 568 686 sivein
590 618 689 687 animi
708 629 889 708 conspeetu
903 617 1030 706 positis.
1073 619 1165 686 Hinc

78 745 162 790 sermo
178 723 326 788 deflectat
337 721 379 786 ad
398 730 537 806 quatuor
554 721 676 788 literas.
719 712 1163 807 ΠάμυιανπαντελολςΔρά-

76 849 129 890 κον
153 821 350 912 συναλοιφὴν
379 815 465 892 εἶναι’
487 847 589 912 φησιν
611 821 648 889 έκ
669 825 730 890 τοῦ
759 816 980 888 παντάπασιν
1003 820 1103 888 Phot.
1132 833 1166 887 et

75 925 149 992 Suid.
168 925 232 990 Hic
254 922 431 1012 significari
455 945 625 1011 syncopen
647 924 783 988 duarum
804 910 1064 1008 syllabarumib
1081 910 1171 990 effi

74 1028 254 1112 conjunctam
274 1049 348 1092 eum
369 1026 601 1092 assimilatione
624 1026 785 1092 assentior
804 1025 946 1091 Lehrsio
974 1025 1018 1090 ad
1036 1025 1164 1092 Herod.

73 1127 129 1194 357.
150 1136 180 1194 et
198 1129 271 1194 402.
302 1129 362 1194 sed
391 1128 537 1194 refellere
571 1128 783 1216 supersedeo.
847 1127 920 1192 Nec
948 1149 1043 1192 aures
1068 1149 1165 1213 prae·

75 1229 167 1295 bemus
188 1229 396 1298 Scholiastae
417 1231 517 1297 Pind.
534 1231 632 1317 Pyth.
655 1231 683 1296 Ι.
707 1231 760 1296 21.
783 1230 869 1317 κῆλα
898 1228 983 1295 κατὰ
1012 1226 1166 1314 συναίρε-

74 1352 113 1396 σιν
130 1330 167 1398 τὰ
189 1327 364 1420 κηλήματα
375 1333 419 1417 ⁸).
462 1334 576 1401 Unum
598 1354 870 1420 paronymorum,
894 1351 980 1416 quae
1002 1329 1166 1396 Arcadius

72 1455 96 1518 p.
117 1433 160 1498 71.
182 1437 399 1520 συγκριτικῶς
420 1430 681 1523 παραληγόμενα
704 1434 793 1512 dicit,
815 1431 967 1499 amolitur
977 1430 1166 1519 Stephanus

73 1556 91 1598 s.
110 1538 219 1622 Δῆμος
239 1535 305 1602 hoc
325 1535 425 1602 modo
446 1531 630 1624 δημότερος
646 1533 685 1603 τὸ
699 1531 908 1622 συγκριτικὸν
927 1526 988 1600 οὐκ
1004 1526 1167 1620 ἀποκοπῇ

72 1628 129 1702 ἀλλ’
152 1634 190 1702 lx
210 1639 274 1702 τοῦ
295 1635 492 1704 εὐσιθετικοῦ
516 1628 536 1704 δ
560 1631 643 1725 παρ’
670 1631 821 1724 Ὁμήρῳ,
847 1633 905 1699 ubi
933 1634 969 1698 in
990 1634 1088 1700 codd.
1112 1632 1167 1700 έκ-

73 1737 140 1822 ιυσῇ
160 1735 282 1821 legitur
308 1736 373 1803 hoc
402 1747 451 1802 est
472 1743 624 1827 συγκονιῇ
654 1737 691 1806 ἐκ
712 1740 771 1804 τοῦ
794 1731 1087 1822 δημοτικώτερος.
1113 1734 1169 1800 De

72 1836 118 1902 hac
136 1837 280 1904 duarum
297 1838 497 1926 syllabarum
523 1838 759 1905 continentium
786 1836 965 1903 abolitione
991 1834 1168 1920 aliquando

73 1938 269 2027 disceptatum
295 1964 368 2006 esse
398 1941 608 2028 cognoscitur
637 1963 678 2006 ex
702 1940 817 2027 Apoll.
843 1940 945 2005 Pron.
977 1936 1050 2001 144.
1084 1931 1169 2022 ὑπέρ

71 2039 167 2110 τοῦτὸ
187 2037 278 2123 ἆμός
298 2040 360 2110 καὶ
379 2037 465 2126 ὖμός
491 2036 723 2130 συγκεκόφθαι
746 2036 899 2128 εδρητέον
912 2039 989 2124 (sic)
1012 2035 1061 2117 ὥς
1083 2061 1170 2116 τινες

72 2135 236 2226 ὑπέλαβον,
272 2141 362 2212 καθὸ
386 2138 446 2210 δύο
475 2139 643 2226 συλλαβαὶ
663 2135 703 2210 οὗ
725 2138 987 2228 συγκόστονται·
1012 2136 1086 2208 ἰδοὺ
1108 2136 1170 2225 γὰρ

73 2238 102 2308 τὸ
119 2240 325 2329 Λεσκαλίδης
347 2241 405 2310 καὶ
422 2237 641 2329 Ἀνθεμέδης·
669 2236 755 2310 ἀλλὰ
782 2240 874 2310 καθὸ
896 2240 941 2329 μὴ
969 2235 1171 2326 βαρύνονται

70 2343 116 2406 τοῦ
133 2336 294 2432 ἡμέτερος
311 2345 536 2430 βαρυνομένου
559 2343 617 2410 καὶ
642 2348 704 2410 τοῦ
727 2337 885 2430 ὑμέτερος
912 2341 971 2410 καὶ
991 2339 1169 2431 σφέτερος·

68 2442 149 2529 χωρὶς
169 2441 265 2533 εἰμὴ
289 2442 383 2530 λέγοι
395 2468 448 2522 τις
468 2442 777 2531 συνδεδραμηκέναι
800 2436 902 2520 αὐτὰς
927 2440 1012 2509 κατὰ
1033 2443 1092 2529 τὴν
1112 2434 1172 2508 τοὶ-

69 2563 110 2607 σιν
128 2547 164 2634 τῇ
187 2541 273 2630 ἐμός
294 2543 361 2619 καὶ
382 2539 479 2633 σφός.
522 2545 564 2609 In
592 2543 757 2630 principio
787 2543 884 2627 hujus
912 2543 977 2609 loci
1001 2541 1172 2610 Bekkerus

69 2644 237 2731 suspicatur
269 2644 477 2712 scribendum
507 2667 579 2712 esse
601 2643 646 2732 μὴ
670 2641 905 2732 συγκεκόφθαι
933 2653 966 2708 et
991 2636 1031 2710 οὗ
1057 2644 1173 2730 ῥητέον

69 2745 108 2808 vel
126 2740 327 2834 ἆνιορητέον,
352 2741 412 2828 οὐχ
433 2742 534 2814 δτι-
553 2758 586 2814 et
607 2756 694 2812 certe
715 2743 888 2832 Apollonii
910 2743 1072 2808 sententia
1091 2741 1173 2808 haec

69 2856 108 2910 est
130 2851 330 2930 γυοκουιλιισ
360 2840 446 2932 opos
473 2860 502 2914 et
522 2841 608 2932 ἆμός
642 2866 801 2930 syncopen
831 2848 964 2912 subiisse
996 2847 1173 2927 masadam

70 2958 116 3026 est,
146 2968 211 3015 aaa
238 2968 304 3032 qao
329 2949 410 3014 aare
438 2950 576 3031 syllabae
601 2951 682 3014 διιοι·
705 2951 934 3031 nonpossint,
967 2947 1021 3010 scd
1041 2956 1175 3027 propter

70 3053 263 3132 caytoaesin,
294 3052 360 3114 uisi
379 3050 462 3132 forta
483 3053 558 3116 laec
579 3051 779 3132 aequalitatis
799 3066 898 3114 causa
915 3047 1098 3113 introducta
1120 3056 1175 3110 est.

68 3147 112 3214 De
130 3149 367 3236 patronymicis
389 3149 464 3229 illis,
487 3171 570 3236 quae
585 3149 656 3234 jam
674 3160 770 3215 antea
779 3148 885 3235 attigi,
909 3170 977 3213 non
995 3154 1176 3231 repugnat3

71 3249 103 3314 de
122 3250 374 3338 pronominibus
400 3251 535 3340 ambigit
559 3251 655 3316 etiam
679 3251 813 3338 ignotus
829 3249 1030 3337 disceptator
1050 3247 1176 3315 inEM.

71 3349 111 3429 84,
129 3353 181 3419 47.
208 3346 282 3420 ἀπὸ
311 3355 372 3420 τοῦ
400 3351 564 3442 σφέτερος
590 3350 716 3438 γίνεται
745 3353 871 3439 δωρικῇ
904 3347 1069 3436 διαλέκτῳ
1091 3343 1179 3436 σφός

71 3451 118 3516 καὶ
143 3449 215 3522 ἀπὸ
249 3457 310 3522 τοῦ
333 3449 491 3541 ὑμέτερος
516 3449 601 3540 ὑμός
629 3452 688 3520 καὶ
716 3447 874 3541 ἡμέτερος
906 3444 1009 3536 ἅγιός·
1039 3442 1177 3536 'vidiae

71 3550 130 3620 έσυὶ
152 3559 212 3645 τῆς
241 3552 389 3644 δωρίδυς
421 3553 614 3622 διαλέκτου·
651 3555 692 3619 de
720 3553 834 3621 ultim0
868 3553 939 3619 sine
965 3549 1180 3617 haesitatione

67 3655 181 3736 judicat
201 3657 419 3722 Herodianus
439 3656 516 3726 Sch.
539 3656 579 3720 11.
601 3656 662 3724 VI.
684 3657 760 3723 414.
783 3655 820 3724 τδ
843 3651 930 3741 ἁμόν
953 3647 1181 3740 δωρικυέτερον

73 3795 401 3808 *οη-ι·-

128 3863 156 3931 8)
170 3861 271 3918 schol.
284 3861 319 3915 A.
333 3861 367 3914 Il.
379 3859 429 3914 IV.
441 3860 499 3913 478.
514 3865 543 3914 et
554 3859 718 3914 Eustalhius
731 3860 790 3925 501,
805 3861 845 3912 16.
863 3861 991 3930 θρέπτρα
1009 3858 1041 3912 ἐκ
1053 3859 1101 3912 τοῦ
1112 3863 1182 3930 δρε-

71 3939 157 4016 arripior
168 3945 240 4002 κατὰ
262 3945 407 4018 συγκοπὴν
425 3943 462 4006 ὠς
482 3939 600 4018 σωτήρια
620 3947 739 4017 σῶστρα,
757 3940 872 4015 λυτήρια
883 3941 977 4018 λύτρα,
997 3945 1067 3997 duas
1086 3942 1181 3997 literas

52 4093 55 4104 y
71 4034 193 4102 eradens3
208 4041 269 4087 tres
283 4031 408 4088 concidit
421 4031 586 4087 Zenodotus
599 4049 685 4102 quum
697 4029 715 4085 l.
728 4048 752 4086 c.
774 4034 882 4104 θρέπτα
896 4029 1033 4085 scriberet
1050 4046 1076 4080 v.
1089 4026 1183 4097 Spita·

72 4133 124 4172 ner.
136 4119 220 4173 Vera.
234 4121 296 4173 her.
309 4119 369 4173 258.
393 4117 457 4172 Hoc
470 4117 601 4188 analogia
617 4117 739 4185 refutat3
758 4116 807 4170 illa
824 4118 861 4171 ad
881 4113 1196 4169 metaschematismum·

72 4203 215 4270 pertinent,
230 4206 269 4258 de
280 4222 336 4275 quo
349 4203 407 4256 dixi
418 4206 455 4256 ad
467 4204 532 4258 Phr.
548 4204 605 4258 131.
622 4221 687 4275 pars
707 4202 857 4273 subjuncta
878 4209 922 4256 est
939 4199 1085 4270 adjectivis
1102 4195 1185 4269 λυτή-

76 4305 134 4358 ριος,
147 4277 316 4364 δραστήριος
331 4297 385 4343 etc.
