2825 4809
123 312 175 379 DE
192 306 310 375 ALIIS
324 231 571 385 ‚SYdOOPAE
589 306 865 375 GENERIBUS.
885 307 923 374 Ο.
935 305 973 373 ll.
992 309 1058 395 §.2
1086 312 1161 387 393

86 494 198 573 Ἀέτιος.
237 492 318 558 Nam
340 502 458 579 poetae
479 491 568 573 talia,
599 492 626 557 si
651 502 789 559 metuam
807 504 922 579 urget,
951 515 972 559 a
992 493 1164 580 primitivis

86 600 185 684 fingant
204 594 267 660 sivo
291 593 419 660 usitatis
445 594 512 661 sive
532 593 690 663 inanimi
708 605 889 683 conspectu
903 593 1031 683 positis.
1073 596 1164 663 Hinc

85 721 166 766 sermo
182 698 325 763 deflectat
336 696 379 761 ad
398 705 537 781 quatuor
554 697 676 763 literas.
720 691 1163 785 ΠάμπανπαντελιῖςΔρά-

83 826 134 866 κον
157 796 350 887 συναλοιφὴν
379 790 465 869 εἶναι’
487 822 588 887 φησιν
610 797 647 865 ἐκ
669 802 729 866 τοῦ
759 792 980 864 παντάπασιν
1002 797 1103 896 Ρ-Ιιοι.
1119 808 1170 897 et

83 900 154 968 suit.
172 900 234 965 Hic
254 899 430 987 significari
455 921 624 987 syncopen
646 898 783 965 duarum
803 897 1001 985 syllabarum
1020 926 1064 967 τα
1081 911 1115 967 et
1129 925 1165 967 σι

81 1004 255 1087 conjunctam
274 1024 348 1069 cum
369 1002 601 1069 assimilatione
624 1002 785 1069 assentior
804 1001 946 1068 Lehrsio
974 1002 1017 1067 ad
1036 1002 1164 1069 Herod.

81 1102 135 1169 357.
154 1114 183 1169 et
200 1104 271 1169 402.
302 1104 361 1171 sed
390 1104 537 1172 refellere
571 1104 783 1192 supersedeo.
847 1103 920 1169 Nec
948 1126 1042 1169 aures
1068 1126 1164 1191 prae-

82 1204 170 1271 bemus
191 1205 396 1273 Scholiastae
416 1205 517 1273 Pind.
534 1207 632 1293 Pyth.
654 1208 683 1273 I.
706 1208 760 1272 21.
783 1207 869 1295 κῆλα
898 1206 983 1273 κατὰ
1012 1203 1165 1291 συναίρε-

82 1328 119 1371 οιν
135 1306 171 1373 τοὶ
192 1302 363 1395 κηλήματα
375 1309 419 1393 8).
462 1310 576 1377 Unum
598 1331 870 1397 paronymorum‚
893 1329 979 1393 quae
1001 1306 1166 1373 Arcadius

80 1432 103 1493 p.
122 1408 164 1473 ll.
185 1414 399 1495 συγκριτικῶς
420 1407 681 1500 παραληγόμενα
704 1410 793 1488 dicit,
815 1408 967 1475 amolitur
977 1407 1166 1495 Stephanus

80 1532 98 1573 s.
115 1514 220 1597 Δῆμος
240 1510 305 1577 hoc
325 1510 425 1578 modo
445 1507 629 1600 δημότερος
646 1510 685 1580 τὸ
698 1508 907 1598 συγκριτικὸν
926 1502 986 1577 οὐκ
1003 1503 1167 1598 ἀποκοπῇ

80 1604 133 1677 ltl'
156 1610 193 1679 a
211 1615 272 1677 τοῦ
295 1611 492 1680 ἒπιθειικοῦ
515 1604 536 1681 δ
560 1607 642 1700 παρ’
669 1607 821 1702 Ὁμήρῳ,
847 1610 905 1677 ubi
933 1610 969 1675 in
990 1610 1088 1677 codd.
1111 1610 1167 1677 έκ-

80 1714 145 1797 κοπῇ
163 1711 281 1797 legitur
308 1712 372 1779 hoe
400 1723 450 1778 est
472 1719 624 1803 συγκοπῇ
654 1712 691 1782 ἐκ
712 1716 771 1780 τοῦ
794 1708 1069 1800 δημοτικώτερος.
1112 1712 1168 1777 Ι)ε

79 1812 123 1878 hac
140 1812 279 1879 duarum‘
296 1813 496 1901 syllabarum
523 1814 759 1881 continentium
785 1813 964 1879 abolitione
990 1811 1168 1897 aliquando

80 1913 267 2001 disceptatum
295 1938 367 1983 esse
397 1916 607 2003 cognoscitur
636 1939 677 1982 ex
702 1916 817 2003 Apoll.
842 1916 945 1982 Pron.
977 1912 1050 1979 144.
1083 1908 1169 2001 ὑπὲρ

78 2018 121 2080 τοῦ
137 2013 170 2083 τὸ
188 2012 275 2098 ἆμός
297 2016 360 2101 καὶ
378 2012 465 2103 ὖμός
491 2011 722 2106 συγκεκόφθαι
746 2011 898 2105 εὖρητέον
912 2015 988 2101 (sic)
1012 2012 1060 2094 ὥς
1082 2039 1170 2093 τινες

79 2108 236 2201 ὑπέλαβον,
268 2116 361 2187 καθὸ
385 2114 445 2185 δύο
474 2115 642 2202 συλλαβαὶ
663 2111 702 2185 οὖ
725 2115 987 2203 συγκόπτονται·
1011 2113 1086 2186 ibat
1108 2114 1170 2202 γὰρ

79 2212 108 2281 τὸ
123 2214 324 2304 Amaci-ldae
346 2216 404 2285 καὶ
421 2213 640 2305 Ἀνθεμίδης·
668 2212 755 2284 ἀλλὰ
781 2216 873 2284 καθδ
895 2216 940 2304 μὴ
969 2213 1170 2301 βαρύνονται

77 2317 121 2381 τοῦ
137 2311 293 2407 ἡμέτερος
310 2320 535 2406 βαρυνομένου
558 2318 616 2386 καὶ
642 2322 703 2385 τοῦ
726 2313 885 2405 ὑμέτερος
911 2316 970 2385 καὶ
991 2315 1170 2407 σφέτερος·

75 2416 152 2503 χωρὶς
171 2416 262 2507 εἰμὴ
288 2417 381 2505 λέγοι
394 2444 447 2497 τις
467 2418 775 2508 συνδεδραμηκέναι
799 2412 902 2497 αὐτὰς
925 2416 1012 2486 κατὰ
1033 2420 1092 2505 τὴν
1112 2412 1171 2483 τά·

76 2536 115 2581 σιν
132 2521 166 2607 τῇ
188 2516 270 2604 ἐμός
297 2518 361 2590 καὶ
381 2514 478 2609 σφός.
521 2521 563 2585 In
591 2520 756 2607 principio
786 2520 883 2605 hujus
912 2520 976 2587 loci
1000 2518 1172 2586 Bekkeras

76 2618 236 2703 suspicatur
265 2620 477 2687 scribendsnn
505 2644 578 2688 esse
599 2620 645 2710 μὴ
669 2619 904 2709 συγκεκόφθαι
932 2630 965 2685 et
990 2613 1030 2688 οὐ
1057 2620 1173 2707 ῥητέον

75 2718 112 2781 rol
129 2713 326 2809 ἄπορητέον,
351 2717 411 2804 οὐχ
432 2718 533 2789 δ’τι-
552 2735 585 2789 et
606 2734 692 2791 certe
713 2721 887 2809 Apollonii
909 2720 1071 2788 sententia
1091 2718 1173 2786 haec

75 2828 112 2883 est
133 2826 329 2904 pronomina
359 2816 445 2907 ὖμός
472 2836 501 2890 ιι
521 2817 607 2908 ἆμός
641 2843 799 2907 syncopen
830 2826 963 2889 subiisse
995 2824 1173 2905 αιρσαδακι

75 2931 118 3000 est,
148 2942 211 2989 aaa
237 2944 303 3007 qao
328 2925 408 2989 duae
437 2926 575 3007 syllabae
600 2928 681 2991 δοται·
704 2946 771 2991 κου
791 2928 933 3008 possiet,
966 2925 1018 2989 sed
1040 2934 1175 3005 propter

75 3028 260 3105 acatoaaia,
294 3028 359 3090 atsi
378 3026 461 3107 forte
482 3030 557 3093 baca
578 3028 778 3109 aequalitatis
798 3044 896 3092 caasa
915 3025 1097 3091 ιἀικοδκασ
1120 3034 1174 3089 est.

73 3120 114 3188 De
133 3125 366 3211 patronymicis
388 3126 463 3205 illis,
485 3148 569 3212 quae
584 3127 655 3212 jam
673 3137 769 3191 antea
778 3126 884 3212 attigi,
908 3147 976 3191 non
994 3132 1175 3211 repugnat3

77 3222 106 3287 de
125 3226 373 3312 pronominibus
399 3228 535 3316 ambigit
558 3227 655 3293 etiam
678 3228 811 3315 ignotus
827 3228 1029 3315 disceptator
1048 3225 1175 3293 mEM.

76 3322 115 3402 84,
132 3326 181 3393 47.
207 3322 282 3395 eiad
310 3331 371 3397 τοῦ
399 3328 563 3419 σφέτερος
589 3327 715 3415 γίνεται
744 3330 870 3417 δωρικῇ
902 3326 1068 3413 διαλέκτῳ
1090 3321 1178 3414 σφός

77 3425 121 3490 καὶ
145 3422 214 3495 ἀπὸ
246 3432 309 3497 τοῦ
332 3424 490 3517 ὑμέτερος
515 3426 600 3517 ὑμός
628 3429 687 3497 καὶ
715 3424 872 3519 ἡμέτερος
904 3422 1008 3515 ἆμός·
1037 3420 1176 3514 ἢθέμα

76 3522 132 3593 ἐστὶ
153 3533 211 3619 τῆς
239 3527 388 3617 δωρίδος
420 3530 613 3599 διαλέκτου·
649 3532 690 3597 de
719 3531 833 3598 ultimo
867 3531 938 3597 sine
964 3528 1178 3595 haesitatione

73 3627 182 3708 judicat
201 3633 418 3699 Herodianus
439 3633 515 3703 Sch.
538 3632 578 3697 Il.
600 3634 661 3700 VI.
683 3633 758 3701 414.
781 3633 818 3702 τδ
842 3628 928 3719 ἆμόν
951 3625 1179 3718 δωρικώτερον

131 3837 158 3904 8)
171 3837 270 3893 Schol.
283 3837 319 3891 A.
332 3835 428 3891 11.1v.
441 3837 497 3889 478.
512 3842 541 3889 et
553 3835 716 3891 Eustathias
730 3837 789 3903 501,
803 3838 844 3890 lb.
861 3839 989 3907 θρέπτρα
1007 3836 1039 3890 ἐκ
1052 3836 1099 3889 τοῦ
1110 3840 1180 3908 θρε-

76 3912 158 3989 πτήρια
169 3920 239 3977 κατὰ
260 3920 406 3993 συγκοπὴν
424 3919 461 3982 ὠς
481 3916 599 3995 σωτήρια
618 3924 737 3995 σῶστρα,
756 3917 870 3993 λυτήρια
882 3918 975 3995 λύτρα,
995 3922 1066 3975 duas
1084 3919 1179 3975 litem

59 4064 62 4075 Ι
77 4006 193 4076 eradens3
207 4016 268 4061 tres
282 4006 408 4063 concidit
420 4006 584 4061 Zenodotus
598 4026 682 4079 quum
695 4008 713 4063 l.
726 4025 750 4063 c.
771 4012 881 4082 θρέπτα
895 4006 1031 4061 scriberet
1048 4023 1073 4057 v.
1087 4004 1181 4074 Spita·

78 4104 127 4144 ner.
139 4092 219 4148 Vers.
233 4096 294 4147 her.
307 4095 368 4147 258.
392 4092 456 4147 Hoc
469 4093 600 4163 analogia
615 4094 737 4162 relutat3
757 4093 806 4148 illa
823 4096 859 4148 ad
879 4090 1194 4146 metasthematismum-

77 4176 214 4245 pertinent,
228 4182 268 4234 de
279 4196 334 4250 qua
347 4178 406 4233 dixi
417 4182 455 4232 ad
465 4179 531 4233 Phr.
546 4180 603 4234 131.
620 4197 685 4251 pars
705 4179 856 4249 subjuncta
876 4186 920 4232 est
937 4176 1083 4247 adjectivis
1100 4171 1183 4246 λυτή-

81 4277 137 4330 ριος,
149 4252 315 4339 θρεπτήρια
329 4273 384 4319 etc.
