2825 4809
304 320 369 389 DE
394 319 684 397 METATHESI.
731 318 769 390 Ο.
792 319 820 388 1.
855 323 880 409 ξ.
905 319 933 386 l.
1082 325 1175 402 Ι*191

92 533 205 597 quarum
226 509 393 594 utriusque
421 509 572 596 exempla
600 530 660 596 per
681 507 974 576 Grammaticorum
996 505 1099 574 libros
1127 506 1178 574 in·

90 612 200 681 condite
214 610 284 676 insa
301 611 337 676 in
355 610 502 676 ordinem
518 610 706 697 redigemus
724 611 960 699 praetermissis
978 633 1064 696 quse
1081 611 1176 676 nimis

90 726 189 787 temus
210 713 333 780 effutita
354 723 439 780 sunt

156 819 178 900 ξ.
201 817 228 881 1.
269 815 465 881 Metathesis
492 812 620 900 speeies
648 813 888 899 simplicissima
915 825 948 880 st
975 815 1115 902 primum
1142 837 1177 880 se

88 919 206 984 offerens
233 927 282 982 est
308 938 347 982 es
374 917 416 982 de
442 939 508 1002 qus
534 916 680 1013 lopuitm
705 916 785 982 EM.
810 917 886 995 118,
911 918 961 982 11.
991 915 1113 1005 σκίφος
1137 917 1176 984 sd

86 1022 167 1108 ξίφος
185 1019 349 1103 διαιρέσει
369 1008 475 1098 aad}
492 1015 541 1098 εἷς
565 1039 607 1083 ιισ
629 1017 687 1085 καὶ
710 1011 904 1103 ὑπερθέσει.
948 1017 1035 1084 lllud
1058 1019 1178 1104 σαίφο,1

86 1131 112 1186 st
131 1119 199 1185 huic
223 1119 340 1187 similia
366 1118 541 1199 artiliaco,
571 1114 668 1198 ίίςδος
694 1119 834 1186 dialecto
861 1121 1003 1188 aeolicae
1024 1119 1177 1188 attributa

84 1231 145 1286 sunt
156 1222 204 1287 vel
220 1222 361 1299 doricae,
382 1222 442 1287 sed
460 1221 666 1308 reperiuntur
681 1223 843 1307 quaedam
860 1223 991 1309 longius
1009 1223 1175 1308 divagata:

84 1319 227 1405 τίψίνθιον
256 1318 348 1402 εἶδος
376 1318 537 1409 βοτάνης·
567 1325 654 1401 τινὲς
683 1325 721 1392 δέ
748 1328 814 1390 τῶν
842 1328 997 1408 κωμικῶν
1026 1322 1177 1410 λέγουσιν

83 1421 150 1490 αὐτὸ
175 1419 360 1492 οίσαίνθιον
380 1425 498 1492 Zonar.
520 1424 594 1492 366.
622 1447 689 1510 quo
716 1426 848 1492 nomine
871 1425 1058 1494 Meinekius
1081 1424 1175 1492 Com.

83 1525 115 1590 Τ.
134 1525 189 1593 IV.
210 1527 284 1595 382.
320 1527 494 1615 Diphilum
522 1549 616 1592 usum
643 1549 716 1592 esse
745 1528 940 1614 suspicatur.
983 1529 1028 1596 Et
1054 1528 1175 1594 instru-

81 1627 164 1692 menti
183 1627 291 1694 bellici
311 1651 441 1707 nomen,
463 1651 529 1712 quo
549 1629 725 1714 scriptores
744 1630 896 1714 Byzantii
917 1639 1061 1708 utuntur,
1084 1651 1174 1707 σιτα-

81 1726 146 1793 λίτον
166 1729 199 1794 id
223 1740 274 1796 est
295 1731 426 1799 testudo
447 1730 515 1796 sive
540 1731 651 1809 vinea,
681 1731 752 1798 sine
775 1731 876 1796 dubio
898 1731 986 1796 idem
1009 1741 1176 1816 astatque

82 1827 184 1908 ψαλίς,
208 1853 274 1916 quo
296 1833 428 1904 nomine
451 1831 538 1897 absis
561 1832 629 1898 sive
654 1854 739 1918 opus
763 1844 1023 1898 concameratum
1048 1831 1099 1898 vel
1126 1842 1174 1896 te·

81 1930 260 1997 studinatum
293 1945 325 1998 et
355 1957 590 2019 nonnunquam
621 1934 718 2000 etiam
750 1935 893 2022 capreoli
929 1935 997 2000 sive
1026 1933 1176 2002 viticulae

78 2030 211 2098 fruticum
228 2034 452 2119 significantur
469 2045 505 2101 ut
516 2034 758 2121 Moschopulus
775 2036 820 2100 sit
838 2037 874 2102 in
888 2037 969 2123 Syll.
981 2038 1053 2116 Αλλ,
1071 2035 1177 2112 ἕλικες

79 2130 108 2198 αί
131 2137 185 2221 τῆς
212 2129 367 2218 ἀμπέλου
396 2136 539 2216 ψαλίδες
553 2138 596 2222 ⁴).
646 2139 723 2204 Huc
757 2138 883 2206 aceedit
914 2137 1178 2224 glossematieum

77 2239 192 2313 ψοῖθος
212 2234 233 2326 ἦ
257 2233 389 2315 σποδός
409 2237 562 2324 Theogn.
583 2238 664 2306 Can.
680 2240 733 2317 26,
756 2240 808 2304 22.
832 2235 947 2325 ψοθόν
968 2237 1073 2324 μέλαν
1093 2239 1176 2302 Hes.

78 2333 190 2402 Cineris
212 2348 322 2403 autem
347 2348 381 2403 et
404 2337 484 2404 fumi
513 2350 578 2406 tam
605 2350 728 2406 arctum
753 2349 802 2406 est
828 2341 1028 2406 consortium
1054 2350 1177 2406 utnon

76 2437 177 2504 mirum
199 2440 243 2505 sit
266 2450 440 2527 utrumque
463 2442 651 2508 nominibus
673 2441 842 2508 simillimis
867 2442 1048 2528 designari:
1070 2436 1177 2529 ψόλον

76 2537 224 2628 (ψολόιν)
244 2541 286 2609 ιδ
308 2543 422 2627 μέλαν,
445 2543 485 2611 τὸ
508 2543 685 2621 στιοδῶδες
707 2544 819 2610 Schol.
841 2545 915 2610 Nic.
938 2544 1001 2609 Th.
1024 2543 1097 2610 288.
1121 2541 1178 2626 qui

76 2640 160 2704 ctiam
179 2638 294 2722 ἔχιδνα
315 2641 489 2727 ψολόεσσα
510 2667 540 2712 v.
554 2645 625 2710 129.
640 2645 870 2732 interpretatur
888 2642 1079 2730 τεφρώδος,
1103 2665 1177 2709 cum

73 2735 169 2827 ψόλος
188 2752 299 2811 sutem
317 2745 524 2833 componitur
545 2739 690 2830 δίσβολος
712 2746 861 2814 eschol.
877 2746 943 2814 Od.
955 2745 1090 2814 XXIV.
1102 2743 1175 2812 539.

74 2837 170 2924 ψόλον
191 2845 254 2930 γὰρ
276 2845 334 2934 τὴν
357 2842 504 2936 ἀσβδλην
525 2848 622 2932 λέγει.
666 2847 824 2913 Latinum
841 2867 921 2930 spato
940 2847 975 2912 in
986 2845 1176 2912 Teehu32.

74 2943 181 3008 contuli
210 2967 287 3012 eum
315 2944 431 3037 ψίττιο
459 2947 618 3038 (φθύζιυ)
651 2959 682 3014 et
712 2952 804 3016 reolo
834 2969 909 3014 cum
937 2948 1010 3028 ξέιο.
1068 2945 1177 3014 Semel

72 3153 127 3209 ΕΜ.
137 3158 194 3223 611,
203 3160 248 3213 29.
262 3157 379 3214 ἀπὸτοῦ
393 3157 463 3222 κτίζει
478 3157 585 3231 κασμός
598 3163 645 3214 καλ
660 3157 729 3214 sord
741 3155 894 3234 μετάθεσιν
908 3154 1011 3229 κόσμος
1024 3175 1052 3228 p.
1064 3157 1122 3222 532,
1134 3157 1174 3210 10.

74 3240 197 3312 ἔκπαγλος
212 3243 291 3317 παρὰ
308 3244 337 3300 ιδ
354 3241 467 3314 ulricum
483 3250 632 3317 μεταθέσει
647 3249 695 3302 τοῦ
706 3232 809 3314 {sled
823 3243 918 3300 Schol.
932 3243 965 3298 Il.
983 3245 1078 3309 1,146.
1094 3249 1123 3298 et
1140 3244 1176 3296 de

73 3329 190 3383 consonis
206 3335 300 3402 φηρσί
313 3329 375 3385 ἀντὶ
392 3335 439 3389 τοῦ
458 3338 545 3405 θηρσί
559 3330 626 3386 κατὰ
642 3325 796 3406 μετάθεσιν
807 3329 899 3404 Epim.
910 3330 933 3383 1.
945 3331 1004 3383 429.
1019 3325 1086 3396 ἀλκή
1101 3325 1177 3398 παρὰ

73 3409 96 3464 τὸ
112 3413 184 3484 δοκῶ
199 3421 351 3486 μεταθέσει
365 3418 430 3474 ΕΜ.
440 3420 481 3483 65,
495 3420 536 3472 51.
550 3427 604 3472 ete.
627 3414 763 3478 Σέλευκός
780 3433 849 3489 φησι
868 3413 916 3484 τὴν
933 3416 1014 3470 δαῖτα
1033 3420 1176 3494 στοιχείων

70 3505 207 3567 μεταθέσει
225 3503 335 3556 δίαιταν
354 3497 424 3558 εἶναι
442 3505 546 3558 Athen·
562 3505 584 3558 I.
602 3505 642 3558 19.
656 3505 690 3559 Β.

129 3587 158 3653 i)
177 3587 275 3643 Schol.
292 3588 360 3644 min.
380 3593 416 3643 ad
434 3590 521 3662 Soph.
541 3590 586 3661 Aj.
608 3591 684 3644 1054.
708 3590 815 3660 ψαλίδα
835 3582 897 3643 εἶπέ
918 3607 957 3648 τις
976 3583 1025 3655 τὴν
1044 3584 1176 3652 σιταλίδιι,

71 3673 140 3738 quod
155 3672 296 3729 incertum
309 3681 353 3728 est
366 3682 458 3729 utrum
470 3675 597 3730 absidem
612 3676 751 3746 significet
763 3694 798 3730 an
810 3675 957 3747 pampinos
970 3673 1095 3740 tortiles3
1114 3691 1178 3729 nam

70 3754 94 3806 hi
110 3756 209 3814 similes
228 3760 393 3831 torquibus,
414 3778 487 3831 quas
504 3763 591 3833 vulgo
610 3767 724 3831 ψέλλια,
744 3764 779 3816 sb
797 3761 922 3816 Homero
944 3760 1030 3822 ἕλικες
1047 3760 1179 3816 dicuntur

71 3857 92 3891 v.
109 3841 201 3899 Schol.
222 3845 255 3901 Il.
268 3845 374 3902 XVIII.
388 3848 447 3902 401.
469 3865 486 3901 a
504 3848 646 3920 Sophocle
665 3849 694 3903 in
711 3849 851 3918 Fragmm.
870 3847 987 3917 ψαλίδες
1006 3865 1032 3900 v.
1052 3846 1176 3901 Ellendt.

71 3923 131 3981 Iex.
145 3930 234 4003 Soph.
246 3950 267 3985 s.
277 3934 305 3986 1ι.
319 3951 344 3987 v.
360 3931 513 4004 Gregorius
527 3936 585 3987 598.
598 3937 633 3989 de
645 3934 784 3988 Aeolibns
799 3934 918 4006 loquens
935 3929 964 3987 τὸ
982 3935 1063 4004 ξίφος
1079 3937 1180 4004 σκίφος

70 4015 171 4082 λέγουσι
185 4020 240 4070 ’καὶ
264 4016 292 4072 τὸ
314 4022 429 4088 ψέλλιον
451 4023 580 4074 σπέλλιον
603 4025 650 4074 καὶ
673 4019 722 4089 τὴν
744 4023 851 4090 ψαλίδα
874 4021 1009 4087 στιαλίδα,
1034 4020 1175 4089 quomodo

70 4097 145 4154 etism
163 4101 211 4156 illc
226 4103 321 4158 Schol.
337 4095 424 4176 Soplr,
439 4105 583 4176 scripsisse
596 4106 716 4161 videtur.
752 4107 847 4161 Verba
863 4114 1006 4178 postrema
1024 4109 1070 4158 ιιαλ
1087 4102 1180 4172 τὴν-

70 4189 180 4242 seodd.
196 4190 309 4244 absunt.
343 4192 510 4262 Σφενδυνοί
525 4187 675 4249 στιδνδυλοι
692 4193 773 4250 Suid.
788 4193 906 4249 fortusse
924 4208 1120 4265 syracusanum
1138 4204 1180 4252 cst

70 4276 96 4322 ul
113 4278 163 4342 ψίν
181 4282 212 4331 et
231 4280 269 4348 ψέ
287 4276 323 4333 σέ.
343 4274 401 4349 ψὴν
418 4284 447 4331 et
463 4273 546 4351 σφὴξ.
