2825 4809
223 278 297 350 162
586 267 908 336 DISSERTATIO
943 267 971 332 Ι.

218 477 309 522 more
331 454 496 540 significat
516 452 721 537 subjectione
738 476 833 520 verae
855 453 1043 542 scripturae.
1089 449 1209 518 Cetera
1230 449 1342 530 verba,

219 579 306 644 quae
331 556 415 620 hanc
436 554 582 619 vocalem
608 554 644 618 in
664 556 813 641 paralcxi
837 553 975 633 habent,
1004 562 1060 620 aut
1082 539 1267 640 complex
1287 575 1341 617 ac-

219 659 347 745 cipiunt
367 666 426 721 aut
439 641 482 724 οἶ
500 655 655 722 vitandae
677 656 848 743 epalleliae
867 657 984 742 gratia.
1027 654 1178 721 Eandem
1196 652 1239 722 ob
1262 675 1341 720 cau·

219 784 290 825 sam
313 755 454 842 ἐρύκακε
478 757 596 822 dicitur
622 780 683 844 pro
709 755 845 845 ἐρύκακε
868 767 902 822 et
925 751 1076 845 ἠνίπαπε
1101 777 1162 841 pro
1187 752 1341 844 ἦνίπιπε,

218 885 316 948 quem
338 860 588 944 διπλασιασμὸν
611 858 697 926 κατὰ
719 859 821 943 μέσον
844 858 990 946 appellat
1009 857 1088 924 EM.
1111 857 1185 934 431,
1203 855 1256 920 54.
1278 878 1340 922 nos

217 964 382 1029 inversum
402 961 540 1027 dicimus
564 961 642 1047 quia
663 983 732 1025 non
751 960 857 1047 prima
877 958 1001 1025 vocalis
1023 957 1187 1044 geminata
1209 967 1261 1022 est
1281 957 1340 1022 sed

217 1087 359 1149 sequens
384 1062 424 1128 cl.
447 1063 549 1129 Proll.
567 1061 638 1127 146.
655 1099 697 1110 -
723 1062 915 1128 Extremum
939 1061 981 1127 sit
1003 1061 1084 1125 illud
1106 1082 1221 1146 genus,
1245 1059 1340 1144 eujus

215 1164 415 1230 mentionem
436 1163 516 1229 lacit
530 1165 611 1229 EM.
627 1162 679 1239 56,
697 1163 748 1228 15.
767 1184 842 1228 cum
858 1158 1116 1249 Ἀλαλκομενηΐς
1137 1159 1343 1226 contendens

215 1259 421 1353 άτάρτηρος,
443 1261 606 1353 ἐτήτυμος
628 1275 662 1328 et
682 1257 860 1331 άτιτάλλω.
896 1263 1037 1330 Urbium
1055 1263 1255 1328 diversarum
1276 1284 1341 1326 no-

214 1366 305 1431 mina
323 1361 525 1446 Ἀλκομεναί
552 1375 586 1430 et
608 1360 852 1446 Ἀλαλκομεναὶ
873 1365 1062 1452 Stephanus
1084 1386 1144 1429 suo
1164 1374 1343 1448 utrumque

214 1467 288 1530 loco
318 1475 496 1541 memorat3
529 1465 584 1530 alii
614 1465 731 1531 eodem
762 1466 862 1532 modo
893 1467 1039 1534 scribunt
1065 1489 1096 1530 v.
1118 1467 1267 1550 Interpp.
1298 1464 1345 1528 ad

216 1564 325 1635 Strab.
347 1565 394 1631 Χ.
417 1566 491 1632 457.
520 1565 677 1653 duplicati
701 1566 795 1654 origo
820 1591 840 1632 a
862 1568 961 1634 verbo
986 1564 1143 1636 ἀλαλκεῖν
1168 1564 1343 1652 repetitur.

215 1668 323 1733 Aliter
350 1689 427 1732 vero
457 1689 494 1732 se
523 1666 623 1732 habet
650 1661 839 1758 άταρτηρός
869 1668 910 1734 ab
940 1664 1064 1756 άτηηύς
1093 1677 1207 1734 natum
1236 1666 1343 1731 inter-

215 1769 327 1856 posita
358 1790 423 1853 qua
454 1765 638 1854 δαρδάπτω
673 1769 774 1833 crevit
808 1791 954 1837 consona
970 1771 1021 1854 Η)
1057 1779 1208 1856 correpta
1242 1767 1344 1832 simul

216 1880 353 1957 propter
372 1868 608 1934 incrementum
628 1870 718 1935 vocis
735 1872 840 1938 vocali
862 1872 976 1938 initiali
983 1896 993 1948 ;
1016 1869 1177 1960 ἐτήτυμος
1199 1878 1232 1934 et
1247 1869 1345 1954 quod

215 1971 269 2037 ille
292 1970 412 2036 omittit
438 1964 568 2056 ἰτητέον
594 1991 656 2056 pro
683 1970 836 2038 brevibus
862 1972 1029 2040 vocalibus
1054 1979 1251 2058 acceperunt
1275 1980 1344 2046 eta,

216 2068 385 2140 ἀτιτάλλω
412 2081 535 2148 autem,
566 2093 626 2157 pro
651 2095 717 2158 quo
746 2067 920 2140 άτατάλλω
945 2073 1010 2140 dici
1035 2081 1166 2159 poterat
1190 2079 1227 2134 ut
1253 2066 1347 2136 ἆτα-

213 2169 364 2250 σθάλλω,
380 2193 442 2258 pro
459 2169 559 2258 alpha
575 2171 643 2236 iota
661 2175 722 2240 sed
739 2174 854 2252 breve3
873 2176 990 2242 cadem
1003 2174 1097 2238 litera
1113 2195 1172 2258 pro
1189 2158 1346 2238 {micro

216 2271 392 2338 substituta
423 2282 472 2336 est
498 2271 599 2338 verbo
627 2270 818 2352 ὀπιπτεύω,
850 2278 941 2362 quod
968 2275 1080 2343 Schol.
1104 2275 1186 2360 Lyc.
1207 2272 1262 2338 45.
1299 2295 1349 2338 ex

213 2369 349 2440 ὀπτεύω
379 2372 502 2438 factum
532 2373 611 2440 dicit
639 2372 777 2464 αὐξήσει
807 2369 925 2469 άττικῇ
956 2388 989 2444 et
1017 2375 1155 2464 amplius
1184 2373 1347 2440 Choero-

199 2474 335 2554 'boscus
364 2474 462 2541 Orth.
485 2475 564 2554 244,
585 2476 617 2541 5.
647 2477 744 2566 παρὰ
772 2477 809 2544 τὸ
841 2469 936 2546 ύπτω
965 2481 1089 2564 γίνεται
1116 2471 1254 2544 ὀπτεύω
1285 2475 1349 2542 καὶ

213 2574 298 2643 κατά
333 2577 584 2660 διπλασιασμὸν
616 2573 793 2646 άπιπτεύω
827 2579 884 2646 καὶ
916 2573 1074 2648 ὀπιπεύω
1094 2577 1146 2662 ¹⁸)
1180 2576 1236 2643 cui
1269 2576 1349 2642 iota

212 2678 349 2763 longum
376 2677 464 2742 inest
491 2688 529 2742 ut
554 2677 680 2745 nomini
709 2679 992 2766 παρθενοπίπης,
1022 2699 1171 2766 proquo
1199 2685 1350 2763 παρθε-

211 2775 338 2862 νόπτης
361 2777 425 2841 dici
447 2789 579 2863 poterat
599 2789 636 2844 ut
657 2776 833 2869 οἶνόπτης,
854 2780 914 2846 sed
931 2780 1062 2846 illudet
1079 2790 1181 2844 metro
1198 2776 1348 2846 heroico

213 2879 403 2943 adversatur
428 2889 461 2942 et
487 2890 704 2966 spectatorem
731 2883 842 2970 potius
870 2883 1032 2969 significat
1060 2904 1157 2968 quam
1180 2881 1349 2968 specula-

211 2992 332 3059 torem3
361 3001 462 3065 quare
485 2981 717 3068 amplificatum
739 2993 788 3047 est
814 2985 936 3049 utalia
962 2982 1152 3070 speculandi
1172 2981 1352 3048 vocabula

211 3080 424 3161 παπταίνειν,
446 3084 643 3173 παμφαλᾷν.
689 3083 760 3150 Sed
779 3107 855 3172 pure
875 3084 1168 3152 Grammaticorum
1187 3083 1351 3168 syllabas

213 3182 293 3246 istas
315 3205 383 3246 non
407 3205 448 3248 ex
471 3184 545 3270 ipso
569 3183 664 3270 quasi
686 3206 825 3272 corpore
847 3195 879 3252 et
900 3184 1082 3252 substantia
1100 3182 1354 3252 vocabulorum

213 3283 369 3348 confictas
393 3277 452 3348 sed
479 3275 680 3365 extrinsecus
708 3287 888 3354 inculcatam
912 3309 985 3354 esse
1012 3287 1233 3362 constituunt3
1267 3281 1354 3356 άτι-

211 3381 345 3450 τάλλειν
367 3383 424 3450 καὶ
446 3370 598 3452 άτάλλὲιν
619 3381 660 3454 ού
679 3388 836 3476 διαφέρει
859 3383 934 3455 κατ’
958 3387 1138 3458 ἕπέκτασιν
1151 3383 1355 3476 εἰρημένον

285 3602 330 3671 ll)
342 3602 500 3672 Hesychius
509 3601 668 3676 Ἀκαρτᾶιαι
679 3603 795 3674 βλάπτει
812 3613 841 3660 et
853 3599 1006 3679 Ἀγάτημαι
1019 3611 1190 3678 βέβλαμμαι·
1204 3607 1269 3662 hoe
1285 3610 1355 3664 for·

213 3699 287 3744 tasae
307 3707 343 3742 ex
360 3687 477 3760 antiqno
495 3688 652 3762 scripturae
668 3691 736 3746 vitio
754 3709 807 3764 pro
825 3688 961 3762 ἀεάτημαι
978 3700 1010 3746 ut
1026 3691 1175 3766 ἀκάχημαι.
1212 3692 1356 3751 Diverse

212 3773 335 3831 consulit
352 3774 473 3828 Ahrens.
490 3773 565 3829 Dial.
584 3775 655 3831 Dor.
668 3780 710 3831 55.

284 3860 331 3929 ¹8)
347 3859 413 3914 Hoc
432 3856 571 3930 ὄπιπεύω,
595 3863 673 3933 quod
691 3861 885 3935 Goettlingius
909 3863 939 3918 in
956 3863 1075 3919 Hesiodi
1096 3865 1171 3936 Opp.
1185 3865 1232 3920 29.
1254 3886 1357 3940 prae-

211 3948 339 4010 ferebat,
363 3945 569 4016 posterioribus
592 3947 810 4018 relinquendum
832 3951 959 4017 videtur,
982 3948 1163 4016 Manethoni,
1187 3951 1241 4022 qui
1271 3954 1360 4011 illud

212 4051 283 4107 prae
300 4031 401 4086 ceteris
415 4032 586 4102 frequentat,
599 4042 627 4086 et
641 4034 807 4104 aequalibus
820 4055 846 4090 v.
854 4037 950 4092 Graes.
965 4039 1002 4091 ad
1010 4037 1103 4092 Noun.
1113 4038 1136 4092 Ι.
1148 4039 1190 4091 85.
1206 4039 1357 4097 Bekker.

213 4118 454 4174 adcolarum.
492 4118 560 4172 Cum
579 4114 717 4175 ὄπιπτεύω
734 4121 937 4196 Moschopulus
955 4126 991 4179 ad
1008 4124 1075 4178 Hes.
1090 4124 1164 4194 Opp.
1177 4125 1223 4180 25.
1243 4127 1360 4184 minus

214 4206 361 4259 commode
380 4199 510 4277 ἐτήτυμος
527 4206 645 4260 confert.
