2825 4809
279 301 353 372 166
587 313 591 320 ’
643 295 964 366 DISSERTATIO
997 299 1026 366 1.

274 483 363 548 unde
390 481 601 568 perspicuum
626 483 664 547 fit
689 504 810 550 nomen
838 505 913 550 enm
940 480 1014 563 ἇκίς
1035 505 1109 552 ιιι-88
1130 482 1234 579 ἀκωκή
1253 516 1348 582 eogno-

274 596 344 650 tum
374 607 448 650 esse
464 584 530 668 ²⁵).
573 583 778 650 Adverbium
803 579 936 652 ύκασκα
966 609 986 652 8
1014 584 1144 654 Cratino
1170 612 1226 676 pro
1250 590 1349 681 ἡσύχως

272 687 325 750 881
348 680 434 772 ἀκήν
459 683 606 772 positum
633 696 668 752 et
689 685 885 770 adjectivum
907 682 1092 767 ἆκασκαῖος
1116 690 1240 778 insuper
1257 717 1349 764 coneo·

272 809 349 852 nam
378 787 511 874 aceepit.
533 796 571 852 ut
597 783 798 873 ἀταρτηρός.
848 787 916 854 Sed
945 789 1007 854 erit
1032 790 1168 857 18818888
1194 795 1245 878 qui
1265 796 1350 865 literas

272 878 316 957 οἶ
342 889 387 955 ad
413 887 674 955 terminationem
698 887 862 974 pertinere
894 889 999 967 dieat,
1032 901 1069 956 ut
1097 891 1201 978 θύονη
1226 890 1286 962 ἀπὸ
1305 905 1349 966 τοῦ

201 1043 205 1049 .
272 987 350 1057 θύω
382 991 463 1057 ΕΜ.
492 988 572 1067 458,
602 989 655 1056 63.
690 993 844 1075 ύρῆσνος
878 1011 905 1054 a
935 993 1029 1077 θρίω
1055 1017 1085 1058 8.
1117 993 1234 1059 Techn.
1256 995 1292 1060 65
1313 1021 1350 1083 eq.

267 1085 437 1178 Ἀλιίλαγξ
468 1087 615 1178 πνιγμός
646 1085 777 1174 ἀπορία
803 1091 932 1158 Α88811.
964 1093 1070 1160 Bekk.
1097 1095 1169 1161 314.
1204 1090 1350 1177 88181118

272 1193 340 1259 8188
370 1187 519 1276 ἂλυομός
547 1191 700 1258 88888811
728 1202 765 1256 81
785 1189 955 1280 Ἀλάλαγξ
978 1194 1090 1282 πλάνη
1116 1198 1196 1260 Η88.
1215 1218 1279 1260 888
1296 1189 1349 1284 tuq,

271 1317 412 1380 quornm
437 1293 633 1380 significatio
661 1316 729 1359 non
756 1295 893 1360 multum
919 1297 1062 1373 diversa,
1089 1297 1181 1382 origo
1205 1300 1349 1364 eommunis

271 1397 399 1480 estu).
436 1391 581 1481 Ἀνάγκη
608 1394 651 1459 ab
671 1387 761 1479 ίίηχω
785 1395 906 1462 iactum
931 1419 1005 1462 esee
1023 1399 1220 1472 Buttmanno
1240 1399 1350 1464 88811881-

269 1519 359 1562 mum
384 1495 515 1562 videtu
542 1495 686 1562 Gramm.
716 1496 763 1561 Π.
791 1498 865 1563 314.
895 1498 985 1564 Adn
1013 1499 1115 1584 idque
1144 1499 1349 1584 quodammodo

270 1598 440 1664 confimat
459 1618 524 1664 vox
544 1597 670 1665 novitia
695 1620 716 1662 a
740 1619 922 1684 synonymo
945 1598 1046 1666 verbo
1074 1599 1202 1688 orpr'yyo
1228 1601 1351 1665 translata

267 1699 416 1787 σφίκτρα
445 1697 534 1764 idem
560 1699 749 1784 significans
777 1700 868 1784 quod
889 1697 1015 1788 ἀνάγκη
1034 1724 1064 1766 8.
1086 1702 1146 1766 Ι)8
1168 1700 1265 1787 Cang.
1301 1702 1352 1768 Sed

266 1799 489 1866 Doederlinue
516 1801 590 1887 pari
618 1800 857 1867 asseveratione
884 1801 929 1865 ad
955 1797 1060 1886 ἆγκύς
1088 1803 1196 1869 refert.
1241 1804 1306 1870 Jam
1321 1801 1350 1866 ab

267 1902 367 1967 attiea
386 1901 648 1989 reduplicatione
669 1912 800 1968 transeo
817 1902 860 1967 ad
880 1925 960 1980 eam,
983 1925 1068 1988 qnae
1083 1904 1246 1970 vocabulis
1261 1927 1279 1968 a
1292 1925 1352 1968 888-

267 2025 350 2068 eona
369 2003 602 2090 incipientibus
623 2004 760 2090 propria
781 2014 841 2068 eet
883 2001 1030 2082 Βάκινος
1052 1999 1073 2091 ἢ
1093 2003 1267 2090 βαβοίκινος
1285 1998 1352 2080 εἶδος

263 2101 388 2192 χύτρας
409 2105 528 2170 Zonar.
552 2106 703 2191 ignotum
723 2115 897 2191 utrumque
917 2103 982 2170 nisi
1001 2105 1086 2170 forte
1109 2128 1184 2171 eum
1210 2105 1291 2188 βίκος
1310 2125 1352 2169 88-

265 2204 389 2283 haeret,
411 2207 503 2291 quod
522 2206 559 2270 in
573 2207 702 2272 Anecd.
718 2205 823 2272 Bekk.
838 2206 912 2271 226.
936 2205 1112 2293 exponitur
1134 2200 1272 2290 ίίμβικος.
1297 2209 1353 2270 Βα-

263 2303 389 2393 βύρῥας
412 2303 430 2370 ὁ
453 2302 666 2396 παράμωρος
686 2309 770 2372 Η88.
792 2318 825 2373 81
845 2311 1002 2374 baburrus
1029 2308 1148 2373 stultus
1170 2305 1355 2373 8888881181

264 2410 382 2473 barrae
411 2406 449 2471 id
477 2418 528 2473 eet
552 2430 677 2494 nugae,
712 2411 853 2474 5858888
882 2409 1020 2475 stultitia
1048 2409 1161 2476 Gloes.
1192 2407 1307 2474 Placidi
1329 2407 1354 2468 in

262 2507 348 2592 Maji
373 2510 473 2573 Auot.
499 2506 606 2574 01888.
629 2508 675 2574 Τ.
694 2509 761 2574 ΙΠ.
783 2508 858 2574 435.
894 2510 1071 2595 Ιίάγχαλος
1092 2511 1210 2598 κρίκος
1230 2507 1283 2576 ἐπὶ
1300 2511 1356 2583 ταῖς

261 2605 387 2695 θύραις
408 2607 544 2676 Σικελοί
564 2611 647 2675 Η88.
668 2610 782 2676 888818
813 2633 856 2675 88
886 2633 907 2674 8
931 2605 1016 2698 χηλή
1041 2614 1123 2677 chale
1148 2612 1185 2676 id
1208 2607 1355 2676 8818881-

263 2711 336 2776 8818
347 2711 474 2777 Vitruv.
490 2710 624 2776 ductum
641 2711 686 2775 eit
702 2710 902 2799 proprieque
921 2712 1074 2798 capulum
1091 2712 1161 2780 8188
1179 2709 1357 2777 manubrium
1380 2699 1381 2716 ¹

262 2810 425 2897 signifieat
450 2811 510 2876 sed
537 2812 718 2899 praecipue
744 2814 900 2878 annulum
924 2813 1031 2889 illum,
1061 2834 1127 2897 quo
1156 2815 1243 2881 iores
1265 2811 1301 2876 ab
1319 2811 1355 2873 in-

260 2912 405 2978 troiturie
430 2911 613 2998 pultantnr,
645 2912 685 2978 ab
717 2913 911 2980 exeuntibus
941 2913 1163 2993 attrahuntur,
1194 2909 1358 2980 nominibus

260 3037 321 3100 pro
347 3014 454 3081 forma
483 3024 516 3080 et
539 3037 601 3079 888
628 3014 741 3092 variis,
769 3012 894 3104 κρίκος,
917 3012 1038 3101 κόραξ,
1062 3014 1203 3105 κορώνη,
1225 3013 1380 3102 praeponi

259 3113 569 3200 ἐπίσπαστρονΉ).
625 3113 783 3203 Κάκαρον
816 3112 849 3182 oi
879 3115 925 3203 μή
959 3115 1044 3183 κατὰ
1070 3117 1226 3201 γλῶσσαν
1254 3109 1360 3201 ληίδα

258 3210 452 3295 ὁμιλοῦντας
472 3216 511 3282 τὸ
535 3213 671 3306 κροίνιον
693 3217 845 3302 λέγουσιν
859 3218 953 3282 Ε881.
974 3217 1067 3294 1796,
1083 3216 1136 3281 58.
1162 3241 1183 3282 8
1206 3213 1290 3302 κάρα
1308 3214 1360 3278 ior-

259 3323 346 3380 taeee
360 3318 428 3400 ²⁸).
472 3314 635 3404 Κακκύβη
657 3317 754 3404 παρὰ
777 3317 815 3383 τύ
843 3315 960 3384 xoium
984 3316 1072 3404 κάβη
1097 3317 1153 3385 καὶ
1177 3315 1361 3400 πλεονασμῷ

1342 3569 1348 3584 Ι

1357 3603 1362 3616 Ι

326 3571 371 3636 25)
383 3569 441 3624 Pro
456 3567 567 3628 ιἰκαλίίς
583 3567 612 3621 18
623 3567 708 3621 Pauli
720 3568 823 3638 Aegin.
837 3569 902 3624 loeo
916 3568 1064 3640 reponitur
1077 3568 1207 3623 usitatius
1222 3568 1356 3622 ἆκακαλλα

254 3654 360 3709 Minoia
379 3654 464 3710 filiam
484 3654 678 3726 Apollodorus
691 3653 745 3706 III.
763 3657 785 3720 1,
797 3657 822 3710 2.
844 3673 901 3709 888
915 3649 1048 3723 Ἀκάλλην
1065 3671 1180 3709 8888888
1197 3653 1307 3707 videtur
1323 3645 1378 3701 eed³

251 3739 399 3795 Ἀκαλλίύα
415 3743 462 3796 881
480 3748 511 3795 81
529 3739 616 3795 aeteri
631 3738 824 3794 Ἀκακαλίίύα.
1377 3749 1378 3769 ³

322 3828 368 3892 26)
389 3827 461 3882 Sunt
482 3826 530 3898 qni
551 3824 674 3896 ἀλύίυγξ
695 3825 771 3880 idem
791 3841 852 3880 8888
874 3829 976 3895 putent
997 3841 1031 3879 88
1050 3821 1119 3894 trip&
1142 3826 1202 3881 8188
1224 3816 1326 3896 λογμός
1344 3825 1367 3871 et

255 3909 393 3976 ὀλολύζειν
411 3930 429 3966 a
445 3909 543 3975 λύζιιν.

321 3998 369 4067 21)
385 3997 480 4053 Hodie
499 4014 612 4070 quoque
627 3997 780 4068 januarum
797 3996 948 4067 pulsabula
964 3997 1050 4050 modo
1072 3994 1168 4049 annuli
1187 3995 1308 4065 figuram
1327 3992 1377 4042 ha·r

251 4083 336 4149 bent,
356 4086 442 4138 modo
462 4082 536 4138 8881.

320 4170 368 4238 28)
385 4167 462 4224 Nihil
486 4166 583 4223 auxilii
605 4167 726 4237 praebet
749 4167 814 4220 ΕΜ.
833 4168 875 4232 tt,
898 4169 941 4221 12.
967 4161 1070 4237 ἀκαρός
1089 4163 1156 4234 (818)
1177 4166 1311 4233 σημαίνει
1331 4157 1372 4212 τὸν

251 4253 409 4324 ἐγκέφαλον
421 4252 437 4323 ἢ
449 4255 497 4322 τὴν
511 4249 647 4325 κεφαλήν·
658 4256 766 4323 γίνεται
778 4253 809 4307 δὲ
823 4251 878 4308 ἀπὸ
893 4255 945 4308 τοῦ
955 4249 1025 4326 κύρη
1037 4255 1085 4306 καὶ
1097 4250 1143 4306 διὰ
1156 4247 1203 4304 τὸν
1211 4246 1376 4320 loquatium
