2825 4809
235 334 286 411 52
600 324 918 399 Dissuasnsro
950 326 981 397 1.

235 514 410 585 nonnullos
431 534 493 603 pro
515 513 650 603 τηΰσιος
673 516 708 581 in
732 517 861 585 duobus
882 516 1020 583 Homeri
1040 516 1122 584 locis
1143 515 1344 583 substituisse

236 616 404 707 ἐτηῧσιος,
431 615 522 703 quod
542 638 704 702 nusquam
723 619 844 705 legitur
866 620 925 685 sed
950 642 1024 685 oum
1044 618 1200 685 adverbio
1222 616 1297 697 ἔτος
1318 629 1346 684 et

231 717 375 798 ,ἐτώσιος
393 718 528 785 mirifice
550 719 715 805 congruit,
746 731 780 786 et
808 721 948 809 proinde
970 721 1119 809 τηΰσιος,
1149 742 1216 806 quo
1237 731 1345 807 poste-

235 822 338 889 riores
353 831 497 897 utuntur‚
516 819 688 908 aphaeresi
705 822 902 909 assignasse.
939 824 1076 890 Frustra
1090 808 1224 888 tricatur
1238 821 1346 891 Schol.

236 923 351 1011 Apolh
363 922 391 989 1.
409 921 502 988 1266.
525 917 704 1003 ἑλεσπίδας
725 925 812 1003 τινὲς
832 926 911 1004 τοὺς
932 920 1069 1003 ἑλώδεις
1089 921 1231 1003 τόπους·
1253 916 1348 1007 ἄμιι-

237 1051 294 1095 ιιον
320 1024 357 1093 dt
385 1024 463 1102 τοὺς
489 1018 673 1108 πετρώδεις
700 1022 796 1107 παρὰ
820 1022 857 1092 ad
884 1027 1053 1093 λέπεσθαι
1076 1020 1144 1091 ὑπὸ
1171 1027 1230 1091 τοῦ
1255 1018 1348 1112 ἡλίοο

238 1122 441 1211 τοίεᾶνέμοο
463 1122 520 1193 καί
541 1120 656 1192 ὑετοῦ·
678 1120 764 1191 ὅθεν
785 1127 842 1194 καί
863 1128 949 1213 λέπη
971 1124 1014 1193 τὰ
1035 1119 1239 1213 ἀκρωτήρια,
1262 1125 1350 1210 quod

238 1228 385 1315 ineptum
412 1235 479 1304 est3
506 1224 595 1291 illam
622 1224 852 1293 deductionem
875 1226 971 1313 παρὰ
993 1224 1031 1293 τὸ
1060 1224 1135 1303 ἕλος
1164 1225 1352 1291 confirmare

237 1329 366 1395 videtur
379 1327 567 1413 Hesychius
582 1327 719 1397 Λέσπιν
739 1325 885 1416 μεγάλην
905 1324 1051 1417 ὑδρήλην
1072 1323 1217 1421 νοτεροίν.
1260 1328 1351 1414 Ergo

239 1442 276 1498 ut
303 1430 424 1508 λίσπος
454 1452 474 1495 a
502 1431 607 1509 λεῖος,
637 1429 765 1508 θέσπις
791 1454 812 1495 a
836 1435 949 1510 θεῖος,
981 1430 1028 1495 sic
1056 1429 1174 1515 aliquis
1203 1430 1355 1515 conjiciat

240 1530 376 1610 ε’λεσπίς
392 1529 434 1596 ab
452 1530 558 1608 ἕλειος
574 1529 737 1595 deflexum
759 1553 830 1597 esse
851 1531 968 1618 spiritu
988 1532 1098 1599 lenito.
1141 1532 1244 1597 Plura
1254 1533 1355 1599 offert

237 1631 426 1719 Hesychius
437 1631 608 1715 Λίβινθοι
631 1630 801 1716 ἐρέβινθοι
821 1657 851 1698 v.
863 1634 966 1699 Proh,
979 1634 1052 1700 368.
1071 1657 1137 1719 quo
1156 1658 1177 1699 a
1190 1636 1356 1721 legumine

239 1736 378 1803 fortasse
407 1734 514 1800 dictus
545 1742 595 1797 est
622 1732 743 1799 mensis
770 1732 918 1800 Creticus
943 1738 1133 1821 Aedivdsog
1160 1737 1245 1803 sicut
1272 1739 1355 1803 alius

240 1833 445 1927 Ποανεψιοίν
470 1858 499 1902 v.
523 1836 703 1900 Hermann.
729 1834 924 1915 Grieettische
945 1839 1176 1906 Μοοολελιιοιίι
1202 1862 1281 1927 pag.
1306 1841 1356 1905 78.

240 1942 315 2027 Νῆς
334 1936 371 2004 τὸ
396 1933 472 2023 ἕνης
493 1934 580 2019 ὅπερ
603 1935 691 2003 ἐστίν
712 1931 762 2013 είς
782 1936 911 2023 τρίτην·
925 1942 1075 2023 Δωριεῖς
1092 1939 1129 2005 δὲ
1150 1944 1209 2018 νᾶς
1223 1942 1359 2026 λέγουσι

240 2062 270 2107 v.
284 2038 427 2107 Ahrena
443 2038 531 2106 Dial.
552 2038 637 2103 Dor.
653 2036 727 2102 386.
749 2037 867 2124 Ρέψος
887 2036 1050 2124 στεγάοος
1071 2062 1091 2104 a
1113 2037 1242 2105 Criticis
1262 2062 1359 2107 men·

120 2150 126 2155 “
243 2142 361 2207 dosum
391 2137 529 2206 habetur
562 2138 622 2203 sed
654 2148 853 2205 sustentatur
884 2139 956 2205 aliis
984 2141 1098 2230 Ρίφεοι
1124 2142 1361 2227 ἕστεγοισμέοοι,

177 2274 186 2281 ·
241 2244 398 2334 Eudieron
419 2236 577 2331 στεγάσῃ,
595 2242 808 2328 Συνρεφειῶν
829 2246 1021 2310 σονσκεπιόν
1043 2241 1132 2326 (sic).
1175 2244 1267 2311 Jure‘
1283 2266 1362 2309 vero

238 2344 276 2411 in
296 2341 518 2431 suspicionem
537 2350 695 2407 venerunt
713 2341 871 2419 Ρίσοντις
892 2340 1197 2433 φτλονειιιηοαντις,
1220 2339 1364 2431 Τῆτομα

237 2442 356 2535 -ἇληθῆ
375 2455 435 2511 etc.
451 2466 482 2509 v.
493 2442 620 2510 Altera
637 2442 680 2508 ad
697 2442 857 2527 Πιτίριια,
879 2440 998 2523 Διοιίις
1017 2442 1037 2531 ἡ
1056 2441 1166 2533 τροφή
1182 2445 1278 2513 Suid.
1301 2470 1366 2535 pro

242 2542 359 2637 ἐδητιίς
380 2556 415 2612 et
432 2544 547 2613 Photii
568 2544 680 2633 glossa
702 2566 801 2629 quam
822 2544 915 2632 attigi
936 2545 971 2609 in
987 2544 1107 2611 Parall.
1120 2546 1174 2611 34.
1197 2542 1367 2629 πτύσχλοι

241 2648 300 2716 κοί
322 2647 406 2716 κατὰ
429 2643 608 2737 ἀφαίρεσιν
628 2632 732 2713 roric
753 2642 906 2729 πιίχλοι,
921 2648 991 2733 jam
1008 2668 1124 2714 vereor
1142 2670 1184 2713 ne
1205 2670 1247 2713 ex
1267 2670 1369 2714 men-

242 2750 327 2817 doso
342 2748 426 2815 libro
444 2749 542 2815 ducta
561 2747 605 2813 sit
620 2745 677 2813 ubi
696 2768 796 2833 quum
812 2746 897 2815 forte
917 2746 1079 2831 πτύοχλοι
1101 2750 1258 2836 scriptum
1276 2762 1372 2816 esset

238 2874 304 2941 -pro
322 2850 501 2935 ἕπτνοχλοι
519 2850 649 2929 omissa,
671 2860 710 2914 ut
723 2872 834 2937 saepe,
856 2849 949 2915 litera
963 2849 1078 2916 initiali
1093 2853 1141 2936 ⁸),
1163 2851 1218 2916 ille
1241 2854 1373 2917 erroris

238 2953 377 3041 ignarus
393 2951 587 3041 aphaeresin
603 2961 804 3019 commentus
827 2962 877 3017 est
896 2956 956 3020 τοῦ
977 2940 1005 3018 Ξ
1048 2952 1156 3018 Addit
1169 2953 1373 3037 Hesychius

247 3056 315 3122 Ψία
339 3051 496 3140 παιγνίοι,
526 3050 685 3121 dhriddan
708 3054 854 3135 παίζειν,
882 3054 923 3118 de
947 3052 1066 3138 quibus
1090 3052 1376 3121 Hemsterhusius

244 3154 279 3221 in
299 3154 474 3223 Ruhnken.
493 3154 602 3243 Epist.
626 3154 674 3219 IL
697 3154 771 3220 214.
793 3154 839 3219 ita
862 3154 1006 3221 disserit:
1029 3169 1102 3224 suat
1124 3161 1214 3234 λστο,
1244 3157 1378 3244 inquit,

244 3260 345 3341 capite
369 3268 521 3323 cumrato
546 3277 586 3323 err
612 3275 675 3323 ιιειι
702 3259 850 3341 loquendi
875 3262 1052 3334 communi,
1081 3261 1289 3343 catharrum
1321 3265 1380 3326 irr-

245 3361 373 3441 territos
394 3344 641 3424 commatri}
665 3362 731 3425 sios
751 3359 822 3443 [leae
849 3360 914 3427 sive
938 3352 1119 3443 aspiratum
1142 3362 1253 3444 (πιησι
1284 3366 1384 3429 enim

242 3462 304 3528 hcc
319 3458 417 3541 plane
438 3459 547 3541 liquet)
572 3461 770 3545 praestirerit.
814 3458 897 3539 2Non
927 3460 1052 3546 liquere
1083 3460 1143 3540 ait,
1178 3462 1256 3547 quia
1296 3486 1383 3529 ver-

244 3557 323 3625 bum
336 3558 469 3645 quidem
485 3558 519 3624 in
535 3559 680 3646 synthesi
698 3561 869 3655 aspiratur,
887 3556 1119 3648 ἆφεψιᾶσθαι,
1132 3562 1385 3651 ε’φεψιᾶοθαι,

245 3664 503 3749 καθεψιᾶσθαι,
531 3685 650 3729 nomen
671 3686 748 3729 vero
773 3659 857 3751 ἑψίοι
880 3663 1091 3731 Grammatici
1114 3665 1221 3731 lenem
1240 3664 1388 3735 habere

247 3763 366 3829 docent
393 3784 451 3829 seu
476 3788 572 3833 usum
598 3777 771 3853 sequentes
799 3765 899 3833 hodie
922 3767 1110 3853 neglectum
1136 3790 1195 3833 seu
1215 3768 1307 3853 quia
1338 3770 1389 3837 ab

246 3860 330 3945 ἔπος
359 3864 492 3933 ductum
520 3877 682 3956 putarent.
734 3868 772 3936 Si
797 3890 890 3947 vero,
923 3878 961 3933 ut
985 3868 1232 3956 Lexicographi
1260 3874 1393 3937 nostri

242 3966 436 4054 opinantur,
467 3966 550 4056 ἑψία
578 3992 598 4034 a
622 3966 690 4058 ψιοί
720 3970 788 4036 sive
810 3968 888 4039 στία
914 3970 950 4035 id
979 3980 1029 4035 est
1053 3974 1175 4060 ψῆφος
1202 3969 1397 4057 originem

240 4262 241 4268 ,
315 4208 505 4349 &scortatio
520 4226 618 4267 errore
635 4201 814 4282 Ἐτανηλεγῆς
827 4209 1051 4284 μακροκοίμητος
1068 4208 1139 4267 Hes.
1149 4201 1246 4278 ’σπηός
1268 4203 1290 4263 ὅ
1308 4228 1399 4286 συγ.

247 4288 328 4373 γονης
365 4295 422 4358 uid.
436 4303 489 4358 eto,
1101 4337 1104 4342 ,
1157 4329 1181 4360 ,Α
1202 4329 1206 4339 .
