2825 4809
249 357 325 432 utu
538 345 860 418 DISSERTATIO
888 344 936 414 11.
980 344 1021 414 P.
1044 343 1072 412 1.

249 533 462 626 ιιλιισκύρρς.
506 535 756 622 Οοιιιριιεολίνσε
781 529 970 620 χειρόιιρος
998 542 1032 598 et
1053 531 1168 616 χείρων
1186 532 1327 621 dupliciter

249 642 384 710 affectos
405 639 535 704 dicunt:
554 640 684 724 χίρειος
694 634 903 722 χερειότερος
919 639 1072 723 σογκοιιῇ
1087 633 1143 702 καί
1159 636 1328 725 πλεονασμῷ

248 741 439 828 χιιρύνιρος
466 739 543 808 Sch
567 739 608 806 11.
637 738 723 807 XX.
751 736 826 804 436.
856 737 948 822 cujus
976 736 1072 804 aliam
1100 757 1224 802 cansam
1245 739 1330 804 reddit
1384 817 1385 830 χ

184 883 194 890 ·
248 846 451 914 Philoxenus
488 843 569 908 ΕΜ.
602 841 683 920 675,
715 839 767 930 26.
805 837 844 906 τὸ
881 837 1070 926 χειρόιερος
1095 832 1242 917 Ἡσίοδος
1268 835 1332 920 ’ίσως

250 945 389 1037 ἐποίησε
411 944 508 1028 παρὰ
529 943 567 1010 νο
589 948 702 1028 χοῖρος
723 936 771 1020 ὡς
792 942 910 1019 πλεῖος
931 938 1147 1026 πλειόιιρος,
1169 941 1225 1006 sed
1242 952 1332 1008 neutro

249 1051 329 1118 satis
354 1045 513 1135 expedita
538 1054 598 1110 est.
649 1044 706 1112 Do
737 1043 839 1110 altero
869 1042 938 1128 agit
963 1041 1174 1108 Herodianus
1193 1041 1276 1109 Mon.
1293 1043 1332 1108 t.

249 1148 347 1222 οίιδίν
366 1146 419 1230 νίς
434 1135 486 1216 ὧν
504 1147 605 1235 λῆγον
625 1144 836 1230 συγκριτικὸν
860 1146 927 1232 πρὸ
948 1149 1010 1212 σοῦ
1026 1130 1118 1212 ἰιι-τὸ
1137 1131 1163 1230 ρ
1181 1141 1245 1226 ἔχει
1267 1144 1319 1231 αλκ)

249 1251 351 1340 μόνον
364 1249 403 1317 σίν
421 1246 557 1332 χείρων·
579 1242 688 1316 αίτισν
710 1244 804 1314 δὲτὸ
826 1243 958 1326 πάθος,
979 1245 1161 1331 eodemque
1175 1244 1243 1312 loco
1262 1244 1334 1332 ponit

250 1352 416 1441 χλύσοων,
440 1349 615 1438 κρείσσων,
638 1342 784 1433 ἀμείνων
791 1397 800 1430 ,
832 1343 955 1438 ἥσσων,
983 1345 1121 1428 μείζων,
1153 1369 1231 1432 ροσε
1258 1367 1333 1431 ροισι

250 1455 305 1524 alii
326 1477 369 1520 ex
391 1451 547 1539 χλυκίιον,
569 1450 727 1536 κρανίων,
750 1449 874 1536 μεχίων
892 1459 952 1516 etc.
976 1459 1130 1534 corrupta
1148 1448 1258 1526 dicant,
1275 1469 1334 1512 oon·

252 1568 442 1624 sentaneum
464 1562 514 1618 est
533 1552 626 1618 illum
654 1550 707 1616 his
736 1551 840 1618 simile
863 1561 1065 1638 prototypon
1088 1549 1334 1620 constitissent

248 1656 385 1744 χορίων,
415 1655 468 1722 eui
497 1655 713 1742 superlativus
732 1657 886 1744 χίρισσος
911 1654 1108 1742 respondet,
1137 1653 1188 1720 vel
1214 1654 1335 1752 Ἠλείῃ

248 1757 395 1846 χερείων.
410 1817 414 1824 .
428 1757 717 1840 Quemadmodum
733 1756 901 1842 gentilicia
917 1780 937 1824 a
954 1755 1141 1823 nominibus
1159 1757 1193 1820 in
1213 1781 1268 1836 εια,
1283 1779 1334 1824 εισι

252 1861 397 1928 derivata
426 1857 669 1947 diphthongum
697 1881 797 1946 saepe
826 1859 992 1940 omittunt,
1018 1856 1219 1948 Ἡρακλεύς,
1249 1853 1336 1942 Σιμία

251 1974 313 2032 otc.
335 1962 425 2031 haud
446 1983 541 2028 secus
564 1961 842 2047 possessivorum,
864 1984 949 2048 quae
972 1983 992 2026 a
1012 1961 1157 2048 propriis
1182 1960 1216 2026 in
1229 1945 1279 2039 ἶιῖς
1295 1980 1336 2023 ex·

251 2065 403 2134 euntibus
434 2064 637 2143 derivantem,
662 2063 846 2132 terminatio
860 2065 999 2152 ,duplex
1024 2072 1091 2142 est,
1122 2073 1201 2130 una'
1218 2059 1338 2128 omnibus

249 2167 397 2258 partibus
418 2189 574 2254 expressa
587 2160 987 2246 Ναυπλίειος,Ἡλίειος,
1008 2166 1110 2232 είλετο
1131 2165 1283 2233 concisior
1298 2158 1340 2230 dd-

251 2273 310 2348 λος
330 2265 510 2346 Ναύπλιος
531 2268 664 2335 Phalar.
684 2267 793 2354 Epist.
814 2267 879 2334 IX.
903 2268 941 2337 sd
956 2265 1092 2349 Ἥλιον,
1115 2265 1268 2340 σὰἮλια
1286 2276 1340 2332 eto

248 2367 439 2454 Λικύμνιος
453 2393 521 2436 nou
537 2381 574 2436 ut
588 2372 670 2438 ratio
685 2370 794 2458 poscit
806 2372 1029 2450 Λικυμνιέιος
1045 2372 1105 2437 sed
1114 2367 1295 2455 Λικύμνιος
1308 2367 1341 2434 sic

249 2483 287 2541 ut
304 2470 459 2538 catalensis
472 2457 529 2551 ιἰἷρ
543 2473 716 2560 primariae
734 2471 885 2539 vocabuli
904 2474 990 2560 parti
1001 2474 1151 2560 proxime
1164 2474 1341 2559 adjungatur.

250 2575 375 2643 Verum
397 2573 438 2638 de
459 2572 524 2645 hoc
541 2574 821 2661 genere=copiose
844 2574 912 2640 dixi
934 2597 1036 2659 quum
1056 2585 1235 2662 praecepta
1249 2573 1342 2642 Grau·
1383 2631 1384 2664 3

249 2675 444 2742 maticorum
463 2676 649 2763 euphonica
668 2688 903 2744 commentores
921 2678 1041 2742 Parnll.
1058 2701 1091 2764 p.
1107 2679 1162 2744 25.
1175 2678 1226 2762 ¹⁸)
1269 2675 1342 2756 Qute
1383 2733 1384 2750 .

248 2777 339 2847 nulla
359 2776 549 2862 hujusmodi
567 2779 695 2846 ratione
716 2779 876 2859 nituntur,
896 2790 1051 2866 suspectu
1072 2790 1159 2846 sunt
1194 2779 1344 2863 Synoopse

156 2954 160 2962 ,
250 2879 506 2966 compositorum
528 2882 672 2967 speciem
694 2882 853 2970 praebent
881 2882 1005 2968 aliquot
1029 2881 1194 2968 Hesychii
1222 2881 1344 2967 glossaet

244 2979 450 3070 Ἀρθύσανοι
473 2977 730 3066 ἆποσχίσμαια,
753 2979 1058 3071 ἆιισβλασιήμαια,
1079 2985 1172 3070 quod
1186 2993 1271 3050 recte
1285 3003 1345 3046 cor·

251 3085 353 3155 fertur
381 3109 456 3152 cum
480 3084 641 3171 Aeschyli
668 3107 749 3152 voce
783 3080 1019 3176 ἂρειῧύσαιοι,
1055 3085 1137 3152 hneo
1170 3097 1345 3152 autemnon

250 3198 339 3254 recte
349 3187 524 3274 exponitur
535 3180 652 3273 Ἄρεος
662 3188 806 3256 θύσανοι
822 3183 925 3257 ολονιί
942 3182 1192 3271 ἄνισοχιλιμασα.
1218 3184 1347 3268 Aeschy-

250 3287 318 3354 lum
339 3289 427 3354 enim
444 3289 531 3354 viros
553 3290 653 3355 fortes
675 3311 743 3354 non
763 3288 881 3356 Martis
900 3286 1044 3354 fimbrias
1069 3289 1136 3355 sive
1168 3287 1346 3376 appendices

251 3400 289 3454 ut
310 3391 520 3457 Hermannus
542 3391 639 3457 vertit
661 3392 789 3478 Opusc.
820 3391 861 3456 Τ.
883 3391 945 3458 IV.
967 3389 1040 3456 283.
1066 3413 1206 3458 vocasse
1235 3389 1349 3456 arbitror

250 3513 312 3558 nee
327 3492 490 3558 conferam
507 3493 583 3559 huic
601 3493 682 3560 illud
699 3492 891 3560 Callimachi
905 3491 1039 3558 verbum
1058 3494 1226 3583 ζωστῆρος
1243 3488 1349 3565 Ἐνυοῦς

322 3733 366 3800 18)
383 3732 501 3787 Addere
521 3741 649 3805 poteram
666 3733 841 3800 Εἰλείθυιαν,
863 3731 940 3803 quod
958 3728 1120 3784 Rustnthius
1138 3731 1225 3786 affert
1243 3725 1348 3784 elerico

250 3818 399 3875 rhetorico.
436 3821 494 3874 Pro
515 3817 685 3890 ἐνήδρευσαν
701 3820 730 3880 te
745 3815 793 3873 τὸν
806 3815 949 3873 Ἐνυάλιον
964 3816 1053 3871 Thoe.
1067 3815 1116 3870 IV.
1130 3819 1175 3872 67.
1201 3818 1299 3890 Poppo
1314 3810 1348 3864 vel

250 3905 280 3958 sd
294 3902 439 3962 Ἐνυάλιον
452 3906 497 3961 vel
510 3903 541 3961 τὸ
556 3905 727 3962 Ἐνυαλιιῖον
743 3902 922 3961 scribendum
938 3910 1027 3974 putat.
1053 3903 1194 3960 Neutrum
1212 3902 1279 3960 alibi
1294 3896 1348 3969 legi·

250 3996 313 4058 tur;
337 4009 390 4046 nec
409 3991 498 4062 magis
519 3991 660 4062 cognitum
678 3996 839 4062 Πειραίιης,
863 3992 941 4060 quod
958 3989 1119 4062 Stephanus
1141 4009 1164 4046 s.
1183 3985 1309 4063 Πειραιίς
1324 4003 1351 4040 0¹

251 4079 371 4147 Πυραία
390 4078 495 4132 factum
515 4077 584 4132 dicit
603 4082 723 4145 Πειραία
739 4081 913 4147 Πειραιείιιχς
930 4075 998 4131 καθ’
1020 4073 1172 4149 ὑφαίρεσιν
1191 4080 1239 4147 τῆς
1256 4064 1351 4132 Husu-

251 4164 351 4229 ραίιηε.
382 4161 431 4217 Ἐν
450 4170 573 4235 ταμίαισι
591 4162 749 4234 Apollines.
771 4162 872 4216 Psalm.
893 4162 1006 4218 XXXI.
1027 4166 1067 4219 14.
1090 4164 1231 4220 incertum
1248 4181 1298 4237 pro
1315 4179 1353 4215 ια-

251 4251 351 4311 μνείνισ
364 4267 399 4304 sn
413 4267 467 4321 pro
480 4253 819 4320 εαμείαιςιιλιαμισυχιῖν
834 4265 886 4319 pro
903 4255 1086 4322 ιαμειοοχιϊν.
1113 4251 1169 4306 Pto
1184 4249 1352 4321 ἑλληνσιαμίσ
1380 4293 1381 4327 χ

251 4344 297 4403 ap.
315 4330 448 4408 Xenoph.
467 4335 574 4392 editum
592 4343 635 4392 est
652 4336 860 4406 ίλίηνοιαμιία.
974 4371 975 4374 =
