2825 4809
147 327 198 391 m
214 317 471 388 raossnasr
491 317 553 385 ar
575 317 841 388 neumausi
872 319 969 386 ox.
985 325 1010 408 s.
1025 325 1053 388 1.
1084 329 1152 400 191

150 509 211 573 llos
228 527 360 572 excurso
382 505 491 591 spatio
510 514 657 590 poteram
677 505 724 568 ad
743 505 914 596 oppositas
937 507 1100 592 prosthesi
1123 519 1155 574 et

88 607 218 696 aphaeresi
237 606 422 672 affectiones
443 605 785 692 prossohematismum
803 615 836 672 et
857 629 1030 694 apocopen
1048 619 1153 673 nans·

85 716 129 787 ire,
145 709 192 774 sed
211 708 281 793 quia
304 708 340 772 in
360 708 467 794 prima
487 707 710 793 disputatione
730 707 829 794 alpha
850 709 940 794 quod
963 708 1081 776 dieitur
1100 710 1152 774 in·

84 810 227 898 separabile
253 809 365 876 orebro
397 808 433 872 in
459 808 684 892 quaestionem
712 809 814 887 venit,
847 809 901 875 hio
929 829 989 896 pro
1019 810 1152 896 epilogo
1229 853 1232 858 -

83 913 178 977 brevem
197 910 234 976 de
252 910 316 976 lroo
337 930 458 996 genere
479 909 712 995 panicularum
736 931 918 976 sermonem
940 909 1119 995 subjiciam.

504 1177 608 1243 CAP.
630 1178 677 1244 X.

294 1319 347 1390 lle
368 1321 558 1414 particulis
584 1318 888 1415 rbsepnrabs'libur.

133 1502 235 1567 Auctis
258 1501 426 1567 doctrinae
448 1502 678 1586 grammaticae
698 1499 919 1566 instrumentis
943 1511 1072 1590 tempus
1101 1503 1150 1568 vi·
1210 1550 1213 1559 .

77 1604 143 1668 deur
164 1603 243 1669 huno
269 1602 396 1679 locum,
427 1625 526 1686 quem
552 1601 729 1668 Fisohems
760 1603 802 1668 sd
828 1603 913 1670 Vell.
935 1603 999 1668 III.
1021 1604 1151 1670 attat

76 1707 247 1769 battuanuus
279 1705 427 1770 Gramm.
448 1707 474 1789 ς.
501 1705 573 1768 120.
596 1728 629 1768 n.
652 1704 682 1769 9.
712 1705 847 1770 strictim
875 1704 1067 1790 attigerunt,
1097 1727 1149 1772 re-

77 1816 175 1870 tractare
191 1828 229 1870 ex
250 1805 383 1891 integro
406 1805 545 1883 omissis,
569 1817 727 1891 quantum
752 1805 852 1870 series
882 1827 989 1869 rerum
1017 1805 1149 1892 patitur,

76 1929 132 1988 qne
147 1906 182 1971 ab
200 1907 263 1971 illis
290 1906 422 1972 abunde
445 1906 666 1971 demonstrata
686 1917 772 1970 sunt.
820 1906 1058 1970 Particularum
1084 1906 1149 1992 igi-

75 2018 117 2083 tar,
134 2007 298 2092 dequibus
320 2008 501 2094 seriptums
523 2030 611 2086 sum,
636 2009 670 2072 in
690 2008 793 2072 latino
815 2027 963 2071 sermone
986 2006 1052 2071 duo
1075 2018 1150 2072 sunt

76 2128 172 2190 genem
190 2131 293 2173 unum
315 2131 333 2172 e
354 2107 656 2195 praepositionibus
677 2119 807 2174 oonstat
827 2127 880 2182 aa,
905 2127 949 2182 re,
972 2127 1020 2182 st,
1043 2110 1093 2174 dia
1106 2109 1148 2193 ¹),

75 2205 169 2274 alteram
188 2231 226 2274 ex
248 2209 415 2276 adverbiis
438 2214 491 2285 in,
522 2231 579 2286 oe,
607 2231 652 2276 oa.
697 2209 795 2292 Quae
817 2231 893 2274 vero
916 2209 1034 2274 Graeoi
1057 2231 1149 2275 reoe-

74 2321 168 2391 parant,
191 2311 225 2376 in
254 2325 324 2375 uno
352 2311 559 2376 continentur
588 2333 709 2396 genere
737 2309 914 2376 adverbiali
936 2311 996 2374 sed
1016 2310 1150 2376 vinount

70 2432 168 2478 amero
188 2423 218 2478 et
235 2413 413 2488 varietate3
437 2411 520 2477 aliae
542 2410 714 2477 intentioni
733 2412 955 2488 inservientes,
976 2413 1057 2478 aliae
1080 2413 1148 2500 pri-

69 2511 165 2577 raboni
202 2514 258 2579 Ab
280 2512 333 2577 his
353 2513 520 2599 incipiam.

124 2617 146 2698 i.
179 2617 206 2680 1.
255 2613 447 2680 Particulae
478 2614 652 2700 negativae
683 2616 900 2679 Buttmannus
935 2611 1017 2678 duas
1051 2614 1149 2677 sumit

67 2711 137 2779 bisse
158 2716 283 2802 speeies
306 2714 518 2801 principales,
540 2737 638 2779 unam
659 2714 829 2800 tripliciter
848 2714 1095 2800 pronunciatum
1115 2703 1148 2793 (ἶ,

66 2801 101 2892 αἶ,
115 2803 177 2883 ussi
179 2819 221 2902 ²),
240 2818 378 2882 alteram
392 2815 580 2881 uniusmodi
593 2803 647 2902 ἦ.
691 2817 753 2881 llla
764 2815 941 2884 Grimmius
956 2815 991 2881 in
1003 2815 1147 2883 Gratum.

66 2913 93 2977 Τ.
108 2917 161 2982 ΠΙ.
183 2919 254 2984 147.
279 2917 406 2984 confert
425 2916 622 2983 Germanico
648 2938 711 2992 aa,
742 2921 821 2984 olent
848 2932 880 2981 et
904 2915 1004 2984 latino
1027 2905 1146 3005 1¹an

63 3026 143 3082 satem
161 3020 271 3086 latinis
296 3040 336 3085 ne
364 3028 397 3084 et
420 3038 502 3092 non,
533 3017 652 3103 quibus
674 3019 823 3104 adjungit
844 3029 956 3082 nostra
977 3017 1149 3082 vernaoula

65 3135 102 3194 aa,
121 3140 170 3195 rso,
195 3125 298 3197 aiom,
327 3121 454 3185 literam
472 3106 499 3183 a
520 3117 672 3184 omnibus
694 3119 842 3206 stirpitus
863 3119 993 3184 insitam
1015 3127 1147 3205 putans.

62 3217 110 3281 Alii
133 3222 256 3288 aoeiunt
287 3221 339 3286 his
376 3218 498 3286 similes
529 3220 758 3286 Hebraeorum
791 3229 823 3285 et
851 3220 1009 3288 Indorum
1038 3243 1147 3287 voees.

63 3316 166 3386 Haadio
185 3323 219 3389 in
241 3321 386 3388 Tursell.
409 3320 470 3388 IV.
493 3321 545 3386 28.
575 3320 639 3386 hoo
660 3345 762 3386 unum
784 3321 998 3390 oertissimum
1020 3323 1149 3388 videtur

60 3421 195 3490 universae
218 3423 352 3511 generis
373 3419 507 3486 humani
528 3421 661 3507 linguae
686 3422 752 3488 hoo
771 3423 919 3488 innatum
941 3445 1013 3490 esse
1035 3434 1071 3488 ut
1088 3446 1147 3488 ne·

61 3522 125 3602 gotio
150 3547 207 3612 per
232 3511 394 3592 vooemir
423 3523 657 3609 exprimeretur
684 3534 783 3609 atque
813 3523 936 3590 vooalis
971 3526 1022 3589 vel
1051 3547 1148 3612 prae·

109 3741 133 3809 1)
146 3738 214 3816 Ἡμί
226 3742 257 3799 τὸ
276 3741 362 3816 ἥμισυ
380 3743 446 3798 ΕΜ.
459 3743 520 3808 1311,
534 3744 577 3798 tt.
597 3745 676 3815 qnod
693 3743 882 3800 Buttmannus
904 3745 934 3799 in
951 3747 1007 3801 hoo
1025 3751 1148 3800 tractatu

59 3836 178 3894 memorat,
197 3848 249 3884 uos
269 3829 325 3884 alio
342 3829 408 3884 looo
426 3829 590 3883 reseremus.

107 3912 130 3976 2)
145 3911 189 3968 Sio
201 3915 289 3985 vulgo
304 3917 375 3969 haee
392 3912 538 3970 scribimus
556 3911 658 3968 omisso
676 3921 795 3970 accentu
813 3923 842 3972 et
860 3915 974 3988 spiritn;
994 3917 1046 3972 sed
1063 3915 1146 3970 aliter

57 3989 167 4052 &radius
179 4019 208 4070 p.
223 4003 284 4066 181,
295 4003 339 4056 rt.
355 3996 482 4063 ὀξύνεται
499 3997 532 4054 ui
550 3995 690 4053 incrassari
708 4002 756 4052 καὶ
773 3999 913 4073 στερητικά
931 3995 1029 4072 μόρια,
1044 3997 1083 4066 ξύ,
1099 3995 1145 4068 δά,

59 4071 221 4150 tiaran,
240 4083 443 4158 νῆ,1ρί,ἆρί,
463 4080 481 4137 ἃ
499 4083 633 4138 οὐδέποτε
653 4083 721 4138 sao'
743 4082 812 4139 αὐτὰ
833 4091 969 4157 λέγονται.
1011 4085 1044 4140 In
1065 4084 1143 4138 libris

56 4158 282 4225 Grammaticorum
301 4189 386 4243 saepe
405 4170 606 4244 superponitur
623 4170 743 4236 lineola,
763 4189 819 4242 qna
838 4189 888 4226 nos
908 4187 1021 4243 quoqne
1042 4170 1146 4226 utimur

59 4260 83 4318 ¹30
96 4253 219 4319 particula
232 4256 354 4328 jurativa
373 4250 406 4326 νή
423 4265 549 4312 sumator
565 4273 617 4329 pro
634 4254 825 4328 imeparabili.
