2825 4809
244 370 318 444 358
400 354 404 359 '
528 364 849 435 msssarsrro
873 368 920 434 11.
963 369 1003 436 P.
1020 372 1066 438 11.

126 578 131 585 ·
241 546 370 641 ὑψόθι,
419 541 535 624 οἴκοθι
568 558 629 617 etc.
662 574 730 618 non
766 566 1016 641 componuntnr.
1070 556 1136 620 His
1174 557 1339 627 inconsulte

240 654 502 723 intermiscentur
534 644 642 753 31⁴th
664 650 755 752 {th
787 657 881 744 τῆλε,
919 678 1003 742 quae
1041 656 1116 743 ipsa
1153 657 1260 723 forma
1293 662 1339 727 ‹le-

241 760 340 826 clarat
376 778 444 821 non
478 776 553 820 cum
589 761 632 821 θι
655 766 687 822 et
709 778 747 822 σι
780 758 963 844 composita
986 757 1046 824 sed
1068 758 1209 824 maxime
1231 761 1338 848 simpli·
1391 796 1393 833 ;

240 860 291 927 eia
314 871 347 925 et
366 876 554 945 aparagoga
576 878 658 923 esse.
700 856 758 922 Ab
785 856 836 923 his
864 869 972 923 autem
1001 870 1233 945 processerunt
1254 859 1340 947 ἀγχοῦ

239 955 373 1048 ἀγχόθι,
397 955 489 1050 ὑψοῦ
508 952 633 1045 ὑψόθι,
656 959 758 1045 τηλοῦ
777 954 901 1047 τηλόθι
924 960 1041 1026 eodem
1053 960 1153 1025 modo
1167 971 1340 1048 atquecon·

239 1062 312 1129 silio
336 1072 372 1126 ut
391 1056 509 1149 ὕψοσε,
533 1051 687 1143 ἀγχόθεν,
709 1055 869 1147 τηλόθεν,
891 1083 1011 1149 nempe
1033 1062 1075 1126 ad
1096 1063 1271 1129 relationes
1290 1066 1340 1130 loci

239 1162 419 1229 accuratius
442 1158 653 1224 definiendas.
698 1157 817 1225 Cetera
838 1160 933 1225 etiam
957 1162 1080 1227 leviora
1099 1174 1176 1228 sunt
1197 1176 1232 1230 et
1252 1166 1340 1231 levio-

237 1289 309 1332 rum
330 1273 514 1329 auctorum:
536 1258 575 1327 τὸ
598 1262 722 1347 κρῆθεν
743 1260 846 1348 φασὶν
867 1254 937 1328 ἀπὸ
954 1267 1015 1329 τοῦ
1029 1259 1194 1352 κάρηθεν·
1216 1261 1341 1333 δύναται

238 1364 355 1434 δὲκαὶ
378 1358 447 1431 clad
474 1364 532 1427 τοῦ
554 1354 744 1449 καρητόθεν
766 1353 853 1427 εἶναι
878 1363 956 1430 Seh.
985 1366 1025 1430 ΙΙ.
1047 1366 1145 1434 XVI.
1167 1364 1241 1432 548.
1266 1371 1340 1453 qnod

237 1469 307 1533 sine
324 1488 425 1533 causa
445 1463 587 1549 fingitur.
630 1463 675 1529 Et
697 1484 739 1526 ex
760 1462 887 1529 duabus
903 1465 1068 1531 Eustathii
1091 1469 1261 1533 sententiis
1282 1470 1339 1548 786,

234 1569 288 1635 30.
313 1567 351 1634 τό
374 1560 506 1633 νειόθεν
529 1564 759 1651 συγκέκοπται
785 1562 822 1629 ἐκ
847 1570 907 1632 τοῦ
934 1563 1124 1648 νειατόθεν,
1155 1567 1186 1635 εὶ
1212 1570 1259 1658 μὴ
1285 1566 1339 1655 dos

175 1680 179 1685 ’
236 1666 273 1738 ἐκ
294 1670 353 1735 τοῦ
385 1669 473 1743 νεῖος
497 1676 570 1729 utra
597 1664 708 1750 potior
734 1663 792 1741 sit,
821 1666 876 1729 vix
902 1668 1023 1754 ambigi
1045 1679 1165 1757 potest.
1210 1672 1339 1758 Apollo·

232 1771 306 1837 nius
328 1790 405 1835 vero
429 1788 497 1833 non
519 1766 625 1832 solum
647 1764 802 1829 adverbia
826 1788 909 1851 elnae
930 1769 1039 1835 locum
1061 1772 1262 1857 significant,
1289 1775 1340 1839 ista

232 1872 360 1938 ratione
379 1869 528 1935 emolitur
550 1867 610 1933 sed
631 1867 729 1931 etiam
752 1866 832 1931 alia:
862 1868 957 1955 παρὰ
980 1871 1040 1958 την
1065 1868 1159 1959 ἰνόφι
1178 1874 1291 1961 φωνὴν
1308 1874 1338 1941 τὸ
1391 1900 1393 1907 ·

231 1967 287 2062 ἶφι
310 1965 490 2059 σονεκόιτη·
503 1967 551 2067 τὸ
577 1967 691 2053 μέντοι
712 1962 816 2055 νόσφι
835 1967 922 2054 πρός
937 1968 1032 2037 ἕνιίον
1046 1970 1153 2050 ottae
1165 1970 1339 2043 ἀπεδίδοτο

231 2073 287 2141 ὅτι
312 2070 409 2159 παρὰ
432 2068 470 2137 τὸ
499 2094 536 2135 νο
564 2068 759 2156 στερητικὸν
787 2068 844 2135 καὶ
867 2068 906 2134 τό
939 2069 1088 2138 ἕπεσθαι
1118 2097 1152 2161 p.
1178 2076 1252 2141 608.
1294 2079 1340 2143 De
1392 2072 1393 2119 t

229 2174 286 2241 illo
317 2171 555 2261 adstipulantur
585 2167 838 2235 Ohoeroboscus
874 2169 969 2238 Orth.
999 2172 1073 2237 224.
1104 2186 1137 2239 et
1162 2176 1273 2243 Schol.
1301 2181 1337 2243 A.
1391 2176 1393 2205 l

230 2276 273 2341 ad
294 2276 333 2342 Il.
356 2276 383 2340 Ι.
408 2273 479 2338 151.
501 2268 534 2351 ἴς
557 2265 743 2371 ἶνός-ἰνόφι
767 2265 812 2348 ὡς
838 2267 962 2351 χαλκός
981 2276 1106 2354 χαλκοῦ
1124 2271 1274 2366 χαλκόφι
1290 2281 1338 2344 καὶ
1391 2252 1393 2358 l

229 2376 316 2444 κατὰ
338 2373 509 2462 σοχκοιτὴν
530 2374 589 2461 τῆς
609 2397 646 2438 νο
668 2364 734 2459 ἶφι.
767 2372 890 2439 Verum
909 2373 973 2439 hoe
991 2396 1011 2438 a
1027 2372 1176 2465 χαλκόφι
1188 2389 1220 2443 et
1231 2380 1338 2445 ceteris

157 2494 160 2501 ·
230 2501 313 2565 quae
347 2498 419 2543 cum
450 2473 582 2540 nomine
611 2472 795 2558 composita
825 2485 917 2551 sunt,
958 2474 1131 2561 dupliciter
1165 2479 1337 2568 discrepat3

113 2571 115 2576 ’
228 2580 369 2667 primum
390 2576 481 2663 quod
500 2596 669 2660 nunquam
691 2574 821 2639 asciscit
837 2566 864 2641 ἶ
878 2598 1082 2662 paragogum
1098 2588 1135 2641 ut
1149 2584 1337 2669 voiptvetc.

227 2688 296 2745 tum
317 2679 407 2765 quod
431 2678 577 2763 synthesi
599 2686 712 2763 aptum
734 2687 793 2752 est,
813 2669 976 2765 Ἰφικλῆς,
996 2673 1191 2762 Ἰφιγένεια,
1215 2680 1338 2768 ι’φιχέν-

225 2806 337 2869 νητος,
368 2774 602 2867 ἷφικτόμενος,
638 2776 697 2842 sed
719 2778 853 2842 nomina
872 2800 947 2843 cum
968 2777 1094 2864 syllaba
1111 2769 1339 2868 &conjuncta

225 2904 293 2948 non
314 2889 561 2969 praeponuntur
585 2878 657 2942 aliis
664 2902 673 2954 3
703 2900 779 2942 nam
805 2874 1045 2967 λιβοαφιχενης
1070 2903 1204 2966 prorsus
1231 2884 1339 2971 singu-

223 2984 290 3049 lare
312 2993 362 3048 est
384 2993 416 3048 et
436 3006 504 3047 non
527 2980 662 3045 minoris
684 2980 831 3045 miraculi
850 3002 948 3065 quam
968 2979 996 3043 si
1014 2980 1087 3064 quis
1105 2982 1339 3074 λιβοαθεχενής

222 3086 274 3150 vel
294 3078 520 3172 θηβησιχενης
541 3081 650 3147 dicere
671 3081 881 3170 periclitetur,
904 3102 988 3165 quae
1010 3103 1107 3146 nemo
1123 3104 1198 3147 eum
1215 3084 1338 3172 ε’μσρο-
1390 3075 1391 3108 ³

222 3181 414 3271 σθοφανης,
439 3177 679 3271 ὀπισθοφανής
701 3183 945 3268 comparaverit.
990 3184 1042 3247 Ae
1062 3182 1199 3249 forsitan
1220 3186 1335 3271 Ibyeus
1390 3253 1392 3258 ,

221 3306 263 3350 ne
284 3307 363 3350 usus
387 3284 519 3368 quidem
541 3294 591 3349 est
609 3284 809 3349 nominativo
831 3284 888 3349 illo
913 3283 973 3349 sed
996 3284 1103 3351 dativo
1125 3288 1260 3373 pluralis
1277 3312 1334 3352 nu-

220 3386 301 3451 meri
327 3386 598 3473 λιβοαφιχένεσσι
630 3406 690 3471 pro
723 3387 958 3471 λιβοοφενέσφι
988 3409 1048 3472 per
1080 3381 1274 3454 metathesin
1299 3400 1335 3453 nt

218 3486 418 3553 homericum
442 3483 654 3571 ἰθαγενέεσσι
680 3486 882 3571 aliquantum
902 3486 1052 3553 variaret.
1096 3490 1214 3574 Itaque
1236 3491 1335 3577 magis

221 3588 380 3674 sequendi
401 3586 552 3652 videntur
572 3588 629 3673 qui
647 3580 704 3676 ἶφι
723 3588 919 3674 adjectivum
933 3610 1006 3653 esse
1018 3600 1165 3655 statuunt
1180 3603 1217 3656 ut
1228 3592 1334 3659 Schol.

218 3689 316 3776 Lips.
339 3689 382 3753 ad
404 3689 442 3754 ll.
464 3690 506 3767 Υ,
528 3689 602 3755 556.
625 3686 706 3773 λ’φια
729 3684 859 3776 ἰσχυρά,
890 3678 969 3777 οὗη
997 3684 1116 3757 εὐθεῖα
1142 3690 1182 3759 τὸ
1205 3686 1259 3780 ἶφι
1278 3695 1333 3759 τοῦ

218 3785 314 3878 λ’φιος
336 3791 377 3855 τὰ
400 3784 490 3878 λ’φιοι,
514 3800 546 3855 et
565 3790 769 3869 Eustathius‚
795 3790 851 3876 qui
871 3812 1042 3855 numerum
1064 3792 1262 3877 singularem
1280 3786 1332 3879 ἶφι

218 3890 356 3976 θρέμμα
378 3892 472 3977 ponit
492 3890 633 3970 582,12.
657 3892 710 3957 cui
734 3892 887 3958 convenit
907 3890 1122 3957 masculinum
1135 3887 1226 3983 Ἶφις
1239 3886 1335 3973 ταχός

216 3989 315 4057 Phot.
328 3993 359 4075 ὅ)
406 3992 475 4059 Sed
500 3993 567 4059 sive
590 3991 780 4059 adverbium
802 4003 852 4059 est
877 3986 933 4081 ἶφι
963 3993 1030 4059 sive
1060 3995 1255 4079 adjectivum
1275 3992 1332 4057 ad-

290 4227 315 4287 5)
329 4211 483 4282 Nereidum
500 4246 557 4283 una
577 4244 593 4281 a
611 4226 737 4283 Lucieno
751 4226 918 4299 Ἰφιάνασσα
937 4237 1063 4298 vocatur,
1083 4233 1119 4286 ab
1140 4233 1263 4287 Homero
1278 4222 1335 4281 ’1ιί-

219 4321 309 4360 νασσα
321 4327 403 4365 soror
414 4313 535 4380 Ianirae‚
550 4332 669 4384 quorum
681 4313 765 4368 trium
774 4313 920 4369 nominum
931 4316 1052 4372 fortasse
1064 4336 1152 4373 unum
1165 4326 1209 4373 est
1220 4325 1330 4389 etymon
