2825 4809
476 280 488 316 ἱ

115 384 164 450 nn
180 377 293 445 nnus
312 374 550 445 smoorm
576 375 853 444 onunnmus.
877 375 916 443 ο.
933 376 961 441 1.
980 376 1047 461 ιε.
1070 382 1147 457 353
1211 376 1216 383 ’
1251 411 1254 418 .

79 560 252 651 raimondo,
281 584 420 648 quorum
448 560 617 627 nominum
647 570 821 647 utrumque
849 562 884 626 in
910 583 973 626 usu
1001 575 1149 632 versatur

77 664 234 733 sedalterius
248 664 340 751 origo
357 674 437 729 nota
456 673 514 741 est,
532 662 663 728 alterius
685 662 861 749 opinabilis
874 658 958 751 ιιιδή
975 662 998 729 i.
1010 688 1042 750 q.
1054 663 1145 756 πηγή

76 780 101 833 ut
113 762 191 855 αίγλη
211 762 362 855 αἷγλήεις,
387 759 470 854 αὐδή
491 758 636 854 αὐδήεις,
655 760 737 853 σιμή
752 760 882 853 τιμήεις
899 775 959 831 etc.
982 766 1146 834 indidem·

77 892 122 955 que
138 862 234 935 ιιιδιίιο
256 876 289 933 et
308 864 420 933 πιδύιο
442 866 464 930 i.
488 890 520 952 q.
543 863 684 954 πηγοίζιο
704 888 735 931 v.
758 866 1011 953 Techn.10‘l.⁸)
1051 869 1148 953 Quo-

73 970 145 1035 modo
163 968 290 1053 igitura
312 962 431 1055 φοινός
451 968 553 1033 oritur
575 963 735 1056 φοινήεις,
757 990 777 1031 a
798 965 915 1055 φοίνιξ
934 992 1011 1034 vero
1035 997 1147 1060 φοινι-

72 1067 149 1147 ιίεις,
179 1070 221 1134 sio
247 1070 375 1134 illorum
411 1069 644 1155 adjectivorum
669 1068 768 1155 stirps
801 1068 915 1133 ultima
943 1072 1058 1137 eadem
1087 1072 1148 1141 sed

73 1170 191 1236 derivatio
211 1172 348 1237 discreta
369 1180 428 1236 est.
471 1172 556 1237 Item
579 1170 721 1257 syllabae
744 1157 810 1259 φἰῗ
813 1171 999 1259 exemplum
1017 1174 1151 1239 affertur

71 1274 183 1337 unicum:
207 1270 367 1361 γλαφυρίς
394 1271 453 1339 καὶ
479 1274 565 1339 κατὰ
597 1270 767 1359 σογκοπήν
797 1271 923 1357 γλαρίς,
949 1266 969 1339 ὃ
994 1272 1150 1360 σημαίνει

73 1371 159 1461 σμίλην
183 1365 203 1461 ἢ
229 1371 319 1462 ῥίνην
345 1366 366 1462 ἢ
395 1367 524 1460 ίίραγηιια
554 1374 630 1457 (scr.
665 1365 783 1459 ίίραγα)
810 1374 890 1440 ΕΜ.
918 1374 998 1453 233,
1028 1376 1058 1440 8.
1111 1376 1150 1445 Si

71 1476 128 1540 dctis
145 1474 233 1541 rebus
253 1475 348 1539 inniti
369 1474 459 1553 libet,
483 1498 543 1562 pro
566 1473 728 1563 γλαφυρίς
750 1474 981 1541 assumendum
1006 1488 1055 1543 est
1075 1500 1149 1543 ver-

71 1575 124 1639 bum
141 1570 232 1661 γλοίιο,
251 1572 390 1663 γλιίηνιο,1
403 1576 491 1642 unde
513 1574 595 1641 illud
617 1573 852 1661 lapidariorum
870 1600 990 1645 nomen
1009 1579 1150 1666 produci

70 1677 147 1762 potuit
163 1686 196 1741 ut
214 1700 233 1741 a
254 1673 352 1761 σμοίοι
375 1675 505 1766 σμηρίς.

130 1782 150 1863 ξ.
170 1780 198 1843 2.
241 1778 530 1861 Quemadmodum
543 1778 692 1844 nonnulli
710 1778 871 1864 adjectivo
883 1777 1054 1868 κερατόεις
1066 1784 1150 1853 duas

69 1880 147 1944 literas
166 1881 343 1947 decessisse
366 1890 537 1967 putarunt,
570 1881 618 1946 sio
648 1880 744 1946 etiam
771 1882 852 1949 ΕΜ.
874 1882 956 1961 550,
983 1885 1036 1951 20.
1059 1892 1151 1966 κῶας

70 1976 166 2058 κιόντος
184 1981 240 2047 καὶ
261 1986 447 2069 παραγωγῇ
468 1979 651 2049 κιοαιίδιον
673 1980 730 2047 καὶ
748 1986 899 2071 σογκοπῇ
920 1988 979 2051 τοῦ
1002 1975 1047 2053 (ᾖ
1067 1985 1150 2054 κιοί-

70 2081 131 2159 ὀιον,
151 2084 236 2167 quod
265 2094 357 2171 patet
387 2082 537 2171 proxime
560 2104 579 2145 a
601 2084 668 2159 κῶς
697 2082 831 2148 ductum
856 2106 945 2162 esse3
975 2097 1009 2152 et
1038 2088 1150 2155 Schol.

69 2178 125 2264 Lyc.
142 2184 209 2249 247.
234 2178 346 2270 ἷίμμος
367 2186 520 2273 σογκοπῇ
541 2182 576 2249 ἐκ
595 2188 656 2249 τοῦ
667 2176 814 2268 draucos,
842 2188 932 2272 quod
944 2210 1152 2276 paragogum

70 2290 149 2347 estut
173 2281 343 2370 ψοίγιαθος
370 2308 400 2351 v.
423 2287 524 2352 Proll.
548 2286 600 2352 35.
628 2285 797 2372 nihiloque
827 2289 1045 2376 opportunius
1075 2293 1176 2369 defga

66 2378 141 2471 βήρης
166 2380 182 2453 ὁ
206 2382 370 2472 ὄύςβασος
398 2386 492 2472 παρὰ
521 2386 559 2455 τὸ
590 2384 794 2478 δαςβατήρης
823 2389 858 2456 ἐν
890 2396 1041 2480 σογκοιιῇ
1069 2392 1151 2459 ΕΜ.

66 2484 120 2563 291,
137 2488 183 2553 43.
211 2489 296 2556 illud
325 2488 410 2553 enim
437 2489 506 2554 sinc
534 2488 635 2555 dubio
664 2490 824 2555 aeolicum
852 2501 902 2556 est
928 2515 989 2579 pro
1012 2494 1153 2582 δι’ςηρης

64 2584 78 2648 1'·
95 2610 118 2672 q.
139 2586 304 2679 δαςχερής,
329 2590 382 2657 cui
406 2592 603 2658 contrarium
630 2586 747 2680 εὐήρης
766 2620 806 2646 =
827 2585 968 2681 εὐχερής.
1011 2595 1153 2680 Epsilon

65 2702 289 2777 consequente
315 2696 352 2758 νῦ
375 2693 522 2758 destituit
548 2714 663 2758 vocem
695 2714 714 2754 a
736 2691 889 2757 Leonida
910 2692 988 2759 Tar.
1018 2693 1051 2757 in
1079 2694 1152 2781 epi·

63 2810 168 2873 gramm
189 2794 301 2860 rictam
322 2789 597 2879 drrorrcdpu'dtoss·
618 2816 695 2859 nam
717 2803 753 2858 ut
780 2818 800 2858 a
824 2788 952 2882 ποιμήν
975 2794 1154 2880 ποιιιένιος

65 2892 96 2955 sic
113 2916 129 2957 a
147 2892 284 2984 πυθμήν
299 2898 389 2981 juste
414 2908 447 2962 et
475 2919 516 2961 ex
538 2896 653 2961 ordine
676 2896 858 2961 derivatum
882 2905 932 2960 est
953 2898 1153 2979 πυθμένιος,

63 2994 127 3060 unde
146 2994 284 3083 amplius
308 2998 446 3085 produci
469 3007 599 3084 poterat
620 2993 845 3081 παθμενίδιος
864 3006 902 3061 ut
934 2987 1076 3083 ίίρθριος
1097 2992 1155 3080 ὀρ·

64 3093 171 3180 θρίδιος
190 3100 295 3166 Proll.
317 3100 391 3166 356.
426 3100 486 3165 sed
518 3123 538 3164 a
565 3120 662 3163 versu
689 3098 864 3184 respuitur.
899 3086 1154 3187 Literarump‘v

48 3194 195 3265 delectum
217 3202 432 3270 Grammatici
451 3224 518 3267 non
536 3200 778 3266 inobservatum
788 3199 1006 3284 reliquerunt:
1026 3197 1153 3291 Μέσση

63 3299 125 3366 κατὰ
145 3300 312 3393 σογκοιτήν
334 3303 449 3393 steph.
473 3303 526 3369 cui
546 3302 718 3369 Berkelius
742 3294 936 3388 ἄποκονιήν,
958 3310 996 3366 ut
1017 3324 1039 3366 a
1059 3301 1154 3369 Stra·

63 3394 125 3467 bone
139 3416 280 3485 vocatur,
305 3405 473 3493 supponit,
498 3405 557 3471 sed
584 3413 616 3470 ct
638 3403 749 3471 Schol.
773 3404 812 3467 11.
837 3402 884 3467 Π.
906 3402 981 3468 581.
1009 3400 1156 3493 Μέσσην

63 3497 103 3585 τὴν
119 3504 295 3595 Μεσσήνην
317 3507 406 3594 λέγει
430 3502 604 3597 συγκόψας
624 3503 664 3573 τὸ
688 3498 804 3589 ὄνομα.
853 3504 952 3572 Valet
971 3526 1049 3571 vero
1069 3526 1155 3571 neu-

63 3644 369 3665 '‘Q-—

112 3722 136 3791 3)
147 3725 225 3781 Euat.
240 3728 301 3792 ⁶97,
314 3726 356 3780 33.
378 3723 407 3780 τὸ
420 3721 530 3781 modam
546 3720 608 3779 κατ’
629 3720 785 3792 ἒναλλαγίγν
805 3720 929 3792 αὶολιιιίγν
946 3725 976 3779 lu
993 3727 1042 3779 rod
1059 3724 1156 3795 πηδᾷν

64 3810 143 3872 γίνεται
153 3810 204 3884 ἀφ’
219 3802 254 3868 cd
267 3816 315 3866 καὶ
326 3806 464 3867 πιδιίεσσα
475 3809 491 3881 ἡ
503 3807 645 3882 κάθυγρος
656 3813 703 3863 καὶ
715 3805 842 3877 Πιδιίιης.
862 3809 921 3864 sed
932 3805 1040 3870 πιδίεις
1048 3826 1154 3881 repug-

65 3900 112 3973 m-
106 3897 196 3951 canoni
215 3896 248 3954 ut
264 3902 303 3960 εἰς
313 3885 359 3960 'a’e
372 3895 586 3971 μετοασιοισιιιιὰ
603 3897 759 3966 ἐπιδέχεται
777 3901 849 3967 τρεῖς
865 3890 1044 3968 παραλὴξιις·
1062 3891 1079 3961 ἢ
1096 3892 1155 3970 γὰρ

63 3979 88 4045 τῷ
98 4002 111 4048 η
120 3980 302 4056 παραλήγειαι
314 3980 330 4051 ἢ
343 3972 417 4055 σῷα,
430 3989 553 4045 σπανίως
564 3982 596 4037 δὲ
608 3984 645 4053 τῷ
658 3970 680 4037 ιιι
693 3981 760 4035 ΕΜ.
774 3980 817 4047 34,
827 3982 871 4034 34.
900 3980 958 4035 Pro
969 3976 1111 4053 βαρύεσσα
1122 3980 1155 4039 in

63 4060 225 4124 Andromeni
238 4069 366 4125 versibus
379 4070 479 4137 Galen.
498 4068 531 4123 Τ.
545 4066 624 4122 XIV.
638 4068 680 4122 40.
695 4065 787 4121 facilis
806 4073 850 4121 est
862 4065 1000 4121 correctio
1012 4060 1156 4141 βιιρόεσσαι

63 4146 174 4226 &duodus
190 4164 221 4210 ut
238 4154 366 4227 γλοιιόεις
381 4173 408 4211 r.
428 4154 531 4210 Parall.
551 4155 609 4207 335.
627 4160 687 4208 not.
708 4154 749 4207 ld.
769 4148 881 4206 Σύεσσιι
895 4151 970 4207 idem
990 4168 1052 4205 erae
1073 4151 1155 4221 quod

61 4228 153 4293 Ὑόεσσα
164 4240 233 4296 nihil
246 4250 291 4297 est
302 4242 380 4313 quod
391 4259 442 4296 nos
456 4242 570 4296 credere
584 4238 690 4311 adigat.
699 4236 743 4292 'Iol
755 4233 953 4292 Καλλιθίεσσιι
964 4236 1034 4291 Ηει.
1048 4239 1156 4292 allal-

62 4320 123 4393 λιθίη
133 4326 286 4383 derivatum
298 4326 411 4384 videtur
423 4334 454 4383 ut
466 4322 601 4400 Πασιφάη
614 4320 809 4398 nauantem.

98 4411 220 4464 Lobeek,
234 4416 327 4457 Pathol·
900 4409 943 4475 23
