2825 4809
192 311 268 387 284
487 301 809 373 DISSEBTATIO
831 302 879 368 IL
921 300 1014 367 Rl.

194 489 332 557 traditur
354 488 389 553 iu
408 487 490 555 ΕΜ.
511 486 587 565 466,
617 488 668 553 13.
696 482 817 571 ἴσαμεν
845 482 943 571 ἴσμεν
967 483 1028 553 καὶ
1056 487 1166 573 τροπῇ
1196 478 1313 568 ἴδμεν·

193 584 221 683 ἢ.
237 591 274 659 ἐκ
296 593 354 658 τοῦ
384 584 467 657 εἴδω
490 582 509 655 ὁ
535 583 688 675 δεύτερος
714 581 873 674 ἀόριστος
900 582 975 654 ἴδον
999 582 1117 670 ἴδομεν
1143 581 1262 669 ἴδμεν,
1292 577 1314 672 ἢ

195 692 234 761 ἐκ
260 694 318 759 τοῦ
350 682 444 767 οἴδα,
475 710 561 775 quae
589 688 700 776 potior
727 688 869 757 habena
894 687 1068 754 sententie.
1109 684 1316 772 Apollonius

194 788 292 878 ἴδμεν
313 789 427 857 coristi
448 789 523 857 loeo
553 791 706 877 posuisse
728 790 858 857 videtur
877 789 939 858 IV.
962 788 1057 855 1075.
1085 783 1220 874 Αἰήτης
1242 778 1314 853 οἴετ’

196 884 239 980 ἴιρ
260 890 349 959 ναίει
369 889 486 975 σχεδὸν
506 883 587 959 εἴτε
602 918 637 959 τι
658 889 755 976 ἴδμεν
771 887 907 979 Αἴήτην
931 884 1007 958 ἀλλ’
1039 882 1112 957 οἷον
1136 881 1317 971 ἀκούομεν,

196 994 257 1061 sed
277 993 377 1079 vulgo
406 992 495 1059 idem
517 1003 568 1059 est
594 1003 693 1080 etque
721 988 872 1077 οἴδαμεν.
920 992 986 1057 Ηίε
1014 989 1148 1055 nddimr
1173 981 1319 1074 ἐληλοά-

195 1100 308 1179 θαμεν
329 1092 389 1161 καὶ
411 1098 562 1182 cerr-engi
584 1090 803 1184 εἰλήλουθμεν
815 1093 982 1172 mm,
997 1094 1114 1170 43.²¹)
1134 1082 1319 1173 Ἄνωγμεν,

197 1196 290 1283 quod
307 1194 411 1261 nostri
423 1194 636 1263 Grammatici
658 1218 700 1262 cx
722 1197 767 1261 Η.
790 1198 892 1261 Hem.
917 1195 1068 1272 nffenmt,
1090 1192 1138 1257 illi
1158 1192 1321 1277 ignorent

197 1318 259 1365 nec
282 1306 405 1363 certum
429 1308 481 1363 est
498 1308 606 1363 utrum
622 1297 807 1385 ,perfectum
828 1298 872 1363 sit
892 1320 934 1362 an
951 1316 1111 1384 praesens
1124 1304 1163 1359 nt
1177 1291 1319 1383 φέρμεν.

200 1397 324 1469 Omnia
346 1407 454 1463 cutem
478 1410 649 1484 poetarum
678 1410 755 1465 sunt
775 1399 912 1486 propria
939 1408 1069 1486 praeter
1089 1392 1202 1479 ἴσμεν,
1232 1388 1318 1470 ἴστε,

196 1494 285 1577 ἴσθι,
308 1498 428 1584 quibus
454 1496 709 1567 Ohceroboscus
730 1500 811 1567 Can.
835 1501 884 1567 IL
909 1501 992 1566 894.-
1013 1498 1124 1566 Gruun
1144 1496 1211 1563 IV·
1240 1492 1318 1570 395,
1387 1539 1389 1554 τ

196 1599 228 1665 5.
251 1600 425 1687 praestruit
447 1600 559 1667 dorica
577 1598 706 1688 ἴσαμεν,
729 1599 836 1682 ἴσανε,
857 1598 971 1669 ἴσαθι.
1012 1595 1317 1683 Dialectivulgcds

197 1702 393 1788 contagione
415 1703 560 1789 corrupti
579 1704 727 1769 nonnulli
748 1705 840 1790 quod
854 1704 897 1769 de
909 1698 1043 1789 ἔοιγμεν
1051 1701 1149 1778 vaiet,
1171 1707 1315 1764 mustu-

195 1803 304 1872 lerunt
323 1803 513 1869 adverbum
536 1828 672 1892 purum:
689 1805 730 1875 τὸ
749 1799 978 1895 πληθυντικὸν
1004 1806 1064 1869 τοῦ
1085 1800 1184 1869 δέδια
1205 1798 1317 1887 Ὅμη-

197 1928 255 1992 ρος
276 1902 362 1971 κατὰ
383 1904 551 1994 συμκοιτὴν
570 1901 645 1977 εἶπε
670 1905 819 1991 δείδιμεν
838 1903 898 1972 καὶ
914 1899 1136 1973 ὑπεδείδισαν
1157 1900 1274 1987 Epim.
1288 1899 1318 1965 Ι.

198 2005 270 2083 120,
292 2004 324 2071 5.
350 2004 478 2073 Eedem
498 2007 553 2073 via
576 2007 703 2075 aberret
722 2008 803 2075 ΕΜ.
826 2007 899 2085 121,
920 2008 974 2073 32.
1005 2000 1141 2094 ἀπῇμεν
1161 1996 1238 2069 ἀπὸ
1259 2004 1319 2067 τοῦ

195 2098 241 2195 ᾖα
262 2099 369 2193 ᾔομεν
388 2111 539 2197 συμκοιιῇ
561 2101 652 2198 ᾖμεν.
695 2108 889 2175 Ceterorum
908 2107 1095 2195 temporum
1109 2104 1209 2169 unius
1226 2100 1320 2169 verbi

197 2202 324 2275 ἐλαύνω
346 2206 486 2275 coriscus
507 2210 572 2275 huc
594 2210 746 2275 convenit
766 2207 865 2277 ἔλσαι
875 2207 915 2276 τὸ
934 2203 1116 2275 σννελάσαι
1131 2202 1223 2271 κατὰ
1239 2226 1320 2290 συγ-

197 2303 305 2396 κοπήν
324 2308 403 2374 ΕΜ.
415 2310 489 2388 333,
510 2312 560 2377 13.
579 2303 704 2399 ἥλσατο
726 2314 808 2397 βοῦς
828 2304 962 2397 Ἴβυκος
985 2307 1082 2395 παρὰ
1103 2306 1144 2374 τὸ
1164 2300 1320 2393 ἠλάσατο

195 2409 271 2487 428,
290 2409 343 2475 27.
386 2410 475 2477 ΠΙυδ
496 2412 577 2478 elios
599 2413 643 2477 ad
664 2407 744 2479 εἴλω
765 2412 834 2479 sive
854 2410 940 2479 ἐλλω
967 2409 1119 2477 retulisse
1140 2406 1321 2492 cognosci·
1389 2450 1390 2483 ,

196 2521 249 2577 tur
270 2532 312 2577 ex
334 2510 412 2581 Sch.
435 2514 479 2579 A.
501 2513 541 2579 11.
564 2513 629 2579 XI.
650 2515 727 2581 413.
750 2511 918 2600 ψιλωιέον
938 2510 980 2579 τὸ
998 2509 1115 2588 ἴλσαν,
1146 2508 1243 2594 qued
1261 2506 1320 2592 qui

114 2678 117 2693 ,
197 2611 298 2681 ἴλσαν
319 2612 515 2692 scribebant,
538 2615 718 2702 aspiratum
737 2613 834 2683 εἴλέω
856 2612 1000 2699 amplexi
1020 2621 1106 2677 sunt
1150 2610 1223 2677 Sed
1241 2631 1318 2675 ver·
1389 2662 1390 2667 1

195 2712 275 2779 bum
297 2714 456 2799 Ibyeeum
477 2737 643 2804 syncopae
663 2716 873 2781 manifestum
890 2724 1000 2792 estet,
1023 2713 1115 2799 qued
1124 2710 1318 2779 Simonides
1389 2786 1390 2791 ρ

196 2814 368 2901 scripsisse
389 2814 533 2895 videtur,
562 2814 734 2905 devitante.
776 2816 898 2884 Nescio
927 2838 995 2902 quc
1020 2825 1145 2880 vertum
1170 2813 1261 2877 illud.
1280 2812 1320 2876 in
1389 2874 1390 2880 ,

197 2916 286 2985 (iud.
315 2916 396 2995 546,
433 2918 485 2984 32.
511 2912 655 3006 ἀφεῖσαν
683 2918 722 2985 ἐκ
745 2923 806 2986 τοῦ
836 2918 883 2986 ἐῶ
902 2914 943 2985 ιδ
965 2918 1121 3002 συγχωρῶ
1143 2908 1164 2980 δ’
1185 2911 1318 2997 μέλλων

194 3012 297 3097 ἐάσω,
322 3020 380 3084 τοῦ
400 3011 559 3105 ἀορίστου
579 3016 619 3087 τὸ
637 3016 750 3106 τρίτον
770 3023 837 3087 τῶν
857 3019 1094 3105 πληθυντικῶν
1113 3010 1234 3081 εἴυισαν
1257 3013 1319 3079 καὶ

196 3116 231 3184 ἐν
251 3122 404 3207 συμκοπῇ
422 3117 482 3185 καὶ
503 3117 660 3187 συνθέσει
679 3114 839 3208 ὑφεῖσαν·
860 3142 939 3183 num
955 3115 1014 3206 ἐᾷν
1031 3114 1318 3201 nequeuspirctm

194 3240 303 3305 neque
335 3242 409 3284 cum
437 3213 504 3285 ὑπό
532 3220 752 3307 conjungitur.
797 3220 912 3303 Quare
941 3220 1033 3287 illum
1069 3228 1127 3282 cut
1158 3216 1317 3282 norisium

196 3320 376 3387 secundum
407 3341 479 3385 esse
506 3320 656 3407 suspicer
688 3321 780 3389 verbi
808 3317 933 3410 ὑφίημι
958 3320 996 3385 id
1028 3328 1079 3385 est
1104 3312 1317 3400 ἐπενδίδωμι

195 3424 338 3501 cencede,
360 3432 398 3485 ut
419 3413 564 3499 ἀνεῖσαν,
589 3415 745 3509 ἀφεῖσαν,
770 3421 823 3487 vel
844 3422 986 3507 primum
1000 3419 1091 3487 verbi
1107 3417 1212 3483 affinis
1224 3417 1314 3483 unde

195 3524 316 3609 ἐζομαι
342 3522 518 3610 repetitur;
552 3522 681 3607 utrique
717 3522 804 3587 enim
830 3522 995 3589 interdum
1022 3520 1176 3587 substitui
1202 3530 1312 3607 petest

194 3624 255 3714 ἐᾷν
282 3635 319 3691 ut
347 3624 445 3690 etiem
470 3623 659 3711 Hesychius
688 3617 767 3713 ἧσεν
796 3614 908 3713 (ἧσεν)ι
933 3612 1165 3711 interpretem
1191 3617 1312 3700 εἴασεν,

195 3721 365 3805 ἐκάθισεν,
387 3736 421 3793 et
448 3728 540 3812 quod
569 3749 643 3793 cum
671 3730 742 3794 stne
770 3726 991 3814 compositum
1016 3736 1067 3792 est
1091 3728 1217 3798 διεέοο,
1245 3745 1312 3787 nen

193 3850 267 3895 raro
295 3828 427 3893 asciscit
454 3829 726 3915 significationem
748 3827 927 3894 desistendi
954 3838 987 3893 et
1020 3824 1218 3893 destituendi
1247 3824 1313 3889 sive

212 4130 216 4137 .
261 4085 305 4143 21)
319 4086 486 4155 Κέκρογμεν
497 4082 684 4135 Buttmannus
698 4079 823 4133 Grumm.
840 4080 876 4135 II.
889 4083 933 4136 24.
951 4077 1107 4151 interponit
1120 4077 1181 4131 sine
1198 4078 1260 4131 ulie
1270 4084 1311 4131 te·

194 4167 375 4232 adiectione,
393 4165 520 4222 nevimus
538 4182 606 4221 vero
623 4168 761 4235 κίνριιχθε
781 4184 818 4220 ex
839 4157 988 4239 κεκράγετε
1006 4170 1199 4233 contractum
1230 4160 1315 4236 ἐγρή-

194 4259 283 4323 γορθε
296 4272 354 4307 non
366 4251 534 4307 indicativus
547 4258 591 4307 est
603 4252 655 4307 sed
666 4249 860 4325 impenetivns.
