2825 4809
121 263 130 279 “
251 309 381 380 rto·
618 297 941 368 nmsmrnrro
970 299 1000 366 1.

249 509 326 553 nem
346 486 456 552 habet.
498 484 643 550 Facilior
665 495 716 549 eet
737 485 779 550 de
802 484 956 550 adverbio
981 505 1141 550 assensus.
1172 477 1343 568 Ντιιιεῦρος
1381 515 1382 556 ι

251 599 286 653 ct
310 586 458 671 πλευρόν
486 586 602 655 eadem
627 586 755 652 ratione
782 588 958 671 conjuncta
980 595 1056 650 sunt
1082 607 1147 670 qua
1172 583 1301 648 latitudo
1319 596 1344 649 et
1381 569 1382 655 l

204 709 208 713 ’
249 689 337 752 lctrrs
357 686 679 774 brachyparalecton,
699 710 740 754 ac
758 711 879 754 nomen
900 709 1056 774 graecum
1080 685 1132 751 vel
1157 707 1199 750 ex
1221 682 1343 750 πολίω
1381 687 1382 736 ³

251 813 312 872 ρον
331 799 534 856 contractum
554 790 667 855 dicunt
686 789 741 854 vel
760 789 858 872 παρὰ
881 789 919 854 τό
943 789 1058 855 πέλειν
1079 781 1158 872 εόρό
1184 784 1287 870 Epim.
1306 786 1342 850 H.
1381 799 1382 818 ³

249 889 324 954 399.
347 890 408 955 sed
429 892 666 976 acquiescimus
687 890 724 955 in
745 888 926 977 prostlresi;
949 911 1028 952 nam
1041 887 1089 951 sic
1103 887 1213 972 potius
1227 886 1344 950 dixerim
1381 899 1382 912 ¹

250 1011 349 1074 quam
370 990 575 1077 aphaeresin.
616 992 810 1076 Eademque
831 990 984 1056 convenit
1004 990 1047 1054 ad
1072 984 1206 1067 οτόνυξ,
1231 987 1343 1072 quondo
1381 989 1382 1064 ᾗ

248 1088 285 1154 id
311 1089 394 1156 nihil
422 1093 467 1158 ad
501 1093 736 1160 derivationem
762 1093 871 1179 aptius
900 1091 1000 1156 habet
1027 1111 1125 1175 quam
1150 1083 1242 1168 όνυξ,
1269 1091 1343 1172 cujus

248 1211 329 1255 usus
350 1191 526 1278 antiquior,
548 1195 676 1281 species
699 1193 879 1281 simplicior
896 1203 1026 1277 tamque
1044 1191 1157 1256 similis
1172 1188 1343 1274 significatio
1381 1215 1382 1234 ι

249 1304 301 1360 est
326 1304 365 1360 ut
392 1318 492 1383 saepe
522 1298 612 1362 nulla
639 1320 677 1363 re
709 1296 773 1361 nisi
799 1305 902 1360 metro
927 1293 1105 1358 internosci
1126 1291 1261 1378 possint
1300 1291 1344 1356 Sic
1381 1299 1382 1382 ]

249 1418 311 1483 pro
344 1390 425 1475 όξός
446 1394 475 1483 y’
504 1391 585 1476 όνυξ
611 1395 778 1482 πετραίου
806 1395 908 1462 λίθου
935 1397 1016 1459 Eur.
1046 1394 1138 1479 Cynl.
1159 1393 1233 1458 400.
1272 1393 1343 1456 Her·
1381 1415 1382 1464 i

247 1520 385 1562 mannus
411 1497 515 1564 edidit
534 1497 714 1564 seeundum
733 1497 936 1582 Scaliger-um
957 1490 1036 1577 ὀξὺς
1057 1493 1179 1574 στόνοξ
1197 1503 1234 1558 ut
1250 1493 1345 1578 Apoll.
1381 1503 1382 1564 t

248 1597 310 1665 IV.
333 1597 427 1663 1679.
449 1601 602 1686 πιτραίω
620 1597 763 1678 στόνυχι.
808 1597 878 1665 Sed
899 1598 1017 1662 eodem
1044 1595 1212 1660 intellectu
1237 1589 1345 1674 όξοπα-
1381 1669 1382 1680 ¹

108 1733 119 1748 ι
247 1699 307 1786 γὴς
328 1693 408 1778 όνοξ
428 1697 575 1786 κολώνης
594 1698 704 1764 Νοιιιι.
726 1699 825 1764 XIV.
846 1697 920 1763 385.
947 1699 988 1762 de
1006 1696 1175 1783 unguibus
1196 1693 1343 1779 V0100P·
1381 1777 1382 1786 ,

237 1800 336 1887 'piam
366 1798 451 1884 Cym
477 1799 544 1863 III.
575 1799 649 1864 232.
688 1797 831 1883 τμηθεὶς
871 1793 945 1879 οὐχὶ
983 1795 1178 1878 στονόχτσσι
1215 1792 1343 1871 λεόντων,
1381 1799 1382 1804 ’

246 1902 401 1986 idemque
419 1903 630 1967 Hermannus
650 1899 792 1983 restituit
816 1898 852 1962 iu
871 1898 913 1963 P.
946 1898 1061 1965 Silent.
1079 1895 1191 1961 amb.
1221 1894 1268 1960 85.
1299 1893 1344 1957 ubi

248 2023 338 2088 onyx
364 2012 500 2068 vocatur
524 2002 697 2087 βροτέοιοι
726 2001 827 2077 σέλας
854 1999 1065 2078 στονίχεσσιν
1092 1993 1216 2076 ὅμοιον
1241 2017 1295 2080 pro
1317 1989 1341 2058 τ’
1381 2073 1382 2076 ¹

246 2096 410 2184 ὀνύχεσσι.
444 2101 733 2184 Quemadmodum
753 2110 861 2164 autem
879 2097 991 2166 Schol.
1012 2097 1127 2185 Apoll.
1147 2097 1172 2161 l.
1198 2119 1225 2162 c.
1245 2091 1346 2172 οτόννξ

246 2202 370 2284 κυρίως
384 2201 423 2269 τὰ
442 2194 547 2286 όνρον
565 2206 628 2268 τοῦ
644 2199 797 2282 δόρατος,
819 2203 1092 2286 καταχρηστικῶς
1108 2199 1147 2265 δὲ
1164 2202 1233 2263 πᾶν
1250 2195 1282 2261 τό
1302 2190 1345 2272 εἷς

246 2297 306 2381 όξὺ
317 2303 426 2388 λῆγον,
443 2303 491 2367 sic
508 2302 606 2368 etiam
622 2300 803 2388 explicatru
819 2297 950 2385 στόρθη
969 2310 1002 2364 et
1017 2297 1191 2384 στόρθογξ
1207 2297 1243 2365 τὸ
1257 2290 1345 2382 inpos
1381 2367 1382 2391 ρ

245 2405 306 2467 τοῦ
324 2399 468 2483 δόρατος
483 2402 567 2467 Hes.
585 2400 686 2466 Phot.
706 2402 767 2466 sed
782 2401 963 2487 Lycophro
986 2401 1247 2488 promontorium
1260 2396 1344 2463 modo
1381 2485 1382 2490 γ

245 2497 385 2583 οτόνοχα
403 2502 548 2589 appellat
558 2503 651 2568 1180.
663 2503 764 2568 modo
781 2501 974 2587 στόρθογγο
989 2501 1084 2566 1406.
1101 2523 1164 2566 nec
1183 2512 1285 2565 tamen
1293 2499 1345 2560 hoc

245 2601 354 2667 abillo
365 2613 477 2667 natum
488 2603 548 2667 sed
559 2603 623 2668 alio
638 2614 747 2688 etymo
767 2613 873 2668 ortum
887 2602 1016 2666 videtur
1033 2603 1102 2667 sive
1114 2602 1150 2666 id
1166 2598 1346 2684 οτόραξίιιίτ
1381 2641 1382 2660 2

244 2696 303 2788 ἐφ’
332 2692 569 2790 ᾖοτηρίζτται
588 2703 627 2769 τὸ
654 2701 747 2789 δόρυ,
770 2705 838 2770 sive
859 2699 967 2789 ὀρθός
989 2724 1064 2768 curn
1094 2701 1260 2789 prosthesi
1279 2721 1344 2764 con·

244 2802 445 2880 sonantium,
475 2825 558 2886 quas
585 2803 698 2868 Latini
727 2805 851 2891 primae
874 2804 1117 2870 semivocalium
1138 2804 1344 2890 praemittunt,
1381 2867 1382 2872 ,

243 2904 322 2981 stlta,
339 2905 456 2969 allocut
467 2913 528 2969 etc.
550 2905 687 2972 Veteres
698 2904 872 2988 magistros
889 2905 1041 2991 suspicor
1057 2902 1190 2992 οτόρθη
1206 2925 1265 2991 pro
1280 2925 1345 2986 syn·

242 3002 332 3069 theto
340 3001 495 3070 habuisse
504 3005 601 3091 παρὰ
612 3005 650 3070 τὸ
660 3009 781 3092 στῆναι
791 3000 911 3091 ὀρθήν,
923 3005 1018 3069 sicuti
1026 3002 1345 3079 ΕιιειτλλιὶιιοΙῦῧῧ,1.

241 3104 398 3190 πτόρθος
425 3127 500 3171 eum
526 3108 601 3170 πτῶ
632 3100 845 3189 (πετόννομι)
866 3108 1075 3190 conjunctum
1104 3107 1218 3172 statuit
1243 3101 1260 3172 ὃ
1284 3107 1347 3170 διο·
1381 3125 1382 3180 ῖ

242 3205 496 3284 πωττταομένος
511 3201 562 3282 τίς
575 3200 691 3287 ὀρθόν.
723 3205 792 3272 Sed
813 3203 969 3289 πτόρθος
990 3228 1124 3291 quoque
1148 3208 1287 3294 simplex
1307 3213 1347 3268 est
1381 3219 1382 3278 j

240 3323 309 3366 non
323 3322 345 3363 a
357 3303 507 3383 πέτομαι
520 3313 558 3366 ut
566 3303 817 3370 Hemsterhusio
830 3303 936 3369 visum
947 3306 1008 3370 sed
1017 3305 1060 3370 ab
1070 3299 1141 3390 όρω
1152 3312 1255 3382 orior,
1270 3304 1347 3370 uude

124 3425 130 3437 ·
240 3393 345 3484 όροος
366 3399 501 3484 (pullus,
523 3403 691 3488 surculus)
711 3415 746 3470 et
762 3398 911 3491 όρπηξι.
927 3404 1054 3470 Techn.
1066 3406 1140 3471 283.
1152 3400 1349 3489 -Σποργοί

240 3497 421 3582 ἕρεόισμοί
441 3497 491 3577 είς
508 3499 547 3566 τὸ
569 3507 676 3569 rearis
691 3505 775 3570 Hes.
800 3515 833 3570 et
852 3509 1009 3593 σπαργᾷν
1029 3528 1104 3572 cum
1125 3503 1247 3595 ὀργᾷν,
1268 3503 1348 3590 quod
1381 3517 1382 3520 ’

242 3597 389 3662 Galenus
409 3599 458 3662 illi
477 3600 753 3688 interpretationis
771 3606 846 3672 loco
866 3606 1055 3692 interponit,
1087 3608 1169 3692 quin
1194 3608 1283 3672 idem
1310 3605 1347 3669 si-

241 3696 398 3781 guilicent
417 3700 551 3766 minime
572 3702 708 3769 dubium
731 3716 799 3782 est;
821 3715 859 3770 ut
878 3729 955 3772 vero
978 3710 1127 3794 ejusdem
1151 3710 1263 3796 stirpis
1293 3707 1349 3773 sint
1381 3703 1382 3710 '

239 3817 308 3861 nou
330 3805 411 3881 puto
434 3798 518 3862 effici
536 3822 638 3884 posse
659 3827 689 3869 v.
712 3805 838 3870 Techn.
859 3807 912 3873 52.
939 3847 981 3856 —
1008 3806 1184 3893 Στρόμβος
1215 3819 1248 3874 et
1275 3807 1348 3895 ῥόμ-

238 3900 300 3980 βος
324 3907 454 3962 constat
476 3921 496 3962 a
515 3901 623 3966 verbis
645 3907 779 3992 οτρέφω
805 3917 838 3972 et
857 3907 968 3994 ῥέμβω
991 3909 1089 3974 ducta
1111 3932 1195 3988 esse,
1219 3930 1349 3996 quorum

238 4005 421 4104 tamntenue
441 4009 492 4064 est
511 4000 685 4067 discrimen
705 4014 743 4068 ut
766 4005 801 4070 in
821 4009 969 4094 cognatis
997 4023 1209 4076 numerentur
1229 4008 1347 4075 Techu.

238 4094 290 4158 35.
333 4094 531 4186 Στορχάζων
550 4100 587 4165 id
610 4111 661 4166 est
679 4103 722 4170 τὰ
745 4105 903 4190 πρόβατα
925 4107 977 4190 εἰς
1001 4113 1125 4199 σηκοὺς
1146 4108 1348 4182 κατακλείειν

237 4194 412 4280 perspicue
437 4208 471 4264 et
498 4223 535 4266 re
561 4210 595 4267 ct
614 4223 696 4270 voce
718 4207 884 4294 conspirat
904 4232 979 4276 cum
1000 4209 1097 4298 ἔργω,
1121 4211 1231 4299 ἕρκος,
1253 4204 1348 4297 ὀρχός
