2825 4809
274 340 349 428 228
428 408 432 417 ,
477 408 482 417 ,
522 331 889 419 DISSuRTAmc
911 333 958 400 Π
1001 333 1091 399 P..I

273 520 393 585 affluit·
410 514 588 606 Ἀγνιάνεια
592 511 859 637 uiiyvmvelrpg‘
833 541 880 595 ως
893 518 1130 606 Μαρωνείτης,
1150 524 1343 615 Καυκωνείτης

273 646 337 687 κατ
339 614 523 709 ’ἔλλειψιν
549 622 608 685 τοῦ
637 645 730 684 α-
760 611 888 702 Ιάμνια
917 611 1108 707 Ἰαμνιάτνγς
1133 620 1188 687 καί
1212 617 1342 716 Ιαμνίτρς

272 715 357 789 καθ
380 719 499 811 ίίφεσιν
521 724 579 790 τοῦ
604 747 625 786 α
648 714 694 797 ὡς
714 714 1381 811 Δαυνίτης-ΚριῶθενάττὸτοῦΚριάα

271 821 359 889 κατὰ
380 818 558 910 σογκοττήν.
601 822 656 888 De
678 819 741 886 hoc
762 818 838 884 alibi
856 822 975 887 rectius
991 821 1121 905 judicat
1142 821 1329 890 Hu-‘tuitev
1311 850 1344 901 υς

271 926 432 1008 Κριῶθεν
459 922 522 988 hoc
551 931 601 987 est
625 946 645 987 a
674 920 872 987 nominativo
904 921 1001 1009 Κριιά
1033 924 1117 988 sicut
1141 924 1217 989 alius
1242 926 1345 990 Atticae

271 1046 379 1109 pagus
414 1020 507 1109 Θριιά
544 1023 597 1088 vel
626 1020 740 1108 Θριιάς
766 1032 917 1100 vocatur,
954 1025 1142 1092 adverbium
1172 1028 1304 1108 Θριῶθιν
1322 1049 1343 1089 ι.
1380 1041 1382 1098 ι

270 1124 417 1191 Mcinek.
439 1146 473 1210 p.
496 1125 569 1191 318.
598 1118 765 1209 Ἰαμνίτιγς
785 1145 859 1189 vero
883 1124 925 1199 ab
956 1120 1067 1214 Ἰάμνη
1091 1136 1150 1193 etc.
1190 1126 1253 1189 Nec
1272 1124 1345 1209 quid-
1380 1121 1381 1124 '

271 1248 370 1312 quam
391 1226 546 1292 momenti
568 1224 708 1291 afferunt
729 1247 814 1309 quae
840 1226 925 1291 inter
943 1294 947 1304 ,
953 1227 1093 1313 primam
1118 1237 1150 1292 et
1176 1226 1286 1289 tertiam
1302 1226 1344 1289 de

170 1335 176 1339 ’
271 1326 481 1393 clinationcm
510 1326 613 1391 divisa
642 1336 718 1391 sunt
746 1324 887 1410 στομίας
913 1325 1048 1411 στόμις,
1081 1324 1220 1415 τροφέας
1243 1324 1344 1410 τρόγις,

270 1427 420 1517 διφρίας,
444 1424 559 1512 ἑδρίας
581 1436 614 1493 et
632 1449 716 1511 quae
730 1427 917 1513 Hesychius
935 1428 1069 1493 exhibet
1078 1428 1232 1493 mendoso
1242 1435 1347 1489 accentu

154 1526 164 1543 '
270 1529 393 1615 scripta
416 1526 540 1616 διφρίς,
565 1523 665 1614 ἓδρίς.
710 1530 789 1596 Jam
810 1530 837 1593 si
859 1530 969 1594 omnia
981 1552 1067 1614 quae
1084 1526 1346 1593 inmediumaliata

270 1640 362 1709 sunt,
394 1630 502 1695 denuo
524 1638 748 1714 respectemus
769 1631 1008 1716 praetermissis
1030 1629 1225 1697 dicatalectis
1244 1638 1275 1691 ut
1289 1648 1345 1691 στε-

267 1727 354 1818 γνός,
370 1726 530 1814 πλογμάς,
547 1751 633 1813 quae
650 1730 721 1817 pari
740 1730 824 1796 inter
848 1755 884 1797 se
899 1731 975 1815 jure
997 1743 1081 1809 sunt,
1103 1731 1284 1814 remotisque
1291 1748 1346 1791 om-

269 1833 366 1897 nibus
407 1831 525 1916 quibus
559 1831 712 1919 analogia
744 1832 875 1917 quidem
913 1834 1012 1920 alpha
1045 1833 1191 1899 vindieat
1216 1830 1267 1895 sed
1287 1849 1346 1891 usus

269 1944 454 2003 constanter
477 1932 651 2020 denegavit
671 1943 709 1997 ut
728 1931 901 2019 βοειακάς,
932 1931 1113 2015 δανειάζω,
1145 1953 1296 2021 perpauco
1309 1951 1347 1992 re·
1380 1968 1382 1976 ν

267 2047 398 2103 ιιιειιειιι
420 2056 586 2122 syncopae
613 2056 709 2100 verae
742 2046 774 2119 et
799 2035 941 2101 directae
969 2036 1120 2123 exempla
1146 2028 1348 2118 Ἀσκλτγτίλαι,

266 2143 298 2203 Γ
295 2131 513 2223 λακτοραγοι
558 2136 702 2201 Ταιιιιιιιι
729 2136 770 2200 de
792 2135 1005 2223 simplicibus

352 2242 378 2322 ξ.
400 2238 431 2303 4.
476 2235 650 2323 Composit
650 2260 744 2303 orum
763 2260 867 2323 genus
889 2262 992 2303 unum
1015 2237 1198 2304 concisioni
1221 2242 1349 2354 opportu-

265 2364 344 2405 num
372 2338 527 2416 habetur,
568 2338 631 2404 hoc
663 2349 713 2405 est
700 2340 918 2404 tcardinalia
948 2364 1033 2425 quae
1061 2339 1095 2403 in
1124 2338 1227 2425 alpha
1250 2310 1351 2401 ericum

264 2442 413 2509 Primum
440 2464 596 2528 τριμηνος
625 2434 695 2509 άπὸ
726 2444 784 2507 τοῦ
816 2438 906 2527 τριάγ
907 2467 997 2529 ιηνος
1022 2443 1102 2507 ΕΜ.
1131 2441 1211 2517 767,
1239 2437 1285 2502 35.
1309 2431 1353 2496 sed

266 2546 308 2611 de
328 2543 392 2609 hoc
412 2543 553 2629 litigant,
576 2564 659 2627 quos
679 2541 763 2607 hic
754 2544 941 2639 introducit,
964 2553 1131 2609 auctores.
1153 2564 1244 2625 ομεν
1254 2532 1353 2604 Aaou

263 2640 383 2721 λιάνιος
404 2636 536 2729 λέγει
516 2640 587 2710 απὸ
609 2647 667 2711 τοῦ
690 2642 742 2722 δίς
765 2668 824 2709 και
845 2641 918 2730 τρίς
936 2643 1063 2730 γίνεται
1083 2642 1224 2730 δίρῖιγνος
1238 2630 1352 2717 καὶτρί·
1380 2675 1382 2708 e

262 2764 379 2832 μηνος
409 2738 428 2811 ὃ
455 2742 493 2809 δὲ
510 2739 760 2830 Ηρωὸιανὸς
740 2743 810 2813 αττὸ
839 2750 897 2813 τοῦ
924 2741 984 2810 δύο
1006 2744 1065 2811 καί
1092 2741 1173 2830 τρία
1195 2736 1276 2805 κατὰ
1296 2757 1355 2818 σιγ-

262 2840 384 2934 κοττήν
405 2843 473 2909 καί
484 2847 582 2911 τοῦτο
605 2838 906 2931 άναλογιάτερον
876 2870 963 2911 ειναι
986 2840 1174 2912 δεικνύουσι
1197 2839 1238 2907 τοὶ
1260 2830 1353 2903 άττικά

262 2939 334 3026 ἐξ
316 2939 489 3029 ονομάτων
511 2941 706 3030 συγκείμενα
728 2944 944 3035 πεντέμηνος,
967 2939 1170 3034 ὀκτώμηνος.
1214 2940 1256 3006 Id
1271 2947 1357 3001 autem

263 3047 370 3113 debile
400 3057 449 3113 est
477 3056 649 3133 argument
649 3070 721 3125 um3
751 3069 827 3111 nam
859 3046 1014 3113 adverbia
1042 3040 1218 3121 πεντάκις,
1245 3032 1381 3109 ὀκτάκις

262 3159 323 3213 etc
282 3148 390 3213 atd
412 3148 677 3234 componendum
698 3148 927 3214 multominus
952 3147 1074 3213 habilia
1095 3158 1174 3211 sunt
1197 3168 1291 3231 quam
1305 3139 1359 3227 pri·

260 3247 371 3313 mitiva
400 3248 456 3313 illa
489 3248 733 3334 monosyllaba,
766 3258 937 3335 totumque
968 3249 1032 3315 hoc
1065 3271 1171 3334 genus
1204 3238 1382 3315 πολλάκις,

260 3342 422 3434 ὀλιγάκις,
446 3347 582 3429 ἐνιάκις,
603 3343 799 3439 σπανιάκις,
823 3345 1021 3428 πλειστάκις
1042 3361 1103 3414 etc.
1126 3374 1157 3415 v.
1180 3348 1282 3414 Proll.
1301 3340 1358 3407 319.

259 3448 408 3534 synthesi
428 3450 636 3535 pertinaciter
656 3449 814 3515 renititur.
860 3450 957 3532 Quae
985 3452 1069 3515 ultra
1091 3451 1275 3521 ternarium¹
1290 3450 1358 3515 sunt,

259 3548 360 3637 alpha
381 3550 600 3635 promtissime
628 3560 751 3615 exuunt
778 3547 951 3641 τετρήρης,
981 3551 1155 3639 τιεντέτης,
1181 3548 1311 3635 δεκέτης
1328 3542 1359 3606 ei

256 3651 438 3716 Maetzner.
472 3651 515 3715 ad
544 3652 689 3737 Lycurg.
712 3651 786 3717 255.
828 3652 933 3717 Extra
961 3652 1049 3717 hunc
1078 3652 1261 3717 cardinem.
1276 3666 1359 3712 unum

258 3738 514 3837 deprehenditur
533 3747 712 3840 τανηλεγής
731 3763 765 3816 et
785 3753 875 3835 quod
895 3752 1116 3819 Schneiderus
1128 3752 1299 3839 Hesychio
1318 3769 1359 3811 re·

257 3851 362 3919 stituit
383 3846 587 3939 τανήλυφος,
620 3851 683 3917 nisi
712 3852 775 3939 fuit
799 3853 890 3939 ptius
921 3864 954 3919 et
986 3854 1151 3941 antiquius
1180 3849 1282 3931 τανάς
1304 3849 1361 3913 sive

180 3984 190 4005 ι
254 3950 372 4031 τάνος·
395 3975 472 4017 nam
494 3976 514 4017 a
534 3948 658 4032 ταναός
681 3954 866 4020 ducendum
883 3965 953 4020 erat
967 3952 1169 4043 ταναολεγής
1191 3966 1232 4019 ιιι
1252 3943 1360 4019 ταναό-

256 4057 367 4141 δειρος
396 4065 429 4120 et
457 4055 553 4119 solita
580 4054 681 4119 ectasi
708 4051 919 4144 τανατγλεγής.
969 4056 1125 4124 Seorsum
1154 4056 1197 4121 ab
1227 4054 1278 4119 his
1306 4061 1363 4113 tra·

255 4156 374 4221 ctanda
391 4166 467 4220 sunt
484 4154 685 4243 praeverbia.
707 4151 773 4237 ”Aa
787 4151 891 4243 γόνον
903 4158 978 4242 jure
990 4159 1033 4223 ad
1047 4177 1224 4246 apocopen
1240 4154 1365 4220 refertur

255 4278 286 4320 v.
305 4254 459 4323 Prooem.
476 4256 551 4329 218.
577 4250 636 4320 sed
656 4246 839 4343 composita
859 4250 1028 4347 ἀμφαίνω,
1053 4252 1194 4347 άμμιγσ,
1222 4250 1366 4343 κάββαλε
