2825 4809
272 307 346 412 ιιι
584 301 588 308 ’
630 323 951 399 οισσαιισιιιυ
979 325 1021 400 ν.
1063 349 1069 375 ι

270 521 378 610 Epist.
407 519 458 596 80,
488 514 562 601 7.¹)
586 513 710 610 Ἕλλης
744 515 850 605 πόρος
878 518 1001 584 Aesoh.
1030 517 1121 584 Pers.
1147 517 1211 584 818.
1244 515 1331 611 Ἕλλης

271 618 433 707 πορθμός
452 620 523 684 870.
547 619 606 683 sed
631 618 764 685 assiduo
787 641 849 684 usu
873 620 919 686 ita
940 621 1103 688 concrevit
1122 632 1156 684 ut
1170 643 1223 707 pro
1237 621 1331 688 duobus

271 721 459 788 accentibus
481 721 644 806 acciperet
662 743 773 786 unum.
817 722 912 786 Haec
935 722 1035 808 igitur
1057 745 1123 788 non
1140 721 1279 807 synthesis
1292 745 1332 809 sp·

270 824 424 913 pellenda
452 834 502 889 est
529 823 589 888 sed
616 822 809 910 parathesis.
857 825 980 891 Verum
1006 821 1070 890 hoo
1095 845 1216 908 quoque
1238 825 1334 890 nomine

261 927 396 1012 'antiqui
421 925 554 990 liberius
582 947 681 1010 qnam
706 947 768 1012 par
792 935 843 990 est
864 926 911 990 uti
932 927 1053 1003 solent3
1082 927 1213 1013 primum
1229 927 1334 1012 Apollo·

269 1029 344 1094 nius
365 1027 452 1093 Adv.
472 1027 545 1104 544,
571 1027 621 1093 15.
644 1022 778 1114 ἀφίλως
798 1037 969 1106 συνθεσις,
994 1023 1032 1094 σά
1055 1029 1161 1113 φίλως
1176 1023 1334 1110 παράθεσις,

270 1142 339 1195 tum
364 1129 576 1194 Herodianus
604 1129 639 1193 in
665 1127 983 1196 Sch01.11.1.271.
1012 1122 1064 1212 ἔμ’
1094 1121 1190 1194 αὐτόν
1212 1121 1335 1212 άναγινά-

270 1256 386 1300 σκτται
414 1231 499 1298 κατά
527 1227 723 1312 παράθεσιν
750 1240 783 1295 et
807 1229 905 1297 XVI.
929 1231 1002 1298 248.
1032 1225 1183 1310 σύμπασι
1209 1223 1335 1305 σάνδισις,

269 1334 329 1401 σὺν
363 1336 448 1399 πάσι
481 1328 690 1415 παράθεσις,
721 1355 786 1417 quo
820 1331 919 1398 modo
947 1333 1035 1398 idem
1062 1331 1157 1396 etiam
1182 1326 1223 1412 άμ
1246 1335 1336 1413 βωμοῖς

267 1435 443 1519 ‘distinguit
464 1454 483 1498 a
505 1432 656 1517 syntheto
678 1425 852 1518 άμβωμοῖς
875 1434 972 1501 VIII.
995 1435 1070 1500 441.
1094 1444 1128 1498 et
1147 1432 1247 1519 Epim.
1258 1431 1279 1495 Ι.
1287 1431 1335 1496 423.

258 1533 355 1624 ’ὑπὲρ
377 1532 480 1622 μόρον
501 1534 543 1598 ab
566 1529 773 1621 ὑπέρμορον,
798 1535 875 1602 Soh.
902 1536 969 1603 Od.
990 1537 1055 1602 XI.
1080 1537 1152 1601 134.
1177 1534 1211 1613 ἐξ
1232 1530 1294 1610 άλος
1309 1532 1334 1596 uh

260 1635 389 1718 ,ἔξαλος
397 1638 440 1720 2).
488 1636 536 1700 Hi
561 1636 662 1722 igitur
688 1659 802 1702 omnes
829 1637 1004 1716 vocabula,
1033 1659 1119 1722 quae
1149 1635 1334 1718 vinculoque

259 1739 347 1804 -dam
370 1737 550 1824 syntactico
572 1737 657 1803 inter
680 1760 717 1803 se
738 1739 927 1819 cohaerent,
953 1741 980 1805 si
1001 1741 1084 1806 forte
1103 1741 1139 1804 in
1161 1738 1336 1824 synthetonn

269 1841 414 1928 speciem
445 1839 606 1918 incidant,
644 1840 809 1926 parathesi
836 1843 952 1926 juncta
981 1842 1111 1922 dicunt,
1148 1865 1240 1928 quam
1262 1837 1338 1908 Schol.

268 1943 370 2011 Dion.
400 1965 434 2028 p.
465 1942 542 2019 703,
574 1942 624 2007 17.
650 1943 696 2006 ita
725 1941 839 2009 definit
860 1941 1053 2032 παράθεσλς
1078 1945 1151 2012 ἐστι
1174 1944 1278 2024 λέξειαν
1294 1964 1339 2004 σα-

270 2047 436 2130 ράλληλσς
463 2039 632 2123 σύνταξις,
665 2054 699 2108 et
726 2045 846 2112 Suidas
880 2069 905 2112 s.
926 2041 1050 2133 Ἔγωγε
1079 2045 1161 2132 quid
1191 2067 1210 2110 a
1237 2041 1343 2128 synthesi
1378 2100 1379 2144 p

251 2146 414 2229 *differat
435 2145 609 2230 explanare
630 2141 780 2212 conatur=
804 2149 889 2215 κατὰ
916 2149 1014 2216 πέντε
1038 2149 1189 2234 τρόπους
1202 2145 1344 2226 διαιρεῖται
1378 2145 1379 2192 t

269 2246 426 2324 σύνθεσις
456 2243 526 2313 άπὸ
562 2247 805 2332 παραθέσεως,
847 2247 933 2316 κατά
963 2245 1058 2316 τόνον
1090 2248 1256 2334 πάροδος,
1286 2240 1345 2309 κατὰ

269 2343 401 2435 γραφήν
421 2344 611 2430 τριςχίλιοι,
636 2347 724 2416 κατὰ
745 2354 874 2432 πνεῦμα
897 2348 1017 2430 ἔνεστι,
1039 2349 1128 2418 κατὰ
1150 2345 1288 2434 εἷςβσλὴν
1305 2367 1346 2428 μυ-

270 2449 342 2534 ρλου
373 2443 493 2532 ὡςείθ)
524 2454 634 2530 χνοῦς,
668 2448 755 2518 κατὰ
784 2447 958 2520 διάλεκτον
988 2449 1105 2538 ἔγωγε,
1143 2452 1230 2516 unde
1255 2469 1347 2532 eogno-

339 2653 366 2722 1)
382 2654 542 2726 Stephanus
553 2645 672 2706 Δούλιυν
687 2644 807 2715 πάλις-
816 2659 954 2727 Κρατῖνος
969 2652 1050 2710 πάλιν
1063 2653 1175 2711 δούλων
1188 2650 1350 2728 φησινἈσσλ-

268 2745 370 2796 λιυνλσυ
384 2736 524 2810 φήσαντος
539 2737 579 2807 μὴ
598 2739 659 2794 δεῖν
676 2732 776 2800 ταύτας
794 2737 841 2801 τὰς
856 2745 1025 2810 παραθέσεις
1042 2739 1223 2798 ἐναλλάσσων
1238 2743 1295 2814 δίχα
1308 2759 1352 2794 σα-

268 2829 360 2897 ηιινῆς
376 2823 507 2895 ἀνάγκης.
542 2824 606 2879 Ηαι
624 2831 779 2880 excusatur
796 2827 878 2892 νῆσος
891 2831 1019 2890 Πέλοπος
1034 2829 1106 2884 Oed.
1120 2828 1182 2885 Coh
1192 2831 1248 2886 ⁷02.
1263 2827 1352 2896 Dionys.

268 2931 295 2968 ν.
309 2913 368 2966 403.
1277 2907 1280 2913 ’

339 2999 367 3065 2)
389 2997 437 3052 Sic
450 2995 534 3052 ctiam
546 2993 612 3050 ΕΜ.
626 2996 687 3061 346,
699 2998 742 3050 ⁴5.
761 2995 790 3060 ἐξ
807 2992 871 3058 άλός
888 2997 957 3059 uvis
974 2997 1041 3053 κατά
1056 2997 1232 3072 συναλοιφὴν
1242 3001 1287 3061 ἔξω
1298 2991 1353 3056 ritis·

269 3086 297 3140 ολ
314 3084 345 3139 δὲ
365 3085 395 3138 ἐκ
413 3086 458 3150 τῆς
474 3076 537 3143 άλδς
555 3080 640 3136 scrib.
653 3080 722 3136 κατὰ
736 3081 908 3155 συναλοιφὴν
921 3085 1028 3151 ἔξαλος,
1042 3087 1069 3139 ολ
1086 3086 1117 3140 δὲ
1137 3085 1209 3141 κατά
1226 3082 1354 3156 παράδισιν

268 3172 297 3231 ἐξ
315 3166 380 3229 asts
398 3166 459 3222 άνιλ
480 3170 527 3222 τοῦ
549 3168 600 3229 ἔξω
620 3165 691 3229 tots.
733 3167 788 3224 Hic
811 3170 1001 3241 synaloephae
1024 3171 1137 3226 nomine
1164 3169 1233 3242 (nisi
1254 3166 1356 3240 συναφὴν

267 3253 391 3325 scripsit)
412 3251 549 3323 synthesis
570 3253 744 3323 significatur
765 3262 796 3308 ut
815 3255 880 3310 Sch.
898 3256 960 3310 Nic,
977 3255 1030 3311 Th.
1043 3259 1085 3312 80.
1108 3253 1243 3330 ἀγριάδος
1258 3249 1355 3328 μαλάχαι

266 3338 335 3395 κατὰ
356 3336 530 3409 συναλοιφὴν
549 3334 756 3410 διγρισμαλάχης
779 3348 809 3395 ut
828 3340 1017 3396 Schneiderus
1040 3361 1056 3397 e
1076 3344 1175 3398 Goett.
1199 3342 1302 3416 scripsit
1318 3357 1355 3412 pro

258 3423 335 3480 ’κατά
353 3425 498 3495 διαίρεσιν.
533 3424 638 3479 Dicere
655 3425 745 3480 voluit
765 3424 851 3496 ἀγρία
868 3421 978 3500 μαλάχη
1000 3426 1069 3482 κατά
1087 3429 1228 3500 διαίρεσιν
1243 3422 1354 3502 cippati

257 3508 396 3580 συνήθως
410 3508 477 3564 κατά
491 3505 625 3564 σύνθεσιν
637 3513 774 3583 λεγομένη
787 3509 989 3585 ιἰγρισμαλάχη.
1013 3513 1060 3569 sie
1074 3514 1158 3569 etiam
1172 3510 1268 3589 άγριος
1275 3519 1354 3585 χοῖρος,

267 3593 367 3668 ἄγριον
382 3590 528 3669 κάρδαμον
544 3595 699 3665 parathesis
714 3597 904 3670 appellatione
924 3598 1059 3669 distingui
1076 3609 1198 3671 possunt
1216 3619 1233 3656 a
1249 3595 1354 3672 synthetis

267 3675 441 3756 άγριάχοιρος
458 3688 512 3736 eto.
531 3683 568 3735 ad
587 3681 652 3734 Phr.
667 3682 727 3736 381.

255 3762 259 3768 ’
335 3769 365 3837 3)
379 3767 525 3838 Significat
540 3766 579 3829 nis
592 3764 629 3822 ἂν
646 3771 679 3838 ελ,
695 3786 854 3840 quanquam
867 3769 897 3824 id
909 3787 1023 3843 quoque
1042 3770 1194 3843 conjuncte
1213 3769 1294 3828 scribi
1304 3767 1355 3824 solet

266 3851 289 3910 si
306 3853 435 3908 absolute
450 3853 580 3926 ponitur;
601 3855 748 3926 Moschop.
764 3855 866 3912 Sched.
884 3858 941 3910 108.
960 3855 1072 3927 διανεί,
1091 3855 1355 3928 ὦςεί,ιο1ςπιρελ,σλ·

266 3945 335 4005 σνιλ,
348 3946 544 4012 autumpnus(
554 3943 682 4010 λέγονται
695 3939 765 3996 κατά
779 3935 914 3996 σύνθεσιν
926 3946 973 3998 τοῦ
986 3947 1011 3998 ιλ
1024 3948 1194 4000 συναπτικοῦ
1209 3945 1356 4013 συνδέσμου·

266 4025 306 4081 ὅτι
327 4026 358 4080 δὲ
377 4019 496 4080 nivosus
514 4030 568 4079 ελσι
584 4027 670 4091 δῆλον
686 4025 742 4082 άπὸ
764 4029 809 4096 τῆς
828 4024 978 4090 διαλύσεως
996 4027 1034 4091 ὥς
1052 4034 1077 4084 ελ
1096 4031 1187 4101 ἔλεγε,
1211 4024 1327 4096 καθάπερ
1340 4027 1357 4078 ελ

254 4106 327 4188 ,τάδε
345 4112 441 4164 ἐποίει.
469 4109 516 4166 Sic
531 4111 614 4166 etiam
631 4115 660 4174 ἐξ
675 4110 798 4176 ἅπαντας
813 4109 916 4186 τρόπον
931 4113 1017 4170 scribi
1029 4116 1127 4170 volunt
1137 4119 1198 4170 ,sed
1213 4114 1308 4172 omisso
1321 4128 1356 4164 uo·

194 4195 198 4204 '
265 4195 340 4248 mine
357 4189 507 4258 λξάπανιος
519 4216 545 4251 v.
559 4198 590 4252 C.
603 4199 654 4253 III.
669 4200 693 4266 ξ.
708 4202 732 4254 5.
746 4229 782 4244 -·-
797 4196 906 4272 Ἔγωγε
921 4201 1043 4274 clienta-‘ri
1056 4202 1141 4258 attica
1151 4210 1266 4256 auctum
1278 4197 1356 4254 Suidu

267 4278 400 4335 discernit
418 4282 454 4334 ab
473 4275 528 4354 ἐγώ
543 4301 586 4355 ys.
