2825 4809
278 333 341 399 nn
359 332 638 403 Pannorssr.
682 335 722 402 ο.
743 336 791 402 11.
823 341 849 422 s.
871 338 901 404 1.
936 431 939 435 A
1072 346 1147 418 ιιι

67 514 178 597 ιιιιιιός
197 516 350 585 scribitur.
393 516 515 603 Πρεών
534 542 602 585 non
624 543 666 585 ex
686 519 781 608 πρώι
798 521 922 587 laetum
939 524 1069 590 videtur
1088 527 1148 594 sed

66 648 96 689 ex
116 618 218 711 αρηώι
243 644 301 708 per
322 621 489 707 systolem
521 622 584 687 hoo
613 624 701 689 unde
730 632 842 689 natum
867 624 928 702 sit,
957 626 1086 692 dicetur
1111 628 1147 693 in

65 722 149 810 rapite
164 722 318 809 proximo.
354 722 456 805 Quod
474 723 572 789 arbor
593 725 730 803 exotioa
749 747 850 809 quam
865 725 985 792 Graeci
1003 729 1149 811 βδέλλαν
1200 763 1208 770 ·

65 837 88 889 ot
103 824 239 908 βδέλλιον
258 835 390 899 vocant,
413 848 433 889 a
452 824 611 891 Marcello
632 828 732 913 Emp.
752 826 884 893 bedella
905 828 1036 908 diam,
1062 830 1147 898 hano

64 946 165 990 oausam
195 924 313 990 habore
343 926 472 992 videtur
503 928 594 1012 quod
624 928 714 991 nulla
745 952 810 995 vox
839 930 940 995 latina
969 932 1094 998 orditur
1126 956 1147 998 a

65 1012 344 1105 duabus'oonronis,
367 1029 507 1113 quaein
527 1051 595 1093 uno
613 1050 732 1115 graeco
750 1033 844 1115 βδεῖν
862 1042 896 1097 et
911 1026 1064 1099 derivatis
1086 1056 1147 1099 au·
1173 1079 1177 1083 -

65 1129 174 1192 liuntur.
210 1130 371 1214 Majorem
389 1152 509 1196 causae
526 1132 661 1218 anoipiti
679 1132 825 1218 speeiem
842 1132 997 1201 oonoiliat
1013 1136 1148 1203 verbnm

65 1227 434 1319 Κιρανίξαικολαμβῆσαι
450 1238 650 1323 κοβισιῆσαι
664 1233 753 1302 haud
770 1234 933 1299 diversum
950 1258 970 1299 a
983 1238 1147 1322 Κραιίξαι

64 1330 104 1395 s’rrl
120 1330 257 1419 κεφαλὴν
279 1327 489 1422 ἆπορῤίψαι,
518 1336 608 1421 quod
633 1359 652 1400 a
673 1332 779 1421 κράνη
804 1334 840 1399 id
853 1346 916 1400 ert
939 1335 1030 1424 κάρα
1051 1351 1148 1421 caput

64 1431 209 1495 derivatum
230 1441 294 1510 est,
317 1434 447 1518 utrique
467 1446 575 1502 autem
588 1437 812 1503 Doederlinus
831 1436 867 1499 in
881 1437 1008 1521 Syron.
1031 1437 1073 1502 Τ.
1084 1440 1147 1505 vl.

63 1533 239 1619 probabiliter
256 1537 396 1623 apponit
412 1536 547 1601 latinum
567 1558 729 1605 cernuam
769 1538 864 1605 siout
884 1534 1028 1626 ποιηνός
1050 1540 1147 1604 aliam

63 1636 188 1721 originem
214 1636 316 1702 h'abet
341 1648 441 1723 atque
467 1638 593 1726 πτηνός
622 1648 655 1703 et
679 1641 834 1722 κέρασμα
859 1660 927 1703 non
955 1640 1070 1703 eadem
1094 1641 1147 1705 via
1219 1718 1223 1728 ,

62 1738 188 1824 prooessit
219 1760 287 1825 qua
317 1745 433 1824 κρᾶμα
463 1740 510 1804 sio
541 1740 648 1803 etlam,
669 1732 849 1827 σκελιφρός
880 1739 1094 1825 distinguitur
1123 1764 1147 1805 a

62 1837 213 1927 σκληφρός,
250 1862 439 1925 quanquam
469 1840 522 1906 hio
555 1841 652 1905 etiam
683 1851 778 1926 trope
808 1841 947 1905 aooessit
973 1842 1145 1908 rooalium.

60 1939 98 2003 Ab
115 1940 176 2005 aliis
195 1941 306 2006 verbis
330 1941 532 2027 hujusmodi,
556 1964 694 2027 quorum
715 1962 882 2007 consonae
902 1942 939 2007 in
959 1965 1059 2008 unam
1076 1944 1145 2028 syl·

59 2041 139 2105 laban
167 2044 338 2130 compingi
371 2054 512 2131 possunt
547 2044 654 2108 vocali
688 2043 724 2108 in
755 2043 938 2129 proximam
973 2045 1143 2123 translata,

59 2144 183 2209 voeabula
213 2170 283 2211 una
319 2146 444 2211 rationo
475 2147 645 2231 finguntur
675 2154 713 2209 ut
741 2142 890 2229 σερηδώι
920 2144 1012 2209 ἐστιν
1043 2142 1146 2211 ὀστοῦ

59 2236 227 2335 ιαιάιρησις
245 2244 350 2325 οἷονεί
370 2245 500 2335 σρηδώσ
519 2240 603 2313 olma
618 2246 735 2312 Galen.
744 2246 877 2313 Definn.
890 2246 1146 2332 p.44.JT.X1X.

58 2367 165 2429 quorum
193 2349 279 2413 illud
308 2349 461 2415 convenit
488 2347 652 2434 praesenti
678 2347 778 2428 τείριο
809 2356 897 2423 tero,
929 2347 1019 2412 unde
1047 2347 1147 2436 πέρην

57 2459 131 2525 teres,
153 2450 288 2515 alterum
308 2450 420 2515 fiotum
442 2459 492 2515 est
516 2448 559 2513 ad
584 2446 829 2513 similitudinem
850 2471 963 2515 eornm
987 2471 1072 2533 quae
1094 2450 1146 2514 in-

57 2560 188 2617 cremento
220 2558 386 2617 extraneo
410 2562 506 2617 auota
535 2542 680 2614 vooal'em
710 2549 854 2612 nativam
885 2551 1064 2615 amiserunt
1091 2574 1147 2615 ra·

56 2642 161 2733 ιραίνα,
180 2656 314 2742 τρῆσις,
336 2656 458 2739 τρῆμα.
503 2650 559 2717 Ab
582 2650 632 2713 his
653 2649 853 2733 aliquantum
871 2650 1026 2716 differunt
1046 2674 1146 2735 στρο-

56 2747 96 2835 πή,
115 2745 267 2841 ἀστραπή
287 2764 322 2832 et
342 2751 499 2841 στεροπή,
522 2753 550 2817 si
573 2751 706 2836 quidem
726 2750 939 2817 haecomnia
961 2752 1147 2838 significant
1251 2795 1258 2803 ,

56 2853 175 2941 στροφήν
195 2856 267 2921 sive
289 2853 519 2940 στροφάλιγγα
542 2852 606 2918 hoo
627 2863 677 2917 est
698 2861 820 2917 bortum
841 2852 1009 2937 quiddam,
1027 2876 1146 2919 unum·

57 2973 101 3035 que
119 2955 313 3043 principium
334 2954 456 3019 habent
477 2955 611 3042 ρι’ρέφιο
632 2976 662 3017 v.
677 2952 804 3017 Techn.
818 2954 871 3018 41.
889 2977 967 3019 nam
986 2956 1044 3019 illa
1065 2977 1147 3019 oon·

57 3072 128 3119 sonas
146 3057 234 3123 verbi
257 3057 402 3125 referunt
424 3057 541 3121 eodem
563 3054 678 3120 ordine
692 3053 893 3131 eollooatrn,
916 3055 1047 3119 tertium
1066 3076 1145 3119 vero

56 3156 172 3239 sequitur
191 3159 332 3225 formam
353 3158 494 3223 nominis
516 3158 674 3245 σιέρφος,
698 3154 909 3238 quodetiam
929 3155 1074 3244 στρέψας
1095 3155 1147 3221 di-

56 3255 115 3320 oitur
131 3282 158 3323 v.
181 3259 309 3325 Techn.
332 3261 406 3327 302.
434 3254 632 3343 Πελασγούς
655 3255 712 3340 qui
733 3254 917 3319 nominatos
940 3278 1014 3321 asse
1033 3257 1150 3321 volunt

55 3359 126 3441 παρὰ
147 3360 181 3426 τὸ
205 3359 419 3441 πλάζεσθαι,
446 3358 512 3446 ipsi
537 3367 655 3423 errant.
700 3362 731 3420 Γ
728 3357 843 3442 ἔρανοι
865 3356 933 3422 sive
959 3358 1145 3446 γέρηιεςσὶ
1208 3354 1213 3361 ’

56 3463 225 3543 agmendo
259 3484 380 3527 nomen
416 3468 629 3546 aeceperunt,
664 3456 766 3521 latina
797 3457 977 3543 appellatio
1009 3467 1145 3523 naturas

55 3562 163 3647 propior
188 3574 240 3629 est
269 3586 366 3649 quam
396 3582 523 3649 graeca.
567 3556 732 3641 Ἰοχέαιρο
760 3581 827 3623 non
855 3581 929 3623 oum
956 3557 1079 3644 χαίρω,
1109 3568 1146 3623 ut

55 3658 273 3753 Lexioographi
292 3664 396 3729 nostri
414 3665 518 3748 ajunt,
540 3659 759 3748 compositum
777 3668 828 3723 est
845 3668 1020 3745 superante
1039 3659 1145 3745 epsilo

56 3762 96 3825 ssd
114 3788 181 3831 oum
203 3768 270 3847 χέιο
290 3765 392 3831 Proll.
415 3764 488 3837 259.
511 3800 554 3819 ψ-
585 3762 643 3827 Ad
667 3760 895 3847 pleonasmum
922 3759 1068 3845 syllabae
1092 3782 1145 3825 se-

56 3865 154 3930 cundae
170 3866 351 3933 referrmtur
369 3874 509 3950 quatuor
525 3862 658 3927 nomina
674 3860 856 3937 homerica3
875 3861 1016 3947 primum
1032 3857 1148 3947 ἠέριος

54 3958 128 4043 illud,
152 3968 291 4053 quodsi
321 3966 369 4033 ab¹
389 3964 544 4030 adverbio
574 3958 646 4050 ἦρι,
675 3974 712 4026 ut
738 3963 772 4025 in
796 3963 876 4027 EM.
902 3961 1029 4035 dieitur,
1057 3958 1144 4023 deri-

53 4074 138 4131 vatum
162 4080 226 4147 est,
257 4066 372 4155 epsilo'
389 4067 553 4142 abundat3
587 4087 662 4129 nam
691 4075 728 4127 ut
755 4086 774 4127 a
802 4061 895 4148 πρωί
920 4060 1063 4147 πρώιος,
1097 4060 1144 4125 sio

53 4163 82 4229 ab
98 4160 144 4254 ἦρι
163 4166 448 4259 &praedicendum
465 4178 549 4244 erat,
567 4165 626 4231 sed
640 4165 849 4251 repudiatum
864 4173 930 4239 est3
952 4160 1008 4225 alii
1022 4164 1146 4227 σισίαοι

51 4261 280 4356 interpretantur
300 4271 475 4358 ipsumque
492 4266 682 4333 adverbium
701 4258 756 4355 ἦρι
776 4275 893 4330 natura
910 4262 1055 4328 dativum
1072 4281 1146 4329 esse
