2825 4809
232 363 309 436 aaa
519 353 841 424 Dassaaramo
865 337 910 418 11.
954 353 994 420 r.
1017 353 1063 423 11.

237 553 332 609 trum
376 541 464 606 Nam
489 532 652 627 Μεσσήνη
680 561 771 604 mera
800 561 970 626 paragoga
995 549 1044 604 est
1077 561 1108 603 v.
1132 537 1249 604 Parall.
1275 542 1332 607 116.

234 646 331 712 Idem
353 640 542 730 Stephanus
565 662 591 704 s.
614 635 889 729 Κυλλήνη-καὶ
911 637 1058 718 Κύλλιος
1079 639 1210 726 λέγεται
1237 635 1333 728 Ἑρμῆς

231 743 323 812 κατὰ
351 740 519 828 σομκοπὴν
540 744 600 809 τοῦ
621 737 821 828 Κυλλήνιος,
846 741 936 826 quod
957 742 992 806 in
1013 741 1207 806 contrariam
1228 752 1334 827 partem

232 846 404 921 vertimus3
432 865 509 908 nam
536 835 689 929 Κυλλήνη
716 840 853 906 derivati
881 842 1024 928 speciem
1053 842 1166 920 habet,
1198 843 1334 929 primitivi

222 937 312 1015 *aero
333 941 453 1021 κυλλός
475 944 543 1010 sive
566 943 688 1020 κοῖλος,
711 943 799 1009 unde
821 942 885 1008 alia
904 965 1036 1028 quoquc
1057 944 1205 1010 locorum
1222 944 1336 1008 nomina

231 1049 385 1139 'pendent
405 1055 441 1109 ut
460 1043 587 1130 Κοίλη,
610 1040 652 1108 τὰ
676 1046 798 1110 Κοῖλα.
844 1045 1024 1131 Syacopen
1054 1045 1218 1131 significat
1248 1046 1336 1109 Arca·

226 1152 310 1218 dius
323 1148 463 1214 ‘nomine
485 1144 583 1210 tacito
606 1167 640 1230 p.
659 1144 711 1220 79,
735 1145 787 1210 24.
807 1144 849 1213 τὰ
871 1143 919 1223 εἰς
938 1133 996 1224 σος
1018 1139 1169 1225 ὀξύνεται
1191 1143 1221 1212 εἰ
1248 1144 1337 1233 pets-1.

234 1246 399 1321 πλειόνων
421 1247 597 1329 συλλαβῶν
619 1241 669 1322 εἰς
695 1245 917 1331 ὄισσλλαβίον
942 1251 1088 1334 μεταστῇ
1119 1241 1164 1324 ὡς
1193 1239 1338 1324 morast

233 1349 394 1438 δύστηνος
425 1345 483 1414 καὶ
513 1341 641 1422 πύσιος
671 1345 709 1411 ἐκ
741 1351 799 1412 τοῦ
833 1343 992 1427 πύσστος.
1048 1350 1124 1414 Ηοσ
1152 1349 1224 1433 jam
1256 1371 1337 1434 supra
1388 1415 1389 1450 η

227 1451 385 1519 amolitus
409 1469 498 1524 sum;
527 1443 660 1526 ὀιστός,
692 1448 783 1531 quod
805 1449 1027 1514 Doederlinus
1056 1450 1090 1514 in
1113 1450 1225 1516 Gloss.
1255 1451 1338 1514 Hom.
1388 1455 1389 1460 ’

226 1556 309 1630 103.
330 1552 442 1618 nescio
465 1570 531 1634 qua
551 1546 704 1632 analogia
725 1572 745 1613 a
765 1550 924 1635 particula
943 1552 1003 1632 δύς
1023 1551 1167 1630 arcessit,
1190 1573 1339 1635 nusquam

232 1657 369 1744 legitur3
392 1648 553 1737 δύστηνος
575 1658 608 1712 et
634 1641 776 1736 ἅστηνος
798 1651 1008 1717 Grammatici
1037 1663 1125 1718 recte
1156 1675 1233 1717 cum
1254 1651 1338 1716 verbo

234 1763 355 1847 στῆναι
384 1750 602 1838 compositum
629 1760 749 1835 putant
773 1775 803 1816 v.
825 1753 927 1818 Proll.
956 1755 1028 1819 192.
1060 1755 1147 1818 uude
1177 1751 1293 1841 δοστην
1312 1765 1339 1816 et

233 1854 336 1947 ἀστήν
358 1855 434 1920 duci
461 1851 569 1939 potuit
594 1861 633 1914 ut
661 1844 769 1940 ἀστήν
794 1877 823 1919 v.
845 1854 965 1919 Parall.
990 1856 1061 1921 138.
1092 1856 1167 1920 hinc
1195 1877 1274 1921 vero
1295 1850 1340 1920 di·-

225 1983 352 2048 ,στηνος
381 1968 414 2020 et
439 1949 587 2022 ύσσοίνω
614 1961 651 2015 ut
679 1945 844 2040 ἀφραίνο.
894 1956 1046 2022 Eandem
1072 1979 1252 2022 consonam
1279 1978 1340 2020 oum
1389 2011 1390 2016 ,

232 2059 448 2128 antecedente
468 2055 500 2120 ei
529 2054 633 2140 epsilo
662 2054 824 2120 excidisse
849 2068 981 2121 sumunt
1010 2059 1066 2142 qui
1094 2058 1260 2145 Epidauri
1282 2056 1341 2144 epi·
1389 2129 1390 2132 Ἴ

233 2164 348 2229 theton
371 2153 495 2246 λιμηρά
515 2156 767 2251 interpretantur
788 2169 944 2238 portuosa
965 2181 994 2223 v.
1021 2159 1122 2224 Proll.
1144 2161 1219 2225 279.
1243 2158 1340 2242 etqui

189 2335 193 2340 ,
231 2261 466 2349 Proserpinam
488 2258 621 2324 honoris
645 2279 746 2322 causa
771 2254 911 2343 ἐνσοινην
932 2260 1092 2324 nominari
1118 2273 1236 2348 putant
1259 2259 1342 2346 quasi

233 2366 421 2450 ἐπαινέτην,
445 2360 636 2426 Eustathius
653 2381 730 2441 vero
756 2355 864 2445 δεινήν
885 2360 937 2424 vel
963 2358 1055 2448 αἰνήν
1078 2363 1255 2450 significari
1279 2362 1341 2449 opi·
1390 2406 1391 2423 .

234 2478 331 2534 natur
351 2462 596 2552 praepositione
617 2461 822 2526 redundante
843 2483 873 2525 v.
896 2461 1043 2528 Nitzsch.
1068 2466 1110 2529 ad
1128 2466 1195 2532 Od.
1213 2466 1261 2530 X.
1277 2465 1342 2529 491.
1390 2441 1391 2528 l

231 2571 287 2640 De
308 2569 372 2633 hoc
395 2567 437 2630 ad
453 2564 644 2650 Apollinem
665 2563 872 2628 referendum
894 2585 1023 2630 censeo.
1060 2564 1196 2654 Γοργείη
1224 2561 1342 2648 aeacus

223 2668 425 2739 ⁴Eustathius
441 2667 514 2744 828,
537 2665 589 2730 60.
612 2687 652 2729 ex
667 2663 846 2748 Γοργονειή
869 2676 1070 2731 contractum
1094 2690 1166 2733 esse
1189 2667 1344 2732 existimat

233 2784 269 2840 et
290 2772 366 2836 hinc
387 2790 485 2855 porro
519 2763 699 2832 concludit
728 2768 910 2830 Homerum
937 2767 1139 2834 insecundo
1164 2792 1244 2834 casu
1265 2775 1343 2852 Γορ-

232 2870 329 2962 γόνος
352 2871 474 2936 dixisse
495 2869 533 2932 ut
550 2869 740 2932 Zenodotus
763 2868 902 2953 scripsit,
926 2890 1001 2932 nam
1023 2891 1043 2933 a
1062 2867 1176 2957 Ιόργιύ
1200 2871 1344 2936 derivan-

233 2978 312 3042 dum
323 2973 425 3038 luisse
438 2977 455 3036 1
461 2975 602 3057 ὀργῶος.
639 2972 764 3036 Verum
786 2965 934 3054 γύρμειος
956 2967 1114 3058 ομορμύς
1134 2973 1271 3036 derivari
1286 2993 1343 3058 po·

222 3077 296 3142 'tuit
318 3075 402 3142 sicut
423 3094 523 3158 saepe
552 3094 722 3158 paragoga
748 3071 892 3136 transitis
920 3072 1078 3157 proximis
1102 3075 1345 3138 accommodan-

232 3189 286 3244 tur
318 3177 361 3242 ad
392 3175 566 3262 primitiva.
621 3175 675 3240 De
715 3173 839 3259 duplici
871 3174 979 3258 gentis
1011 3175 1183 3240 Aetolicae
1221 3174 1345 3240 nomine

222 3277 362 3368 Ὄφιεῖς
381 3288 414 3342 et
431 3271 599 3365 Ὀφιονεῐς
621 3275 702 3339 nihil
725 3275 886 3360 estquod
909 3275 1040 3340 decerni
1053 3278 1169 3362 possit.
1201 3278 1347 3343 Duorum

231 3404 309 3449 vero
331 3399 585 3464 synonymorum
605 3378 746 3459 χέλειον,
778 3399 844 3460 quo
866 3377 1033 3442 Nicander
1056 3389 1088 3442 et
1108 3380 1231 3444 Aratus
1252 3390 1344 3442 utun-

219 3494 295 3562 -tur,
317 3493 350 3549 ct
370 3476 551 3562 χελώνσιον,
575 3478 710 3542 alterum
732 3500 751 3540 a
772 3479 868 3558 μέλος
892 3479 1072 3544 derivatum
1098 3491 1205 3545 estut
1228 3478 1347 3567 γένειον

232 3609 254 3651 a
274 3583 377 3672 γένος,
401 3580 537 3644 alterum
567 3602 586 3642 a
613 3574 749 3666 χελώνη.
794 3581 956 3668 Πλεσμᾴν
982 3581 1121 3648 fortasse
1149 3605 1169 3646 a
1193 3584 1345 3663 πλεύμος,

219 3685 423 3770 σσλεομονᾷν
445 3704 465 3744 a
486 3677 654 3764 πλεύμων.
697 3680 776 3744 Non
797 3680 904 3746 minus
926 3682 1070 3748 diversas
1093 3683 1212 3770 stirpes
1229 3680 1347 3746 habent

234 3780 393 3875 ζηλοσύνη
430 3793 464 3846 et
498 3776 703 3869 ζηλημοσύνη
752 3782 803 3866 (ut
840 3778 1007 3872 Μνημόνη
1044 3795 1077 3850 et
1115 3778 1347 3871 Μνημοσύνη).

232 3887 351 3973 Sigma
372 3894 405 3948 et
424 3891 593 3969 praetexta
614 3881 645 3946 ei
666 3883 788 3948 vocalis
811 3884 1015 3950 desideratur
1035 3887 1070 3951 in
1091 3884 1160 3951 his:
1185 3885 1274 3961 σελίς
1292 3903 1348 3947 σε·

232 3987 314 4071 λίζω
344 3986 487 4068 σέλισμα
514 3981 574 4048 καὶ
604 3989 759 4072 συγκοσῇ
782 3984 898 4069 σέλμα·
915 3987 1026 4053 Schol.
1050 3987 1145 4073 Lips.
1176 3988 1219 4052 ad
1242 3982 1350 4051 llll.

233 4091 306 4156 170.
350 4086 459 4174 Epim.
481 4087 509 4150 Ι.
531 4085 611 4162 133,
641 4085 671 4149 8.
696 4086 785 4152 Gud.
806 4087 879 4164 221,
905 4088 957 4153 36.
980 4089 1039 4153 'sed
1063 4089 1117 4154 alii
1139 4089 1231 4154 aliter
1251 4107 1350 4173 expe-

219 4192 328 4265 ‚diunt
347 4214 377 4256 v.
401 4187 527 4256 Techn.
553 4186 624 4251 112.
664 4184 765 4266 Elauia
791 4211 831 4254 ex
850 4190 973 4256 novitio
998 4186 1141 4269 εῐκσσύς,
1166 4195 1284 4274 θαῦμα
1306 4209 1352 4252 ex

233 4287 422 4375 θαύμασμα
458 4299 645 4376 correptum
681 4289 746 4356 dici
779 4291 891 4375 ejectis
941 4293 1044 4358 tribus
1077 4293 1179 4360 literis
1192 4279 1352 4379 ”idronon
