2825 4809
221 335 296 426 ros
466 381 469 392 ·
570 345 890 417 mssssrnrro
916 339 983 413 111.

220 555 330 618 καμος
359 531 532 618 omniaque
562 534 723 619 ejusmodi
751 557 825 601 oum
847 534 1007 619 adjectivo
1029 527 1132 609 καλός
1156 527 1338 616 composita

223 652 315 714 esse,
341 635 432 722 quod
448 635 526 720 quia
543 637 632 722 apud
649 637 895 723 antiquissimos
911 646 1026 723 poetas
1037 631 1337 720 macroparaleoton

221 747 288 814 est,
321 735 397 802 hinc
426 737 551 824 colligit
583 738 660 804 olim
693 738 815 817 καλλός
852 738 1095 826 pronuntiatum
1131 735 1248 800 irrisae.
1304 732 1338 795 ld

111 829 114 834 Δ
220 848 307 904 certe
335 838 498 926 ignoravit
528 839 738 928 Apollonius.
788 841 855 906 Hic
886 840 973 906 enim
993 838 1080 904 Adv.
1098 837 1174 915 465,
1200 835 1256 900 14.
1288 831 1339 897 ubi

221 939 333 1005 scribit
354 940 480 1028 plurale
501 939 588 1007 καλά
608 942 771 1008 interdum
792 965 853 1030 pro
877 941 1031 1007 adverbio
1053 942 1166 1016 καλῶς
1186 937 1289 1024 poni,
1310 936 1339 999 in

220 1040 356 1106 transitu
390 1041 498 1119 addit,
536 1043 644 1109 Dores
680 1043 743 1110 hoo
774 1043 941 1109 intellectu
977 1036 1083 1108 καλλά
1115 1037 1338 1126 pronuntiare,

221 1143 311 1228 quod
338 1167 406 1211 non
435 1143 634 1224 addidisset,
664 1146 799 1234 opinor,
828 1145 855 1210 si
883 1156 1008 1211 veteres
1034 1142 1183 1208 Graecos
1210 1137 1339 1203 lambda

220 1261 281 1330 per
300 1267 413 1312 omnes
437 1266 531 1310 casus
553 1247 737 1332 geminasse
759 1246 884 1312 scisset.
926 1247 1103 1312 Praeterea
1123 1253 1222 1328 trope
1244 1261 1338 1304 voca·

219 1345 276 1423 lis,
299 1369 364 1432 qua
386 1347 551 1434 poeticum
568 1343 735 1435 ἀργίπους
752 1360 943 1426 excusatur,
966 1369 1082 1434 parum
1103 1343 1262 1410 convenit
1284 1342 1337 1404 ad·

214 1446 344 1531 jectivis
366 1449 465 1535 vulgo
489 1447 659 1515 celebratis
686 1463 722 1516 ut
740 1461 815 1515 sunt
836 1451 991 1537 pleraque
1013 1471 1087 1513 cum
1110 1443 1237 1523 κάλλος
1253 1465 1339 1510 com·

219 1547 340 1634 posita.
382 1551 540 1637 Exceptis
566 1562 671 1617 autem
702 1551 832 1617 duobus
859 1551 949 1616 hisce
970 1549 1093 1627 κάλλος
1109 1559 1146 1612 et
1168 1548 1263 1631 ὕψος
1285 1569 1339 1609 au·

220 1659 326 1716 ctores
348 1651 395 1717 illi
418 1674 501 1740 quos
523 1652 687 1718 nominavi
703 1653 738 1718 in
753 1653 874 1719 Parall.
887 1653 962 1718 455.
983 1653 1051 1717 iota
1073 1673 1140 1716 non
1164 1648 1340 1712 admittunt

218 1749 283 1814 nisi
310 1751 521 1837 sequentibus
555 1753 681 1820 duabus
715 1755 869 1820 consonis
902 1753 1111 1840 ἐγχῖκτοοος,
1145 1745 1337 1835 ὀριδρόμος,

220 1871 358 1936 quorum
388 1853 522 1920 alterum
549 1879 617 1922 non
648 1855 770 1941 legitur
800 1856 860 1922 sed
888 1852 1338 1939 contrariume‘yzsae'sspopoc,

218 1952 406 2040 pariterque
431 1957 567 2021 fluctuat
583 1957 743 2044 scriptura
761 1957 928 2022 nominum
947 1979 1031 2042 quae
1050 1978 1123 2021 cum
1145 1950 1229 2037 ν’λρος
1249 1973 1339 2016 eom·

218 2054 328 2140 posita
353 2066 429 2120 sunt
449 2057 537 2122 velut
554 2052 753 2144 νλρειτρεφής
773 2058 808 2123 in
827 2059 973 2124 Oraoulo
984 2057 1123 2122 Luoian.
1135 2054 1237 2120 Alex.
1247 2057 1277 2136 ξ.
1291 2052 1338 2116 84.

218 2175 279 2242 pro
303 2174 368 2241 quo
390 2158 425 2223 in
446 2157 543 2224 codd.
566 2152 748 2244 ὀριτρεοιῇς
777 2159 944 2236 scribitur,
973 2154 1173 2242 ὅρειόρόμος
1194 2153 1276 2242 lpb.
1298 2155 1338 2216 A.

219 2255 312 2322 1598.
332 2258 421 2343 quod
439 2259 646 2324 Hermannus
665 2258 709 2324 ob
727 2260 823 2325 aliam
840 2283 971 2326 oausam
987 2258 1132 2324 mutavit
1167 2256 1241 2324 Sed
1261 2253 1339 2318 haec
1390 2281 1391 2302 ι

219 2356 444 2444 abrumpenda
465 2371 541 2425 sunt
561 2383 603 2426 ne
625 2360 721 2426 nimis
738 2384 810 2427 sero
829 2363 871 2426 ad
887 2373 1053 2449 postrema
1070 2360 1230 2426 veniatur.
1270 2355 1339 2423 Vrri

216 2477 336 2523 nomen
362 2461 532 2548 proprium
554 2461 699 2548 Augusti
729 2463 827 2527 aetati
855 2463 1030 2527 subnatum
1060 2471 1111 2526 est
1137 2455 1339 2545 Ἔλντνδιφό-

216 2559 416 2658 fflque
435 2562 567 2627 unicum
592 2562 731 2627 admittit
752 2565 964 2630 Herodianus
984 2564 1095 2650 Epim.
1122 2561 1197 2627 187.
1225 2559 1272 2627 τὰ
1293 2556 1339 2634 εἷς

216 2682 346 2750 ηφορος
371 2658 480 2728 πάντα
510 2661 567 2730 διὰ
594 2667 652 2728 τοῦ
676 2651 711 2752 ἠ’
728 2664 974 2753 θανατηφόρος
987 2701 1028 2713 -
1044 2664 1130 2750 πλὴν
1156 2665 1219 2727 τοῦ
1242 2659 1339 2727 ἐλπι-

218 2761 363 2845 ᾶιφνῖρος
386 2759 588 2851 (Ἔλπιδιφ.)
612 2764 671 2828 sed
692 2787 866 2852 perperam
888 2768 1070 2855 explicatur
1085 2763 1339 2849 aTheognoato
1388 2796 1390 2801 ·

217 2857 300 2960 Can.
326 2862 379 2941 95,
404 2863 433 2928 8.
456 2862 498 2930 τὰ
522 2862 618 2950 παρὰ
640 2868 775 2954 δοτικὴν
791 2864 900 2955 ἑνικὴν
918 2868 1157 2951 commata
1175 2861 1339 2953 putatne

215 2964 253 3029 τὸ
282 2991 293 3030 ι
322 2961 583 3049 μασιιγιφόρος,
606 2964 885 3055 λαμπαδιφόρος,
914 2965 1215 3054 γραμμοτιφόρος,
1246 2965 1339 3031 stat-

217 3059 368 3148 διφόρος.
419 3067 513 3131 Haec
543 3065 628 3131 enirn
656 3089 723 3132 non
750 3089 825 3134 cum
853 3071 949 3135 tertio
980 3091 1058 3134 casu
1088 3067 1251 3154 copulata
1281 3066 1339 3130 sed

215 3161 376 3228 iotacismi
397 3164 471 3231 labe
494 3166 607 3231 vitiata
631 3179 715 3234 sunt.
760 3171 839 3236 Jam
861 3165 1232 3258 expromtisomnibus‚
1257 3189 1338 3251 quae
1387 3178 1389 3233 i

214 3261 294 3324 mihi
314 3263 355 3327 de
376 3273 469 3351 trope
492 3267 632 3333 dicenda
651 3268 861 3348 videbantur,
885 3284 1015 3358 tempus
1040 3281 1091 3336 est
1112 3263 1273 3356 coeptum
1296 3267 1338 3330 de

215 3360 407 3446 pleonasmo
432 3389 614 3434 sermonem
636 3373 882 3456 pertexere⁴⁸).
1386 3428 1387 3451 }

299 3465 324 3547 ξ.
342 3464 392 3528 10.
435 3466 489 3531 De
512 3469 669 3552 synthctis
691 3493 792 3536 unum
816 3473 1005 3538 addendum
1025 3473 1158 3538 videtur
1181 3481 1217 3537 et
1238 3469 1273 3536 id
1292 3467 1336 3533 ob

215 3572 378 3628 auctorem
407 3566 527 3631 solum:
561 3564 697 3656 ἀΐδηλος
717 3571 911 3638 Methodius
936 3597 977 3639 ex
998 3573 1098 3660 alpba
1120 3574 1282 3660 privativo
1302 3579 1334 3634 et

215 3661 374 3746 adjectivo
395 3662 510 3753 l‘dqlog
531 3668 706 3736 conflatum
729 3694 802 3739 csse
825 3672 951 3751 statuit,
975 3674 1237 3741 Choeroboscus
1259 3694 1332 3737 vero
1385 3712 1386 3733 ι

214 3780 255 3827 ex
286 3759 482 3852 ‹iirbo'dqlog
509 3770 794 3841 contractum-t
822 3777 859 3842 ds*
882 3773 1095 3861 Ἡρωδιανὸς
1121 3774 1174 3855 εἷς
1195 3777 1235 3843 τὸ
1257 3770 1334 3854 περὶ

212 3866 337 3928 παθῶν
358 3865 444 3946 λέγει
467 3864 546 3935 αὐτὸ
572 3869 690 3952 οὕτως,
722 3873 819 3960 ζῆλος
846 3870 970 3963 ἄζηλος
1000 3877 1212 3963 πλεονασμῷ
1236 3862 1334 3943 τοῦ-ι

283 4031 329 4094 ⁴5)
348 4030 393 4084 Ad
411 4041 540 4088 neutrum
557 4037 682 4105 pertinet
696 4045 851 4112 νησλαρχος.
889 4043 1136 4106 Quemadmodum
1156 4041 1232 4097 enim
1247 4041 1333 4096 hodie
1385 4072 1386 4091 ι

213 4105 242 4162 td
261 4109 320 4177 νὴον
340 4114 442 4170 dicitur
459 4137 510 4188 pro
528 4117 668 4189 primitivo
688 4129 783 4190 νῆσος,
805 4125 846 4181 sic
863 4126 935 4181 illud
954 4147 971 4182 a
989 4135 1088 4198 νησίον
1107 4131 1224 4183 ductum
1243 4135 1283 4182 est
1297 4134 1333 4179 ut

213 4191 249 4242 ιι
269 4193 329 4330 app
347 4199 503 4256 nomnibus
523 4201 552 4256 ιιι
570 4192 616 4259 ,οἳ
632 4208 826 4266 esanensem
843 4211 1058 4288 ναιμονιάρννι,
1078 4213 1263 4294 resorbeor,
1281 4233 1334 4266 ²⁰-

213 4293 279 4348 ρνοει
299 4300 336 4348 ης.
