<?xml version="1.0" encoding="UTF-8"?>
<!DOCTYPE html PUBLIC "-//W3C//DTD XHTML 1.0 Transitional//EN"
    "http://www.w3.org/TR/xhtml1/DTD/xhtml1-transitional.dtd">
<html xmlns="http://www.w3.org/1999/xhtml" xml:lang="en" lang="en">
 <head>
  <title>
</title>
<meta http-equiv="Content-Type" content="text/html;charset=utf-8" />
  <meta name='ocr-system' content='tesseract 3.04.00' />
  <meta name='ocr-capabilities' content='ocr_page ocr_carea ocr_par ocr_line ocrx_word'/>
</head>
<body>
  <div class='ocr_page' id='page_1' title='image "./pathologiaegrae01lobegoog/pathologiaegrae01lobegoog_0576.png"; bbox 0 0 2825 4809; ppageno 0'>
   <div class='ocr_carea' id='block_1_1' title="bbox 227 295 1109 378">
    <p class='ocr_par' dir='ltr' id='par_1_1' title="bbox 227 295 1109 378">
     <span class='ocr_line' id='line_1_1' title="bbox 227 295 1109 378; baseline -0.025 1"><span class='ocrx_word' id='word_1_1' title='bbox 227 301 304 378; x_wconf 79' lang='grc'><strong>472</strong></span> <span class='ocrx_word' id='word_1_2' title='bbox 581 295 901 367; x_wconf 81' lang='lat' dir='ltr'>DISSERTATIO</span> <span class='ocrx_word' id='word_1_3' title='bbox 924 296 987 362; x_wconf 83' lang='grc' dir='ltr'><strong>ΠΙ.</strong></span> <span class='ocrx_word' id='word_1_4' title='bbox 1105 333 1109 336; x_wconf 98' lang='grc'>-</span> 
     </span>
    </p>
   </div>
   <div class='ocr_carea' id='block_1_2' title="bbox 151 475 1381 4330">
    <p class='ocr_par' dir='ltr' id='par_1_2' title="bbox 151 475 1381 4330">
     <span class='ocr_line' id='line_1_2' title="bbox 226 475 1312 572; baseline -0.004 -20"><span class='ocrx_word' id='word_1_5' title='bbox 226 507 375 552; x_wconf 85' lang='lat' dir='ltr'><strong>nasmum</strong></span> <span class='ocrx_word' id='word_1_6' title='bbox 396 481 516 550; x_wconf 90' lang='lat' dir='ltr'><strong>habere</strong></span> <span class='ocrx_word' id='word_1_7' title='bbox 539 481 655 548; x_wconf 84' lang='lat' dir='ltr'><strong>dicit-</strong></span> <span class='ocrx_word' id='word_1_8' title='bbox 672 479 702 548; x_wconf 80' lang='lat' dir='ltr'><strong>ei</strong></span> <span class='ocrx_word' id='word_1_9' title='bbox 725 483 764 550; x_wconf 82' lang='grc' dir='ltr'><strong>δὲ</strong></span> <span class='ocrx_word' id='word_1_10' title='bbox 784 481 915 572; x_wconf 74' lang='grc' dir='ltr'><em>εἴρηται</em></span> <span class='ocrx_word' id='word_1_11' title='bbox 938 475 1312 562; x_wconf 63' lang='grc' dir='ltr'><strong>Ἀθότ-ςἎθόουᾌλόω,</strong></span> 
     </span>
     <span class='ocr_line' id='line_1_3' title="bbox 228 578 1313 672; baseline -0.006 -19"><span class='ocrx_word' id='word_1_12' title='bbox 228 585 340 654; x_wconf 71' lang='grc' dir='ltr'><strong><em>οὐκέτι</em></strong></span> <span class='ocrx_word' id='word_1_13' title='bbox 356 583 530 665; x_wconf 69' lang='grc' dir='ltr'><strong><em>πλεονάζει</em></strong></span> <span class='ocrx_word' id='word_1_14' title='bbox 548 606 633 669; x_wconf 85' lang='lat' dir='ltr'><strong>quae</strong></span> <span class='ocrx_word' id='word_1_15' title='bbox 649 584 697 650; x_wconf 90' lang='lat' dir='ltr'><strong>sic</strong></span> <span class='ocrx_word' id='word_1_16' title='bbox 710 585 808 651; x_wconf 88' lang='lat' dir='ltr'><strong>scribi</strong></span> <span class='ocrx_word' id='word_1_17' title='bbox 824 597 957 672; x_wconf 81' lang='lat' dir='ltr'>oportet</span> <span class='ocrx_word' id='word_1_18' title='bbox 970 582 999 650; x_wconf 78' lang='lat' dir='ltr'><strong>ei</strong></span> <span class='ocrx_word' id='word_1_19' title='bbox 1012 583 1050 650; x_wconf 81' lang='grc' dir='ltr'><strong>δὲ</strong></span> <span class='ocrx_word' id='word_1_20' title='bbox 1068 581 1194 672; x_wconf 75' lang='grc' dir='ltr'><strong><em>εἴρηται</em></strong></span> <span class='ocrx_word' id='word_1_21' title='bbox 1202 578 1313 662; x_wconf 68' lang='grc' dir='ltr'><strong><em>Ἀθόως</em></strong></span> 
     </span>
     <span class='ocr_line' id='line_1_4' title="bbox 219 679 1315 768; baseline -0.007 -12"><span class='ocrx_word' id='word_1_22' title='bbox 219 681 345 764; x_wconf 58' lang='lat' dir='ltr'><strong>ituriae,</strong></span> <span class='ocrx_word' id='word_1_23' title='bbox 364 679 474 752; x_wconf 80' lang='grc' dir='ltr'><strong><em>οὐκέτι</em></strong></span> <span class='ocrx_word' id='word_1_24' title='bbox 486 723 538 750; x_wconf 85' lang='grc'><strong>--.</strong></span> <span class='ocrx_word' id='word_1_25' title='bbox 562 685 723 768; x_wconf 80' lang='lat' dir='ltr'><strong>Quaestio</strong></span> <span class='ocrx_word' id='word_1_26' title='bbox 746 687 833 752; x_wconf 90' lang='lat' dir='ltr'><strong>enim</strong></span> <span class='ocrx_word' id='word_1_27' title='bbox 853 688 887 753; x_wconf 92' lang='lat' dir='ltr'><strong>in</strong></span> <span class='ocrx_word' id='word_1_28' title='bbox 910 686 973 752; x_wconf 93' lang='lat' dir='ltr'><strong>hoc</strong></span> <span class='ocrx_word' id='word_1_29' title='bbox 988 696 1133 751; x_wconf 89' lang='lat' dir='ltr'><strong>versatur</strong></span> <span class='ocrx_word' id='word_1_30' title='bbox 1148 695 1247 748; x_wconf 85' lang='lat' dir='ltr'><strong>utrum</strong></span> <span class='ocrx_word' id='word_1_31' title='bbox 1256 706 1315 748; x_wconf 87' lang='lat' dir='ltr'><strong>vera</strong></span> 
     </span>
     <span class='ocr_line' id='line_1_5' title="bbox 228 779 1315 872; baseline -0.005 -19"><span class='ocrx_word' id='word_1_32' title='bbox 228 797 261 854; x_wconf 89' lang='lat' dir='ltr'><strong>et</strong></span> <span class='ocrx_word' id='word_1_33' title='bbox 291 807 446 872; x_wconf 86' lang='lat' dir='ltr'><strong>germana</strong></span> <span class='ocrx_word' id='word_1_34' title='bbox 470 788 661 852; x_wconf 87' lang='lat' dir='ltr'><strong>nominativi</strong></span> <span class='ocrx_word' id='word_1_35' title='bbox 689 788 795 853; x_wconf 78' lang='lat' dir='ltr'><strong>forma</strong></span> <span class='ocrx_word' id='word_1_36' title='bbox 821 789 865 852; x_wconf 85' lang='lat' dir='ltr'><strong>sit</strong></span> <span class='ocrx_word' id='word_1_37' title='bbox 882 781 1017 865; x_wconf 74' lang='grc' dir='ltr'><strong><em>’Ἀθοως</em></strong></span> <span class='ocrx_word' id='word_1_38' title='bbox 1047 811 1089 850; x_wconf 89' lang='lat' dir='ltr'><strong>an</strong></span> <span class='ocrx_word' id='word_1_39' title='bbox 1108 779 1231 862; x_wconf 68' lang='grc' dir='ltr'><strong><em>Ἄθως,</em></strong></span> <span class='ocrx_word' id='word_1_40' title='bbox 1256 785 1315 849; x_wconf 86' lang='lat' dir='ltr'><strong>huic</strong></span> 
     </span>
     <span class='ocr_line' id='line_1_6' title="bbox 208 876 1314 977; baseline -0.005 -23"><span class='ocrx_word' id='word_1_41' title='bbox 208 901 337 956; x_wconf 67' lang='lat' dir='ltr'><strong>autem</strong></span> <span class='ocrx_word' id='word_1_42' title='bbox 355 876 382 953; x_wconf 67' lang='lat' dir='ltr'><strong>b</strong></span> <span class='ocrx_word' id='word_1_43' title='bbox 402 888 525 954; x_wconf 79' lang='lat' dir='ltr'><strong>micton</strong></span> <span class='ocrx_word' id='word_1_44' title='bbox 554 890 777 977; x_wconf 80' lang='lat' dir='ltr'><strong>supervenerit</strong></span> <span class='ocrx_word' id='word_1_45' title='bbox 802 890 853 954; x_wconf 89' lang='lat' dir='ltr'><strong>vel</strong></span> <span class='ocrx_word' id='word_1_46' title='bbox 875 889 1014 954; x_wconf 87' lang='lat' dir='ltr'><strong>diaeresi</strong></span> <span class='ocrx_word' id='word_1_47' title='bbox 1046 900 1083 952; x_wconf 90' lang='lat' dir='ltr'><strong>ut</strong></span> <span class='ocrx_word' id='word_1_48' title='bbox 1110 898 1204 950; x_wconf 86' lang='lat' dir='ltr'><strong>vocat</strong></span> <span class='ocrx_word' id='word_1_49' title='bbox 1225 885 1314 952; x_wconf 86' lang='lat' dir='ltr'><strong>Schoi.</strong></span> 
     </span>
     <span class='ocr_line' id='line_1_7' title="bbox 227 988 1316 1074; baseline -0.005 -18"><span class='ocrx_word' id='word_1_50' title='bbox 227 989 343 1056; x_wconf 85' lang='lat'><em>11.111.</em></span> <span class='ocrx_word' id='word_1_51' title='bbox 362 990 433 1055; x_wconf 87' lang='grc'><strong>122.</strong></span> <span class='ocrx_word' id='word_1_52' title='bbox 457 991 509 1056; x_wconf 93' lang='lat' dir='ltr'><strong>cui</strong></span> <span class='ocrx_word' id='word_1_53' title='bbox 530 1014 592 1056; x_wconf 87' lang='lat' dir='ltr'><strong>nos</strong></span> <span class='ocrx_word' id='word_1_54' title='bbox 616 992 769 1056; x_wconf 86' lang='lat' dir='ltr'><strong>dieotasis</strong></span> <span class='ocrx_word' id='word_1_55' title='bbox 790 1014 910 1056; x_wconf 91' lang='lat' dir='ltr'><strong>nomen</strong></span> <span class='ocrx_word' id='word_1_56' title='bbox 932 991 1113 1066; x_wconf 77' lang='lat' dir='ltr'>tribuimus,</span> <span class='ocrx_word' id='word_1_57' title='bbox 1133 989 1184 1054; x_wconf 87' lang='lat' dir='ltr'><strong>vel</strong></span> <span class='ocrx_word' id='word_1_58' title='bbox 1198 988 1316 1074; x_wconf 85' lang='lat' dir='ltr'><strong>epectasi</strong></span> 
     </span>
     <span class='ocr_line' id='line_1_8' title="bbox 228 1091 1316 1181; baseline -0.005 -23"><span class='ocrx_word' id='word_1_59' title='bbox 228 1093 360 1181; x_wconf 84' lang='lat' dir='ltr'><strong>poetica</strong></span> <span class='ocrx_word' id='word_1_60' title='bbox 380 1103 417 1156; x_wconf 89' lang='lat' dir='ltr'><strong>ut</strong></span> <span class='ocrx_word' id='word_1_61' title='bbox 441 1091 518 1160; x_wconf 83' lang='lat' dir='ltr'><strong>seh.</strong></span> <span class='ocrx_word' id='word_1_62' title='bbox 530 1093 569 1158; x_wconf 86' lang='lat' dir='ltr'><strong>ss.</strong></span> <span class='ocrx_word' id='word_1_63' title='bbox 592 1093 690 1159; x_wconf 82' lang='lat' dir='ltr'><strong>le.</strong></span> <span class='ocrx_word' id='word_1_64' title='bbox 702 1094 775 1160; x_wconf 86' lang='grc'><strong>229.</strong></span> <span class='ocrx_word' id='word_1_65' title='bbox 798 1093 862 1158; x_wconf 91' lang='lat' dir='ltr'><strong>hoc</strong></span> <span class='ocrx_word' id='word_1_66' title='bbox 882 1104 932 1158; x_wconf 84' lang='lat' dir='ltr'><strong>est</strong></span> <span class='ocrx_word' id='word_1_67' title='bbox 948 1094 1141 1180; x_wconf 89' lang='lat' dir='ltr'><strong>pleonasmo</strong></span> <span class='ocrx_word' id='word_1_68' title='bbox 1156 1091 1316 1178; x_wconf 87' lang='lat' dir='ltr'><strong>promiscuo</strong></span> 
     </span>
     <span class='ocr_line' id='line_1_9' title="bbox 229 1192 1317 1281; baseline -0.006 -19"><span class='ocrx_word' id='word_1_69' title='bbox 229 1206 263 1262; x_wconf 87' lang='lat' dir='ltr'><strong>et</strong></span> <span class='ocrx_word' id='word_1_70' title='bbox 282 1192 463 1260; x_wconf 81' lang='lat' dir='ltr'><strong>arbitrario.</strong></span> <span class='ocrx_word' id='word_1_71' title='bbox 506 1194 562 1262; x_wconf 89' lang='lat' dir='ltr'><strong>Ab</strong></span> <span class='ocrx_word' id='word_1_72' title='bbox 582 1207 723 1280; x_wconf 88' lang='lat' dir='ltr'><strong>utroque</strong></span> <span class='ocrx_word' id='word_1_73' title='bbox 744 1196 853 1281; x_wconf 82' lang='lat' dir='ltr'><strong>Epim.</strong></span> <span class='ocrx_word' id='word_1_74' title='bbox 873 1195 901 1261; x_wconf 92' lang='lat'><strong>1.</strong></span> <span class='ocrx_word' id='word_1_75' title='bbox 929 1196 1001 1260; x_wconf 84' lang='lat'><strong>146.</strong></span> <span class='ocrx_word' id='word_1_76' title='bbox 1025 1193 1181 1260; x_wconf 75' lang='lat' dir='ltr'><strong>discernit</strong></span> <span class='ocrx_word' id='word_1_77' title='bbox 1200 1193 1317 1277; x_wconf 83' lang='lat' dir='ltr'><strong>quadru-</strong></span> 
     </span>
     <span class='ocr_line' id='line_1_10' title="bbox 228 1290 1316 1385; baseline -0.005 -22"><span class='ocrx_word' id='word_1_78' title='bbox 228 1296 324 1385; x_wconf 80' lang='lat' dir='ltr'><strong>pedis</strong></span> <span class='ocrx_word' id='word_1_79' title='bbox 345 1318 480 1362; x_wconf 84' lang='lat' dir='ltr'><strong>nomen:</strong></span> <span class='ocrx_word' id='word_1_80' title='bbox 502 1293 540 1360; x_wconf 73' lang='grc' dir='ltr'><strong>τὰ</strong></span> <span class='ocrx_word' id='word_1_81' title='bbox 564 1297 676 1383; x_wconf 75' lang='grc' dir='ltr'><strong><em>γαλόῳ</em></strong></span> <span class='ocrx_word' id='word_1_82' title='bbox 699 1296 757 1360; x_wconf 83' lang='grc' dir='ltr'><strong>καὶ</strong></span> <span class='ocrx_word' id='word_1_83' title='bbox 777 1291 893 1362; x_wconf 58' lang='lat' dir='ltr'><strong>§tuoe</strong></span> <span class='ocrx_word' id='word_1_84' title='bbox 917 1290 993 1361; x_wconf 79' lang='grc' dir='ltr'><strong>κατ’</strong></span> <span class='ocrx_word' id='word_1_85' title='bbox 1024 1295 1217 1361; x_wconf 62' lang='lat' dir='ltr'><strong>artabrum·</strong></span> <span class='ocrx_word' id='word_1_86' title='bbox 1245 1294 1272 1358; x_wconf 68' lang='lat' dir='ltr'><strong>iv</strong></span> <span class='ocrx_word' id='word_1_87' title='bbox 1289 1292 1316 1358; x_wconf 79' lang='grc' dir='ltr'><strong>δὲ</strong></span> 
     </span>
     <span class='ocr_line' id='line_1_11' title="bbox 229 1382 1318 1484; baseline -0.006 -20"><span class='ocrx_word' id='word_1_88' title='bbox 229 1400 276 1484; x_wconf 80' lang='grc' dir='ltr'><strong>τῷ</strong></span> <span class='ocrx_word' id='word_1_89' title='bbox 297 1391 429 1479; x_wconf 70' lang='grc' dir='ltr'><strong><em>λαγωός</em></strong></span> <span class='ocrx_word' id='word_1_90' title='bbox 449 1389 509 1468; x_wconf 77' lang='grc' dir='ltr'><strong>οὐκ</strong></span> <span class='ocrx_word' id='word_1_91' title='bbox 533 1395 713 1473; x_wconf 57' lang='lat' dir='ltr'><strong>intrusere</strong></span> <span class='ocrx_word' id='word_1_92' title='bbox 734 1401 793 1462; x_wconf 78' lang='grc' dir='ltr'><strong>τοῦ</strong></span> <span class='ocrx_word' id='word_1_93' title='bbox 809 1382 852 1474; x_wconf 61' lang='grc' dir='ltr'><strong>ἶ,</strong></span> <span class='ocrx_word' id='word_1_94' title='bbox 869 1391 955 1462; x_wconf 79' lang='grc' dir='ltr'><strong><em>ἀλλὰ</em></strong></span> <span class='ocrx_word' id='word_1_95' title='bbox 980 1396 1078 1482; x_wconf 81' lang='grc' dir='ltr'><em>δισσὴ</em></span> <span class='ocrx_word' id='word_1_96' title='bbox 1104 1391 1121 1479; x_wconf 73' lang='grc' dir='ltr'><em>ἦ</em></span> <span class='ocrx_word' id='word_1_97' title='bbox 1147 1400 1254 1480; x_wconf 75' lang='grc' dir='ltr'><strong><em>χρῆσις</em></strong></span> <span class='ocrx_word' id='word_1_98' title='bbox 1272 1396 1318 1458; x_wconf 87' lang='grc' dir='ltr'><strong>λα-</strong></span> 
     </span>
     <span class='ocr_line' id='line_1_12' title="bbox 229 1493 1380 1587; baseline -0.005 -23"><span class='ocrx_word' id='word_1_99' title='bbox 229 1497 297 1583; x_wconf 76' lang='grc' dir='ltr'><strong>γώς</strong></span> <span class='ocrx_word' id='word_1_100' title='bbox 316 1497 375 1564; x_wconf 79' lang='grc' dir='ltr'><strong>καὶ</strong></span> <span class='ocrx_word' id='word_1_101' title='bbox 398 1493 538 1582; x_wconf 80' lang='grc' dir='ltr'><strong><em>λαγωός.</em></strong></span> <span class='ocrx_word' id='word_1_102' title='bbox 570 1497 910 1564; x_wconf 86' lang='lat' dir='ltr'><strong>Discernendiautem</strong></span> <span class='ocrx_word' id='word_1_103' title='bbox 929 1500 1011 1563; x_wconf 89' lang='lat' dir='ltr'><strong>duas</strong></span> <span class='ocrx_word' id='word_1_104' title='bbox 1026 1498 1172 1562; x_wconf 87' lang='lat' dir='ltr'><strong>rationes</strong></span> <span class='ocrx_word' id='word_1_105' title='bbox 1191 1496 1319 1560; x_wconf 81' lang='lat' dir='ltr'><strong>habuisse</strong></span> <span class='ocrx_word' id='word_1_106' title='bbox 1379 1528 1380 1587; x_wconf 67' lang='lat'>3</span> 
     </span>
     <span class='ocr_line' id='line_1_13' title="bbox 228 1598 1319 1688; baseline -0.002 -24"><span class='ocrx_word' id='word_1_107' title='bbox 228 1599 374 1675; x_wconf 88' lang='lat' dir='ltr'><strong>videtur,</strong></span> <span class='ocrx_word' id='word_1_108' title='bbox 405 1619 504 1664; x_wconf 86' lang='lat' dir='ltr'><strong>unam</strong></span> <span class='ocrx_word' id='word_1_109' title='bbox 537 1598 628 1684; x_wconf 90' lang='lat' dir='ltr'><strong>quod</strong></span> <span class='ocrx_word' id='word_1_110' title='bbox 659 1599 716 1664; x_wconf 90' lang='lat' dir='ltr'><strong>illa</strong></span> <span class='ocrx_word' id='word_1_111' title='bbox 748 1602 839 1688; x_wconf 89' lang='lat' dir='ltr'><strong>apud</strong></span> <span class='ocrx_word' id='word_1_112' title='bbox 868 1601 956 1665; x_wconf 81' lang='lat' dir='ltr'><strong>solos</strong></span> <span class='ocrx_word' id='word_1_113' title='bbox 986 1611 1103 1686; x_wconf 89' lang='lat' dir='ltr'><strong>poetas</strong></span> <span class='ocrx_word' id='word_1_114' title='bbox 1130 1598 1319 1674; x_wconf 87' lang='lat' dir='ltr'><strong>inveniuntur,</strong></span> 
     </span>
     <span class='ocr_line' id='line_1_14' title="bbox 229 1699 1380 1788; baseline -0.001 -24"><span class='ocrx_word' id='word_1_115' title='bbox 229 1699 315 1766; x_wconf 87' lang='lat' dir='ltr'><strong>tertii</strong></span> <span class='ocrx_word' id='word_1_116' title='bbox 342 1709 450 1764; x_wconf 88' lang='lat' dir='ltr'><strong>autem</strong></span> <span class='ocrx_word' id='word_1_117' title='bbox 475 1700 616 1766; x_wconf 91' lang='lat' dir='ltr'><strong>nominis</strong></span> <span class='ocrx_word' id='word_1_118' title='bbox 640 1700 746 1766; x_wconf 87' lang='lat' dir='ltr'><strong>forma</strong></span> <span class='ocrx_word' id='word_1_119' title='bbox 773 1717 912 1788; x_wconf 89' lang='lat' dir='ltr'><strong>utraque</strong></span> <span class='ocrx_word' id='word_1_120' title='bbox 939 1702 974 1766; x_wconf 92' lang='lat' dir='ltr'><strong>iu</strong></span> <span class='ocrx_word' id='word_1_121' title='bbox 1000 1701 1168 1767; x_wconf 90' lang='lat' dir='ltr'><strong>communi</strong></span> <span class='ocrx_word' id='word_1_122' title='bbox 1191 1723 1248 1764; x_wconf 82' lang='lat' dir='ltr'><strong>usn</strong></span> <span class='ocrx_word' id='word_1_123' title='bbox 1264 1723 1319 1763; x_wconf 88' lang='lat' dir='ltr'><strong>ver·</strong></span> <span class='ocrx_word' id='word_1_124' title='bbox 1379 1730 1380 1763; x_wconf 73' lang='lat'>1</span> 
     </span>
     <span class='ocr_line' id='line_1_15' title="bbox 229 1801 1320 1891; baseline -0.004 -22"><span class='ocrx_word' id='word_1_125' title='bbox 229 1811 333 1880; x_wconf 76' lang='lat' dir='ltr'><strong>satur3</strong></span> <span class='ocrx_word' id='word_1_126' title='bbox 359 1801 492 1868; x_wconf 90' lang='lat' dir='ltr'><strong>alteram</strong></span> <span class='ocrx_word' id='word_1_127' title='bbox 518 1802 553 1866; x_wconf 94' lang='lat' dir='ltr'><strong>in</strong></span> <span class='ocrx_word' id='word_1_128' title='bbox 576 1815 712 1868; x_wconf 80' lang='lat' dir='ltr'><strong>accentu</strong></span> <span class='ocrx_word' id='word_1_129' title='bbox 734 1805 895 1891; x_wconf 69' lang='lat' dir='ltr'><strong>positam</strong></span> <span class='ocrx_word' id='word_1_130' title='bbox 924 1803 1011 1868; x_wconf 82' lang='lat' dir='ltr'><strong>hunc</strong></span> <span class='ocrx_word' id='word_1_131' title='bbox 1040 1803 1128 1868; x_wconf 91' lang='lat' dir='ltr'><strong>enim</strong></span> <span class='ocrx_word' id='word_1_132' title='bbox 1159 1801 1320 1887; x_wconf 84' lang='lat' dir='ltr'><strong>epenthesis</strong></span> 
     </span>
     <span class='ocr_line' id='line_1_16' title="bbox 228 1900 1320 1991; baseline -0.005 -21"><span class='ocrx_word' id='word_1_133' title='bbox 228 1903 373 1980; x_wconf 81' lang='lat' dir='ltr'><strong>retrahit,</strong></span> <span class='ocrx_word' id='word_1_134' title='bbox 394 1900 526 1990; x_wconf 79' lang='grc' dir='ltr'><strong><em>λαγωός</em></strong></span> <span class='ocrx_word' id='word_1_135' title='bbox 547 1919 654 1970; x_wconf 87' lang='lat' dir='ltr'><strong>autem</strong></span> <span class='ocrx_word' id='word_1_136' title='bbox 675 1915 709 1969; x_wconf 90' lang='lat' dir='ltr'><strong>et</strong></span> <span class='ocrx_word' id='word_1_137' title='bbox 729 1906 838 1991; x_wconf 79' lang='grc' dir='ltr'><strong><em>λαγώς</em></strong></span> <span class='ocrx_word' id='word_1_138' title='bbox 858 1905 926 1970; x_wconf 83' lang='lat' dir='ltr'><strong>eive</strong></span> <span class='ocrx_word' id='word_1_139' title='bbox 950 1909 1060 1990; x_wconf 75' lang='grc' dir='ltr'><strong><em>λαγῶς</em></strong></span> <span class='ocrx_word' id='word_1_140' title='bbox 1080 1903 1115 1967; x_wconf 94' lang='lat' dir='ltr'><strong>in</strong></span> <span class='ocrx_word' id='word_1_141' title='bbox 1140 1905 1249 1968; x_wconf 89' lang='lat' dir='ltr'><strong>eadem</strong></span> <span class='ocrx_word' id='word_1_142' title='bbox 1269 1904 1320 1986; x_wconf 85' lang='lat' dir='ltr'><strong>syl·</strong></span> 
     </span>
     <span class='ocr_line' id='line_1_17' title="bbox 227 2005 1323 2092; baseline -0.005 -20"><span class='ocrx_word' id='word_1_143' title='bbox 227 2005 303 2072; x_wconf 80' lang='lat' dir='ltr'><strong>laba</strong></span> <span class='ocrx_word' id='word_1_144' title='bbox 334 2007 435 2072; x_wconf 85' lang='lat' dir='ltr'><strong>fixum</strong></span> <span class='ocrx_word' id='word_1_145' title='bbox 468 2006 598 2074; x_wconf 88' lang='lat' dir='ltr'><strong>habent.</strong></span> <span class='ocrx_word' id='word_1_146' title='bbox 640 2007 731 2072; x_wconf 65' lang='lat' dir='ltr'><strong>&#39;Duo</strong></span> <span class='ocrx_word' id='word_1_147' title='bbox 768 2006 832 2070; x_wconf 88' lang='lat' dir='ltr'><strong>alia</strong></span> <span class='ocrx_word' id='word_1_148' title='bbox 870 2007 1017 2090; x_wconf 87' lang='lat' dir='ltr'><strong>ejusdem</strong></span> <span class='ocrx_word' id='word_1_149' title='bbox 1050 2007 1180 2092; x_wconf 89' lang='lat' dir='ltr'><strong>figurae</strong></span> <span class='ocrx_word' id='word_1_150' title='bbox 1214 2005 1323 2069; x_wconf 85' lang='lat' dir='ltr'><strong>nomina</strong></span> 
     </span>
     <span class='ocr_line' id='line_1_18' title="bbox 233 2104 1324 2194; baseline -0.003 -22"><span class='ocrx_word' id='word_1_151' title='bbox 233 2104 349 2191; x_wconf 68' lang='lat' dir='ltr'><strong>Tomis</strong></span> <span class='ocrx_word' id='word_1_152' title='bbox 370 2118 403 2172; x_wconf 88' lang='lat' dir='ltr'><strong>et</strong></span> <span class='ocrx_word' id='word_1_153' title='bbox 425 2105 538 2191; x_wconf 66' lang='grc' dir='ltr'><em>δμωτίς</em></span> <span class='ocrx_word' id='word_1_154' title='bbox 558 2121 683 2174; x_wconf 89' lang='lat' dir='ltr'><strong>veteres</strong></span> <span class='ocrx_word' id='word_1_155' title='bbox 705 2131 772 2173; x_wconf 93' lang='lat' dir='ltr'><strong>non</strong></span> <span class='ocrx_word' id='word_1_156' title='bbox 794 2121 889 2172; x_wconf 85' lang='lat' dir='ltr'><strong>aucta</strong></span> <span class='ocrx_word' id='word_1_157' title='bbox 910 2109 970 2173; x_wconf 84' lang='lat' dir='ltr'><strong>sed</strong></span> <span class='ocrx_word' id='word_1_158' title='bbox 991 2131 1032 2173; x_wconf 89' lang='lat' dir='ltr'><strong>ex</strong></span> <span class='ocrx_word' id='word_1_159' title='bbox 1056 2107 1202 2194; x_wconf 84' lang='lat' dir='ltr'><strong>genitivo</strong></span> <span class='ocrx_word' id='word_1_160' title='bbox 1223 2107 1324 2170; x_wconf 81' lang='lat' dir='ltr'><strong>reflexa</strong></span> 
     </span>
     <span class='ocr_line' id='line_1_19' title="bbox 151 2201 1381 2295; baseline -0.002 -23"><span class='ocrx_word' id='word_1_161' title='bbox 151 2219 158 2230; x_wconf 79' lang='lat'><strong><em>‘</em></strong></span> <span class='ocrx_word' id='word_1_162' title='bbox 230 2229 302 2272; x_wconf 83' lang='lat' dir='ltr'><strong>esee</strong></span> <span class='ocrx_word' id='word_1_163' title='bbox 324 2207 445 2274; x_wconf 83' lang='lat' dir='ltr'><strong>docent</strong></span> <span class='ocrx_word' id='word_1_164' title='bbox 461 2230 491 2275; x_wconf 79' lang='lat' dir='ltr'><strong>v.</strong></span> <span class='ocrx_word' id='word_1_165' title='bbox 507 2208 609 2274; x_wconf 90' lang='lat' dir='ltr'><strong>Proll.</strong></span> <span class='ocrx_word' id='word_1_166' title='bbox 631 2209 683 2274; x_wconf 92' lang='grc'><strong>29.</strong></span> <span class='ocrx_word' id='word_1_167' title='bbox 706 2210 827 2295; x_wconf 87' lang='lat' dir='ltr'><strong>Ignota</strong></span> <span class='ocrx_word' id='word_1_168' title='bbox 847 2220 924 2274; x_wconf 92' lang='lat' dir='ltr'><strong>suut</strong></span> <span class='ocrx_word' id='word_1_169' title='bbox 946 2213 1024 2286; x_wconf 84' lang='grc' dir='ltr'><strong>Κῶς</strong></span> <span class='ocrx_word' id='word_1_170' title='bbox 1044 2212 1083 2274; x_wconf 80' lang='grc' dir='ltr'><strong>τὸ</strong></span> <span class='ocrx_word' id='word_1_171' title='bbox 1105 2201 1323 2293; x_wconf 67' lang='grc' dir='ltr'><strong><em>ὄρυγμα-λέ·</em></strong></span> <span class='ocrx_word' id='word_1_172' title='bbox 1379 2210 1381 2285; x_wconf 60' lang='grc' dir='ltr'>ᾗ</span> 
     </span>
     <span class='ocr_line' id='line_1_20' title="bbox 230 2307 1381 2440; baseline -0.003 -64"><span class='ocrx_word' id='word_1_173' title='bbox 230 2333 324 2396; x_wconf 74' lang='lat' dir='ltr'><strong>yetus</strong></span> <span class='ocrx_word' id='word_1_174' title='bbox 346 2311 405 2374; x_wconf 87' lang='grc' dir='ltr'><strong>καὶ</strong></span> <span class='ocrx_word' id='word_1_175' title='bbox 427 2312 516 2386; x_wconf 71' lang='grc' dir='ltr'><strong>κῶας</strong></span> <span class='ocrx_word' id='word_1_176' title='bbox 540 2309 656 2396; x_wconf 83' lang='lat' dir='ltr'><strong>steph.</strong></span> <span class='ocrx_word' id='word_1_177' title='bbox 679 2309 777 2388; x_wconf 77' lang='grc' dir='ltr'><strong><em>Ζιυός</em></strong></span> <span class='ocrx_word' id='word_1_178' title='bbox 802 2312 1020 2376; x_wconf 86' lang='lat' dir='ltr'><strong>Buttmannus</strong></span> <span class='ocrx_word' id='word_1_179' title='bbox 1043 2310 1190 2376; x_wconf 81' lang='lat' dir='ltr'><strong>Gramm.</strong></span> <span class='ocrx_word' id='word_1_180' title='bbox 1218 2311 1244 2373; x_wconf 88' lang='lat'><strong>1.</strong></span> <span class='ocrx_word' id='word_1_181' title='bbox 1267 2307 1323 2372; x_wconf 81' lang='grc'><strong>245.</strong></span> <span class='ocrx_word' id='word_1_182' title='bbox 1379 2344 1381 2440; x_wconf 48' lang='lat' dir='ltr'><strong>p</strong></span> 
     </span>
     <span class='ocr_line' id='line_1_21' title="bbox 229 2408 1381 2498; baseline -0.003 -23"><span class='ocrx_word' id='word_1_183' title='bbox 229 2431 248 2475; x_wconf 91' lang='lat' dir='ltr'><strong>e</strong></span> <span class='ocrx_word' id='word_1_184' title='bbox 275 2408 501 2494; x_wconf 87' lang='lat' dir='ltr'><strong>monosyllabo</strong></span> <span class='ocrx_word' id='word_1_185' title='bbox 530 2408 594 2491; x_wconf 77' lang='grc' dir='ltr'>ζιός</span> <span class='ocrx_word' id='word_1_186' title='bbox 620 2411 788 2476; x_wconf 86' lang='lat' dir='ltr'><strong>dilatatum</strong></span> <span class='ocrx_word' id='word_1_187' title='bbox 813 2422 926 2498; x_wconf 88' lang='lat' dir='ltr'><strong>putat,</strong></span> <span class='ocrx_word' id='word_1_188' title='bbox 958 2411 1172 2477; x_wconf 87' lang='lat' dir='ltr'><strong>Herodianus</strong></span> <span class='ocrx_word' id='word_1_189' title='bbox 1198 2431 1269 2475; x_wconf 83' lang='lat' dir='ltr'><strong>vero</strong></span> <span class='ocrx_word' id='word_1_190' title='bbox 1293 2410 1325 2472; x_wconf 86' lang='lat' dir='ltr'><strong>ad</strong></span> <span class='ocrx_word' id='word_1_191' title='bbox 1379 2453 1381 2497; x_wconf 33' lang='lat' dir='ltr'><strong>p</strong></span> 
     </span>
     <span class='ocr_line' id='line_1_22' title="bbox 228 2500 1381 2598; baseline -0.001 -22"><span class='ocrx_word' id='word_1_192' title='bbox 228 2509 269 2576; x_wconf 86' lang='lat' dir='ltr'><strong>ll.</strong></span> <span class='ocrx_word' id='word_1_193' title='bbox 288 2511 330 2578; x_wconf 90' lang='lat' dir='ltr'><strong>V.</strong></span> <span class='ocrx_word' id='word_1_194' title='bbox 354 2510 427 2576; x_wconf 82' lang='grc'><strong>887.</strong></span> <span class='ocrx_word' id='word_1_195' title='bbox 447 2511 486 2577; x_wconf 76' lang='grc' dir='ltr'><strong>τὸ</strong></span> <span class='ocrx_word' id='word_1_196' title='bbox 510 2507 574 2590; x_wconf 82' lang='grc' dir='ltr'>ζιός</span> <span class='ocrx_word' id='word_1_197' title='bbox 602 2510 639 2590; x_wconf 77' lang='grc' dir='ltr'><strong>ἐξ</strong></span> <span class='ocrx_word' id='word_1_198' title='bbox 665 2506 864 2596; x_wconf 70' lang='grc' dir='ltr'>ὀξυνομένωυ</span> <span class='ocrx_word' id='word_1_199' title='bbox 889 2518 950 2578; x_wconf 82' lang='grc' dir='ltr'><strong>τοῦ</strong></span> <span class='ocrx_word' id='word_1_200' title='bbox 981 2509 1064 2593; x_wconf 80' lang='grc' dir='ltr'>ζωός</span> <span class='ocrx_word' id='word_1_201' title='bbox 1097 2508 1144 2588; x_wconf 75' lang='grc' dir='ltr'><strong>ὡς</strong></span> <span class='ocrx_word' id='word_1_202' title='bbox 1172 2512 1247 2590; x_wconf 62' lang='lat' dir='ltr'><strong>datr</strong></span> <span class='ocrx_word' id='word_1_203' title='bbox 1269 2507 1324 2598; x_wconf 76' lang='grc' dir='ltr'><strong>δᾴς,</strong></span> <span class='ocrx_word' id='word_1_204' title='bbox 1379 2500 1381 2587; x_wconf 66' lang='lat' dir='ltr'><strong>i</strong></span> 
     </span>
     <span class='ocr_line' id='line_1_23' title="bbox 228 2605 1324 2696; baseline -0.004 -18"><span class='ocrx_word' id='word_1_205' title='bbox 228 2609 381 2696; x_wconf 84' lang='lat' dir='ltr'><strong>idemque</strong></span> <span class='ocrx_word' id='word_1_206' title='bbox 403 2616 471 2689; x_wconf 76' lang='grc' dir='ltr'><strong>σῶς</strong></span> <span class='ocrx_word' id='word_1_207' title='bbox 494 2605 641 2678; x_wconf 72' lang='grc' dir='ltr'><em>ἀπὸτοῦ</em></span> <span class='ocrx_word' id='word_1_208' title='bbox 666 2617 754 2690; x_wconf 77' lang='grc' dir='ltr'><strong>σῶος</strong></span> <span class='ocrx_word' id='word_1_209' title='bbox 774 2615 855 2680; x_wconf 84' lang='grc' dir='ltr'><strong>ΕΜ.</strong></span> <span class='ocrx_word' id='word_1_210' title='bbox 879 2615 958 2688; x_wconf 83' lang='grc'><strong>714,</strong></span> <span class='ocrx_word' id='word_1_211' title='bbox 985 2613 1038 2678; x_wconf 85' lang='grc'><strong>46.</strong></span> <span class='ocrx_word' id='word_1_212' title='bbox 1071 2613 1131 2678; x_wconf 90' lang='lat' dir='ltr'><strong>sed</strong></span> <span class='ocrx_word' id='word_1_213' title='bbox 1153 2613 1324 2678; x_wconf 81' lang='lat' dir='ltr'><strong>baccanis</strong></span> 
     </span>
     <span class='ocr_line' id='line_1_24' title="bbox 230 2709 1327 2802; baseline -0.004 -24"><span class='ocrx_word' id='word_1_214' title='bbox 230 2713 433 2780; x_wconf 87' lang='lat' dir='ltr'><strong>disseruntur</strong></span> <span class='ocrx_word' id='word_1_215' title='bbox 448 2735 478 2776; x_wconf 77' lang='lat' dir='ltr'><strong>v,</strong></span> <span class='ocrx_word' id='word_1_216' title='bbox 493 2712 585 2776; x_wconf 89' lang='lat' dir='ltr'><strong>Diss.</strong></span> <span class='ocrx_word' id='word_1_217' title='bbox 592 2712 638 2778; x_wconf 89' lang='lat'><strong>11.</strong></span> <span class='ocrx_word' id='word_1_218' title='bbox 655 2714 695 2780; x_wconf 92' lang='lat' dir='ltr'><strong>P.</strong></span> <span class='ocrx_word' id='word_1_219' title='bbox 709 2715 736 2781; x_wconf 91' lang='lat' dir='ltr'><strong>I.</strong></span> <span class='ocrx_word' id='word_1_220' title='bbox 756 2737 783 2780; x_wconf 91' lang='lat' dir='ltr'><strong>c.</strong></span> <span class='ocrx_word' id='word_1_221' title='bbox 797 2716 856 2783; x_wconf 91' lang='lat' dir='ltr'><strong>IV.</strong></span> <span class='ocrx_word' id='word_1_222' title='bbox 876 2721 901 2800; x_wconf 60' lang='grc' dir='ltr'><strong>ᾗ.</strong></span> <span class='ocrx_word' id='word_1_223' title='bbox 911 2717 942 2781; x_wconf 93' lang='grc'><strong>2.</strong></span> <span class='ocrx_word' id='word_1_224' title='bbox 977 2717 1010 2780; x_wconf 89' lang='lat' dir='ltr'><strong>A</strong></span> <span class='ocrx_word' id='word_1_225' title='bbox 1025 2714 1192 2802; x_wconf 89' lang='lat' dir='ltr'><strong>primitivo</strong></span> <span class='ocrx_word' id='word_1_226' title='bbox 1212 2709 1327 2788; x_wconf 71' lang='grc' dir='ltr'><em>πάτρως</em></span> 
     </span>
     <span class='ocr_line' id='line_1_25' title="bbox 228 2812 1327 2902; baseline -0.003 -22"><span class='ocrx_word' id='word_1_227' title='bbox 228 2826 363 2898; x_wconf 75' lang='lat' dir='ltr'><strong>patmus</strong></span> <span class='ocrx_word' id='word_1_228' title='bbox 386 2812 623 2898; x_wconf 84' lang='lat' dir='ltr'><strong>significatione</strong></span> <span class='ocrx_word' id='word_1_229' title='bbox 646 2816 755 2881; x_wconf 87' lang='lat' dir='ltr'><strong>differt</strong></span> <span class='ocrx_word' id='word_1_230' title='bbox 776 2814 935 2902; x_wconf 78' lang='grc' dir='ltr'><strong><em>πατρωός</em></strong></span> <span class='ocrx_word' id='word_1_231' title='bbox 956 2820 1105 2891; x_wconf 82' lang='lat' dir='ltr'><strong>uitricus‚·</strong></span> <span class='ocrx_word' id='word_1_232' title='bbox 1134 2816 1226 2880; x_wconf 87' lang='lat' dir='ltr'><strong>urbis</strong></span> <span class='ocrx_word' id='word_1_233' title='bbox 1250 2816 1327 2887; x_wconf 83' lang='grc' dir='ltr'><strong>Τλώς</strong></span> 
     </span>
     <span class='ocr_line' id='line_1_26' title="bbox 229 2913 1327 3005; baseline -0.003 -25"><span class='ocrx_word' id='word_1_234' title='bbox 229 2914 380 2980; x_wconf 90' lang='lat' dir='ltr'><strong>conditor</strong></span> <span class='ocrx_word' id='word_1_235' title='bbox 408 2913 496 2978; x_wconf 88' lang='lat' dir='ltr'><strong>idem</strong></span> <span class='ocrx_word' id='word_1_236' title='bbox 529 2918 625 2992; x_wconf 80' lang='grc' dir='ltr'><strong><em>Τλιῦς</em></strong></span> <span class='ocrx_word' id='word_1_237' title='bbox 653 2921 712 2981; x_wconf 74' lang='grc' dir='ltr'><strong>τοῦ</strong></span> <span class='ocrx_word' id='word_1_238' title='bbox 744 2918 1060 3005; x_wconf 72' lang='lat' dir='ltr'><strong>Titi-appellatur</strong></span> <span class='ocrx_word' id='word_1_239' title='bbox 1089 2927 1124 2982; x_wconf 90' lang='lat' dir='ltr'><strong>et</strong></span> <span class='ocrx_word' id='word_1_240' title='bbox 1156 2919 1269 2991; x_wconf 77' lang='grc' dir='ltr'><strong><em>Τλώος</em></strong></span> <span class='ocrx_word' id='word_1_241' title='bbox 1288 2913 1327 2977; x_wconf 88' lang='lat' dir='ltr'><strong>di·</strong></span> 
     </span>
     <span class='ocr_line' id='line_1_27' title="bbox 228 3014 1329 3101; baseline -0.005 -20"><span class='ocrx_word' id='word_1_242' title='bbox 228 3037 322 3083; x_wconf 83' lang='lat' dir='ltr'><strong>verso</strong></span> <span class='ocrx_word' id='word_1_243' title='bbox 353 3037 391 3081; x_wconf 84' lang='lat' dir='ltr'><strong>uc</strong></span> <span class='ocrx_word' id='word_1_244' title='bbox 420 3014 621 3101; x_wconf 86' lang='lat' dir='ltr'><strong>gentilicium</strong></span> <span class='ocrx_word' id='word_1_245' title='bbox 647 3029 785 3082; x_wconf 88' lang='lat' dir='ltr'><strong>accentu</strong></span> <span class='ocrx_word' id='word_1_246' title='bbox 811 3021 871 3084; x_wconf 86' lang='lat' dir='ltr'><strong>sed</strong></span> <span class='ocrx_word' id='word_1_247' title='bbox 896 3042 1017 3098; x_wconf 82' lang='lat' dir='ltr'><strong>nomen</strong></span> <span class='ocrx_word' id='word_1_248' title='bbox 1042 3019 1142 3083; x_wconf 89' lang='lat' dir='ltr'><strong>semel</strong></span> <span class='ocrx_word' id='word_1_249' title='bbox 1173 3018 1287 3082; x_wconf 86' lang='lat' dir='ltr'><strong>lectum</strong></span> <span class='ocrx_word' id='word_1_250' title='bbox 1304 3024 1329 3077; x_wconf 85' lang='lat' dir='ltr'><strong>et</strong></span> 
     </span>
     <span class='ocr_line' id='line_1_28' title="bbox 229 3117 1328 3209; baseline -0.003 -25"><span class='ocrx_word' id='word_1_251' title='bbox 229 3117 437 3205; x_wconf 81' lang='lat' dir='ltr'><strong>peregrinum</strong></span> <span class='ocrx_word' id='word_1_252' title='bbox 459 3117 503 3182; x_wconf 90' lang='lat' dir='ltr'><strong>ad</strong></span> <span class='ocrx_word' id='word_1_253' title='bbox 526 3141 678 3205; x_wconf 88' lang='lat' dir='ltr'><strong>graecam</strong></span> <span class='ocrx_word' id='word_1_254' title='bbox 700 3121 885 3206; x_wconf 76' lang='lat' dir='ltr'><strong>analogiam</strong></span> <span class='ocrx_word' id='word_1_255' title='bbox 907 3123 1122 3209; x_wconf 84' lang='lat' dir='ltr'><strong>aequiparare</strong></span> <span class='ocrx_word' id='word_1_256' title='bbox 1134 3143 1249 3207; x_wconf 88' lang='lat' dir='ltr'><strong>parum</strong></span> <span class='ocrx_word' id='word_1_257' title='bbox 1257 3139 1328 3182; x_wconf 80' lang='lat' dir='ltr'><strong>con-</strong></span> 
     </span>
     <span class='ocr_line' id='line_1_29' title="bbox 227 3218 1328 3308; baseline -0.001 -26"><span class='ocrx_word' id='word_1_258' title='bbox 227 3218 326 3284; x_wconf 86' lang='lat' dir='ltr'><strong>venit.</strong></span> <span class='ocrx_word' id='word_1_259' title='bbox 371 3218 570 3304; x_wconf 75' lang='lat' dir='ltr'><strong>siliquarum</strong></span> <span class='ocrx_word' id='word_1_260' title='bbox 594 3222 722 3308; x_wconf 87' lang='lat' dir='ltr'><strong>species</strong></span> <span class='ocrx_word' id='word_1_261' title='bbox 745 3224 911 3307; x_wconf 91' lang='lat' dir='ltr'><strong>quomodo</strong></span> <span class='ocrx_word' id='word_1_262' title='bbox 939 3247 959 3288; x_wconf 92' lang='lat' dir='ltr'><strong>a</strong></span> <span class='ocrx_word' id='word_1_263' title='bbox 986 3222 1123 3290; x_wconf 85' lang='lat' dir='ltr'><strong>Graecis</strong></span> <span class='ocrx_word' id='word_1_264' title='bbox 1150 3222 1328 3304; x_wconf 85' lang='lat' dir='ltr'><strong>Latinisque</strong></span> 
     </span>
     <span class='ocr_line' id='line_1_30' title="bbox 229 3320 1328 3412; baseline -0.002 -28"><span class='ocrx_word' id='word_1_265' title='bbox 229 3320 392 3408; x_wconf 90' lang='lat' dir='ltr'><strong>principio</strong></span> <span class='ocrx_word' id='word_1_266' title='bbox 415 3321 579 3408; x_wconf 87' lang='lat' dir='ltr'><strong>appellata</strong></span> <span class='ocrx_word' id='word_1_267' title='bbox 602 3322 644 3388; x_wconf 91' lang='lat' dir='ltr'><strong>sit</strong></span> <span class='ocrx_word' id='word_1_268' title='bbox 668 3321 822 3410; x_wconf 66' lang='grc' dir='ltr'><strong>φάσηλιις</strong></span> <span class='ocrx_word' id='word_1_269' title='bbox 846 3349 888 3390; x_wconf 90' lang='lat' dir='ltr'><strong>an</strong></span> <span class='ocrx_word' id='word_1_270' title='bbox 922 3323 1095 3412; x_wconf 73' lang='grc' dir='ltr'><strong><em>φασήολος</em></strong></span> <span class='ocrx_word' id='word_1_271' title='bbox 1124 3327 1288 3407; x_wconf 78' lang='lat' dir='ltr'><strong>ptruseotut</strong></span> <span class='ocrx_word' id='word_1_272' title='bbox 1306 3344 1328 3383; x_wconf 85' lang='lat' dir='ltr'><strong>v.</strong></span> 
     </span>
     <span class='ocr_line' id='line_1_31' title="bbox 229 3408 1329 3512; baseline 0.002 -23"><span class='ocrx_word' id='word_1_273' title='bbox 229 3408 538 3490; x_wconf 79' lang='lat' dir='ltr'><strong>Proll.12‘9.haud</strong></span> <span class='ocrx_word' id='word_1_274' title='bbox 566 3425 732 3510; x_wconf 84' lang='lat' dir='ltr'><strong>cognitum</strong></span> <span class='ocrx_word' id='word_1_275' title='bbox 757 3426 925 3492; x_wconf 86' lang='lat' dir='ltr'><strong>babemus.</strong></span> <span class='ocrx_word' id='word_1_276' title='bbox 960 3419 1193 3512; x_wconf 77' lang='grc' dir='ltr'><em>Ἆμμοδυότης</em></span> <span class='ocrx_word' id='word_1_277' title='bbox 1223 3449 1243 3488; x_wconf 88' lang='lat' dir='ltr'><strong>a</strong></span> <span class='ocrx_word' id='word_1_278' title='bbox 1268 3424 1329 3491; x_wconf 79' lang='lat' dir='ltr'><strong>Sta·</strong></span> 
     </span>
     <span class='ocr_line' id='line_1_32' title="bbox 229 3521 1329 3614; baseline -0.001 -24"><span class='ocrx_word' id='word_1_279' title='bbox 229 3524 320 3610; x_wconf 85' lang='lat' dir='ltr'><strong>tyllio</strong></span> <span class='ocrx_word' id='word_1_280' title='bbox 343 3524 377 3590; x_wconf 94' lang='lat' dir='ltr'><strong>in</strong></span> <span class='ocrx_word' id='word_1_281' title='bbox 400 3525 489 3591; x_wconf 83' lang='lat' dir='ltr'><strong>exitu</strong></span> <span class='ocrx_word' id='word_1_282' title='bbox 509 3547 622 3590; x_wconf 88' lang='lat' dir='ltr'><strong>versus</strong></span> <span class='ocrx_word' id='word_1_283' title='bbox 648 3526 780 3593; x_wconf 82' lang='lat' dir='ltr'><strong>iambici</strong></span> <span class='ocrx_word' id='word_1_284' title='bbox 801 3529 945 3614; x_wconf 82' lang='lat' dir='ltr'><strong>positum</strong></span> <span class='ocrx_word' id='word_1_285' title='bbox 968 3549 1041 3591; x_wconf 85' lang='lat' dir='ltr'><strong>esse</strong></span> <span class='ocrx_word' id='word_1_286' title='bbox 1068 3549 1129 3613; x_wconf 92' lang='lat' dir='ltr'><strong>pro</strong></span> <span class='ocrx_word' id='word_1_287' title='bbox 1153 3521 1329 3610; x_wconf 70' lang='grc' dir='ltr'><strong><em>ἆμμοδύῑης</em></strong></span> 
     </span>
     <span class='ocr_line' id='line_1_33' title="bbox 229 3625 1328 3715; baseline -0.003 -25"><span class='ocrx_word' id='word_1_288' title='bbox 229 3625 414 3712; x_wconf 89' lang='lat' dir='ltr'><strong>suspicatus</strong></span> <span class='ocrx_word' id='word_1_289' title='bbox 437 3625 560 3691; x_wconf 84' lang='lat' dir='ltr'><strong>eumin</strong></span> <span class='ocrx_word' id='word_1_290' title='bbox 581 3627 701 3692; x_wconf 89' lang='lat' dir='ltr'><strong>Parall.</strong></span> <span class='ocrx_word' id='word_1_291' title='bbox 713 3629 787 3694; x_wconf 85' lang='lat'><strong>434.</strong></span> <span class='ocrx_word' id='word_1_292' title='bbox 811 3631 872 3695; x_wconf 85' lang='lat' dir='ltr'><strong>sed</strong></span> <span class='ocrx_word' id='word_1_293' title='bbox 893 3629 1054 3715; x_wconf 85' lang='lat' dir='ltr'><strong>exempla,</strong></span> <span class='ocrx_word' id='word_1_294' title='bbox 1074 3651 1160 3713; x_wconf 88' lang='lat' dir='ltr'><strong>quae</strong></span> <span class='ocrx_word' id='word_1_295' title='bbox 1176 3625 1328 3692; x_wconf 81' lang='lat' dir='ltr'><strong>Meinekio</strong></span> 
     </span>
     <span class='ocr_line' id='line_1_34' title="bbox 228 3727 1329 3817; baseline -0.004 -25"><span class='ocrx_word' id='word_1_296' title='bbox 228 3727 308 3792; x_wconf 79' lang='lat' dir='ltr'><strong>satis</strong></span> <span class='ocrx_word' id='word_1_297' title='bbox 342 3727 463 3792; x_wconf 84' lang='lat' dir='ltr'><strong>iaciant</strong></span> <span class='ocrx_word' id='word_1_298' title='bbox 494 3729 622 3794; x_wconf 85' lang='lat' dir='ltr'><strong>Delect.</strong></span> <span class='ocrx_word' id='word_1_299' title='bbox 652 3730 725 3795; x_wconf 92' lang='grc'><strong>222.</strong></span> <span class='ocrx_word' id='word_1_300' title='bbox 761 3731 906 3816; x_wconf 78' lang='lat' dir='ltr'><strong>proferre</strong></span> <span class='ocrx_word' id='word_1_301' title='bbox 941 3755 1009 3796; x_wconf 92' lang='lat' dir='ltr'><strong>uon</strong></span> <span class='ocrx_word' id='word_1_302' title='bbox 1040 3753 1187 3817; x_wconf 89' lang='lat' dir='ltr'><strong>possum.</strong></span> <span class='ocrx_word' id='word_1_303' title='bbox 1234 3729 1269 3796; x_wconf 89' lang='lat' dir='ltr'><strong>Si</strong></span> <span class='ocrx_word' id='word_1_304' title='bbox 1287 3727 1329 3790; x_wconf 87' lang='lat' dir='ltr'><strong>ille</strong></span> 
     </span>
     <span class='ocr_line' id='line_1_35' title="bbox 154 3821 1326 3920; baseline -0.004 -25"><span class='ocrx_word' id='word_1_305' title='bbox 154 3905 163 3914; x_wconf 50' lang='lat'>‚</span> <span class='ocrx_word' id='word_1_306' title='bbox 228 3851 289 3916; x_wconf 88' lang='lat' dir='ltr'><strong>pro</strong></span> <span class='ocrx_word' id='word_1_307' title='bbox 311 3821 528 3914; x_wconf 74' lang='grc' dir='ltr'><em>ἆμμηδυόταν</em></span> <span class='ocrx_word' id='word_1_308' title='bbox 549 3831 735 3918; x_wconf 80' lang='lat' dir='ltr'><strong>scripsisset</strong></span> <span class='ocrx_word' id='word_1_309' title='bbox 761 3826 978 3918; x_wconf 79' lang='grc' dir='ltr'><em>ἇμμοδύτορα</em></span> <span class='ocrx_word' id='word_1_310' title='bbox 1006 3843 1043 3896; x_wconf 89' lang='lat' dir='ltr'><strong>ut</strong></span> <span class='ocrx_word' id='word_1_311' title='bbox 1069 3828 1326 3920; x_wconf 75' lang='grc' dir='ltr'><strong><em>ἀμαελοφύτορα,</em></strong></span> 
     </span>
     <span class='ocr_line' id='line_1_36' title="bbox 227 3931 1132 4018; baseline -0.001 -22"><span class='ocrx_word' id='word_1_312' title='bbox 227 3953 323 3998; x_wconf 88' lang='lat' dir='ltr'><strong>nemo</strong></span> <span class='ocrx_word' id='word_1_313' title='bbox 347 3931 525 4017; x_wconf 84' lang='lat' dir='ltr'><strong>quidquam</strong></span> <span class='ocrx_word' id='word_1_314' title='bbox 547 3932 736 4018; x_wconf 86' lang='lat' dir='ltr'><strong>ambigeret.</strong></span> <span class='ocrx_word' id='word_1_315' title='bbox 1122 3999 1132 4005; x_wconf 63' lang='grc'>,</span> 
     </span>
     <span class='ocr_line' id='line_1_37' title="bbox 313 4035 1328 4122; baseline -0.004 -23"><span class='ocrx_word' id='word_1_316' title='bbox 313 4037 338 4120; x_wconf 62' lang='grc' dir='ltr'><strong>ξ.</strong></span> <span class='ocrx_word' id='word_1_317' title='bbox 362 4035 392 4099; x_wconf 92' lang='grc'><strong>2.</strong></span> <span class='ocrx_word' id='word_1_318' title='bbox 436 4036 476 4099; x_wconf 86' lang='lat' dir='ltr'><strong>ln</strong></span> <span class='ocrx_word' id='word_1_319' title='bbox 499 4035 711 4101; x_wconf 84' lang='lat' dir='ltr'><strong>commissura</strong></span> <span class='ocrx_word' id='word_1_320' title='bbox 739 4035 970 4102; x_wconf 89' lang='lat' dir='ltr'><strong>vocabulorum</strong></span> <span class='ocrx_word' id='word_1_321' title='bbox 996 4035 1220 4122; x_wconf 86' lang='lat' dir='ltr'><strong>synthetorum</strong></span> <span class='ocrx_word' id='word_1_322' title='bbox 1245 4055 1328 4097; x_wconf 88' lang='lat' dir='ltr'><strong>voca·</strong></span> 
     </span>
     <span class='ocr_line' id='line_1_38' title="bbox 226 4133 1327 4230; baseline 0.002 -30"><span class='ocrx_word' id='word_1_323' title='bbox 226 4133 290 4208; x_wconf 90' lang='lat' dir='ltr'><strong>lem</strong></span> <span class='ocrx_word' id='word_1_324' title='bbox 309 4136 546 4230; x_wconf 84' lang='lat' dir='ltr'><strong>conjunctivam</strong></span> <span class='ocrx_word' id='word_1_325' title='bbox 562 4160 797 4222; x_wconf 89' lang='lat' dir='ltr'><strong>nonnunquam</strong></span> <span class='ocrx_word' id='word_1_326' title='bbox 812 4139 1024 4227; x_wconf 87' lang='lat' dir='ltr'><strong>praetermitti</strong></span> <span class='ocrx_word' id='word_1_327' title='bbox 1045 4139 1079 4204; x_wconf 93' lang='lat' dir='ltr'><strong>in</strong></span> <span class='ocrx_word' id='word_1_328' title='bbox 1093 4140 1184 4206; x_wconf 87' lang='lat' dir='ltr'><strong>Diss.</strong></span> <span class='ocrx_word' id='word_1_329' title='bbox 1196 4139 1243 4204; x_wconf 89' lang='grc' dir='ltr'><strong>ΙΙ.</strong></span> <span class='ocrx_word' id='word_1_330' title='bbox 1260 4138 1296 4202; x_wconf 90' lang='grc' dir='ltr'><strong>Ρ.</strong></span> <span class='ocrx_word' id='word_1_331' title='bbox 1306 4134 1327 4197; x_wconf 83' lang='lat' dir='ltr'><strong>I·</strong></span> 
     </span>
     <span class='ocr_line' id='line_1_39' title="bbox 229 4232 1329 4330; baseline 0.001 -28"><span class='ocrx_word' id='word_1_332' title='bbox 229 4257 257 4302; x_wconf 87' lang='lat' dir='ltr'><strong>c.</strong></span> <span class='ocrx_word' id='word_1_333' title='bbox 269 4237 329 4304; x_wconf 85' lang='lat' dir='ltr'><strong>lv.</strong></span> <span class='ocrx_word' id='word_1_334' title='bbox 343 4241 368 4324; x_wconf 63' lang='grc' dir='ltr'><strong>ξ.</strong></span> <span class='ocrx_word' id='word_1_335' title='bbox 380 4239 411 4304; x_wconf 88' lang='grc'><strong>4.</strong></span> <span class='ocrx_word' id='word_1_336' title='bbox 426 4239 678 4305; x_wconf 86' lang='lat' dir='ltr'><strong>demonstratum</strong></span> <span class='ocrx_word' id='word_1_337' title='bbox 695 4250 760 4316; x_wconf 84' lang='lat' dir='ltr'><strong>est3</strong></span> <span class='ocrx_word' id='word_1_338' title='bbox 777 4264 864 4306; x_wconf 92' lang='lat' dir='ltr'><strong>nunc</strong></span> <span class='ocrx_word' id='word_1_339' title='bbox 883 4242 924 4308; x_wconf 90' lang='lat' dir='ltr'><strong>de</strong></span> <span class='ocrx_word' id='word_1_340' title='bbox 935 4232 968 4310; x_wconf 68' lang='lat' dir='ltr'><strong>-o</strong></span> <span class='ocrx_word' id='word_1_341' title='bbox 978 4243 1090 4321; x_wconf 90' lang='lat' dir='ltr'><strong>micro,</strong></span> <span class='ocrx_word' id='word_1_342' title='bbox 1114 4242 1205 4330; x_wconf 88' lang='lat' dir='ltr'><strong>quod</strong></span> <span class='ocrx_word' id='word_1_343' title='bbox 1220 4238 1329 4306; x_wconf 79' lang='lat' dir='ltr'><strong>medias</strong></span> 
     </span>
    </p>
   </div>
   <div class='ocr_carea' id='block_1_3' title="bbox 0 0 1418 4809">
    <p class='ocr_par' dir='ltr' id='par_1_3' title="bbox 0 0 1418 4809">
     <span class='ocr_line' id='line_1_40' title="bbox 0 0 1418 4809; baseline 0 0"><span class='ocrx_word' id='word_1_344' title='bbox 0 0 1418 4809; x_wconf 95' lang='lat' dir='ltr'><strong> </strong></span> 
     </span>
    </p>
   </div>
  </div>
 </body>
</html>
