2825 4809
218 367 290 438 tit
342 416 346 424 ‚
580 358 902 426 DISSERTATIO
936 359 964 423 1.

217 544 310 631 quod
329 546 529 610 Buttmanno
551 541 695 608 Gramm.
719 545 745 626 ξ.
772 542 823 606 18.
851 541 942 606 Adn.
964 543 995 606 4.
1018 541 1060 606 ab
1084 542 1184 629 alpha
1205 543 1338 609 unitatis

217 644 433 732 significativo
465 643 662 730 productum
688 641 834 720 videtur,
869 639 910 706 ab
945 637 1050 726 άκρος
1080 665 1110 706 v.
1148 643 1263 708 Klotz.
1298 646 1340 710 ad

216 749 338 815 Devar.
365 745 412 810 IL
439 743 513 808 225.
542 781 584 792 -
617 743 751 809 Πολλοί
783 744 889 823 λέξεις
915 742 1142 810 ἐκπίπτουσαι
1169 749 1229 811 τοῦ
1264 741 1337 810 κατ’

216 843 320 933 ἀρχὴν
350 842 533 932 συμφώνου
560 843 618 908 τόν
648 837 749 909 αὐτόν
777 849 854 910 νοῦν
875 839 1018 924 σώζουσι
1039 845 1131 931 μῆλα
1154 837 1221 930 ἦλα
1243 846 1339 912 Euat.

217 949 291 1024 701,
315 946 368 1010 47.
391 945 451 1008 sed
473 965 606 1009 sensum
625 944 766 1008 eundern
787 966 855 1008 non
872 966 1003 1009 manere
1014 943 1206 1010 Athenaeus
1230 945 1338 1025 docet,

217 1073 239 1114 a
266 1069 332 1132 quo
362 1047 417 1110 iile
441 1045 522 1110 haec
549 1054 715 1110 mutuatus
743 1057 806 1121 est;
835 1045 888 1110 hie
918 1046 1004 1111 enim
1035 1046 1115 1110 dicit
1139 1047 1185 1111 H.
1212 1047 1266 1112 50.
1294 1050 1338 1114 Α.

215 1171 397 1236 prunorum
418 1147 479 1211 tria
495 1169 568 1212 esse
588 1146 721 1210 nomina
739 1143 901 1231 βράβυλα,
923 1145 1058 1232 μάδρυα
1074 1156 1107 1212 et
1123 1137 1188 1234 ἦλα
1204 1157 1239 1212 et
1255 1148 1339 1215 haec

215 1252 263 1315 ita
287 1249 398 1316 vocari
425 1241 498 1314 οἷον
527 1249 627 1333 μῆλα.
678 1247 759 1314 Sine
786 1248 853 1312 ulla
882 1247 1064 1313 affectionis
1098 1248 1339 1332 significatione

216 1352 339 1418 Pollux
354 1351 415 1417 VI.
431 1348 484 1412 60.
504 1343 540 1412 αἱ
555 1347 712 1433 περιτταὶ
728 1347 904 1415 σκευασίαι
921 1343 1139 1424 ὀνθυλεύσεις
1156 1346 1335 1418 ἐκαλοῦντο

217 1453 274 1518 καὶ
300 1446 551 1535 μονθυλεόσεις.
595 1446 743 1513 Verbum
766 1445 987 1531 μονθυλεύτιν
1012 1447 1221 1533 Phrynichus
1242 1451 1337 1536 Epit.

216 1552 292 1618 356.
318 1573 419 1636 quum
440 1549 486 1612 ita
506 1549 737 1633 interpretatur·
754 1547 939 1629 μολόνοντα
958 1547 1142 1634 ταράττειν,
1166 1572 1234 1614 nou
1257 1573 1337 1636 pro-

142 1732 146 1738 *
215 1653 271 1718 cul
293 1651 423 1716 aberrat
442 1649 485 1714 ab
505 1648 673 1714 Eustathii
694 1648 851 1734 opinione
873 1672 906 1734 p.
928 1650 1089 1725 1329,14.
1113 1645 1339 1720 όνθολεόουσι

214 1754 273 1819 τόν
295 1745 386 1819 οἶνον
406 1749 488 1828 ίσιος
510 1746 580 1816 άπὸ
602 1755 662 1816 τοῦ
684 1745 805 1827 όνθος,
837 1751 926 1814 unde
957 1746 1206 1834 ὠνθυλευμένος
1236 1747 1255 1819 ό
1283 1779 1340 1818 κο-

215 1852 321 1939 πρίας
353 1852 461 1936 γέμιον
494 1850 588 1916 Suid.
617 1852 708 1933 quod
744 1852 910 1934 quomodo
939 1852 1133 1917 contrariam
1158 1855 1340 1920 condiendi

214 1952 487 2039 significationem
503 1952 652 2037 accipere
669 1953 822 2037 potuerit,
845 1952 985 2017 breviter
998 1953 1162 2039 disputavi
1180 1955 1215 2019 in
1232 1955 1339 2020 Proll.

216 2055 288 2120 126.
323 2076 397 2119 eum
428 2046 532 2130 όνθος
571 2062 679 2117 autern
715 2054 924 2139 conjungitur
954 2054 1077 2136 μίνθος
1107 2055 1141 2118 in
1172 2057 1340 2142 Hesychii

214 2158 328 2241 glossa
351 2151 481 2237 ψιόιζος
511 2148 644 2236 άφοδος
668 2150 763 2239 ὑγρά,
793 2151 811 2241 ἡ
836 2149 942 2231 όνθος
961 2155 1016 2220 καί
1037 2150 1077 2243 ἣν
1100 2157 1241 2224 καλοῦσι
1262 2158 1340 2238 μίν-

215 2270 295 2324 θαν.
339 2253 404 2318 His
427 2253 607 2318 succedunt
627 2254 862 2320 nutricularum
883 2255 1016 2319 nomina
1042 2254 1082 2319 ab
1104 2257 1184 2322 ΕΜ.
1209 2269 1241 2322 et
1264 2259 1338 2322 aiiis

215 2355 347 2444 prodita
374 2346 450 2419 Αἶα
477 2348 545 2419 ὑπὸ
571 2355 769 2441 Κυρηναίων
796 2352 896 2438 τηθίς
927 2356 983 2422 καὶ
1002 2361 1102 2436 μαῖα,
1129 2352 1243 2440 Ἀμμά
1267 2359 1342 2444 (vel

217 2455 350 2541 άμμάς)
373 2450 392 2542 ἡ
416 2449 544 2540 τροφός
566 2453 621 2520 καί
644 2451 663 2538 ἦ
688 2452 807 2541 μήτηρ,
830 2460 894 2522 Ma
916 2465 949 2520 et
969 2452 1089 2541 μάμμη
1112 2452 1132 2542 ἡ
1156 2455 1277 2544 μήτηρ,
1301 2471 1344 2524 ut

214 2564 266 2626 ντᾶ
289 2568 322 2622 et
343 2555 473 2624 πάππα
495 2565 598 2641 pater.
642 2556 738 2619 Haec
763 2565 839 2620 sunt
859 2555 966 2641 prima
986 2556 1076 2620 vocis
1095 2555 1257 2623 humanae
1278 2583 1342 2624 ru-

214 2659 367 2724 dimenda
405 2656 523 2741 quibus
555 2655 767 2740 grammatica
801 2666 1000 2742 serperastra
1036 2658 1194 2743 applicari
1230 2661 1343 2726 nefas.
1389 2649 1390 2682 ί

211 2763 337 2827 Verum
359 2759 475 2822 eadem
495 2757 715 2820 inconstantia
736 2756 821 2822 inter
842 2780 877 2822 se
900 2757 1127 2822 conflictantur
1144 2758 1210 2824 duo
1233 2783 1343 2826 voca·

212 2862 291 2928 bula
322 2858 452 2936 aetatis,
483 2879 583 2920 unum
611 2857 795 2922 laconicum
817 2857 924 2944 εἶ’ρην,
947 2859 1083 2922 aiterum
1104 2861 1346 2946 pervulgatum

212 2962 336 3050 μεῖραξ
348 2960 521 3030 v..Parall.
535 2957 607 3022 128.
619 2959 672 3042 ²⁶)
695 2981 757 3024 nee
783 2958 847 3024 dici
866 2969 976 3044 potest
996 2972 1104 3026 utrum
1126 2962 1345 3050 ἐτυμώτερον
1388 2973 1389 2991 ³

212 3067 256 3132 sit
276 3065 422 3129 variante
446 3060 638 3149 praesertim
659 3060 910 3146 significatione.
945 3059 983 3126 Ὁ
1005 3070 1119 3147 χοῖρος
1141 3054 1180 3139 ὗς
1202 3063 1346 3148 λέγεται

214 3165 272 3230 καί
292 3164 392 3249 ίίραξ·
417 3161 566 3230 ἐνταῦθα
589 3162 626 3229 δέ
651 3162 729 3240 τοὺς
749 3160 837 3243 μύας
855 3158 1000 3237 ἐκάλεσε,
1025 3160 1112 3228 διότι
1128 3162 1347 3250 παρεοίκασι

211 3264 341 3351 χαίροις
361 3262 403 3329 τά
427 3262 545 3352 ῥάμφη
570 3262 648 3330 soh.
670 3265 744 3330 Nic.
767 3264 822 3329 Al.
842 3263 893 3328 36.
916 3263 1080 3347 quaeritur
1093 3285 1171 3328 vero
1190 3287 1231 3329 au
1249 3265 1350 3352 ὕραξ
1387 3263 1388 3294 ³

212 3365 245 3431 h.
272 3365 294 3429 l.
323 3387 392 3429 non
417 3387 490 3428 mus
520 3364 645 3428 dicatur
671 3367 731 3430 sed
761 3387 867 3430 sorex.
896 3387 925 3430 v.
953 3365 1055 3430 Proll.
1083 3365 1158 3430 447.
1180 3367 1257 3431 adn.
1281 3369 1346 3432 20.

211 3467 315 3532 Plura
343 3464 533 3549 Hesychius
563 3466 711 3550 suggerit
739 3466 798 3530 sed
829 3477 982 3552 suspecta
1012 3467 1183 3554 pleraque:
1216 3466 1349 3537 Είλιον

131 3604 136 3629 ι
171 3613 181 3636 .
213 3564 432 3656 παράφερνον
464 3566 500 3630 id
527 3576 576 3629 est
598 3566 740 3648 μείλιον,
770 3561 874 3650 'Etim
907 3567 1023 3654 μελίνη
1053 3565 1120 3636 ὑπὸ
1146 3565 1348 3648 Λακώνων,
1386 3589 1387 3601 ’

207 3664 376 3755 Ἰαιφόνος
400 3664 655 3755 μιαιφόνοςέῗ),
677 3668 831 3736 Μέλτίιυν.
851 3677 883 3732 et
901 3669 1120 3748 Μελόόμενος
1142 3669 1349 3752 ἐπιθυμῶν,

211 3765 355 3844 Μολπίς
377 3766 474 3844 ἐλπίς
487 3768 550 3851 ²⁸).

281 3956 328 4022 26)
343 3956 439 4013 Μίλαξ
456 3953 615 4006 Meinekius
631 3953 710 4006 Com.
724 3954 761 4006 11.
775 3953 832 4008 392.
853 3940 911 4018 ἧλιξ
929 3951 1109 4007 scribendum
1126 3960 1216 4024 putat.

279 4040 327 4107 27)
348 4039 394 4091 Ob
417 4039 471 4092 hoe
492 4056 573 4092 nemo
595 4038 748 4092 crediderit
767 4035 918 4108 μιαιφόνος
938 4037 993 4091 dici
1014 4057 1066 4109 pro
1087 4037 1216 4110 ίαιηιόνος
1239 4037 1270 4092 id
1292 4047 1352 4094 est
1382 4055 1385 4118 η’

212 4122 371 4197 ίαινόμενος
385 4120 463 4194 αόνῳ
478 4123 543 4176 ΕΜ.
558 4125 618 4188 587,
630 4124 673 4178 21.
689 4126 767 4194 quod
782 4123 828 4177 vel
841 4131 974 4176 accentus
989 4123 1109 4192 refellit3
1126 4125 1178 4178 sed
1193 4121 1350 4196 ίανφόνος,
1384 4159 1385 4182 ;

212 4211 238 4266 εἰ
254 4212 358 4265 mendo
374 4216 469 4273 vacat,
488 4226 550 4263 enm
566 4211 596 4261 ία
614 4207 644 4261 id
660 4216 704 4262 est
720 4213 758 4277 a,
777 4215 825 4277 βία
842 4207 1025 4280 eompositum
1043 4217 1087 4264 est
1105 4216 1136 4262 ut
1152 4207 1299 4282 βιημάχος.
1384 4195 1385 4213 ³

282 4296 329 4363 28)
342 4292 471 4368 Ὀλόκριςι
486 4293 564 4354 πόλις
579 4296 644 4364 περὶ
657 4291 829 4350 Ναύπακτον
844 4293 942 4366 steph.
957 4313 1015 4350 non
1033 4295 1144 4350 diversa
1160 4301 1279 4366 putatur
1297 4299 1354 4353 ab
