2825 4809
176 333 242 398 na
262 286 532 398 Psossnnsl
552 330 616 397 ns
636 329 903 398 nemausi.
937 329 976 398 ο.
994 333 1073 401 vu.
1122 339 1193 410 ιιι

81 518 102 583 i.
124 540 152 583 e.
174 512 335 605 φραγμός
357 515 427 580 sive
446 512 639 600 περίβολος,
662 537 710 592 ac,
734 516 762 580 si
784 537 889 582 sermo
913 537 1049 603 graecum
1072 517 1115 582 ad
1135 541 1197 586 nos

80 618 281 706 pervenisset
297 626 402 682 -totus
436 625 470 680 et
496 615 639 702 integer,
668 617 809 684 fortasse
835 618 932 684 etiam
959 613 1112 704 ὂρχάζιιν
1137 620 1196 684 ali·

82 721 150 786 cubi
182 721 384 806 legaremus3
409 717 471 783 sed
499 740 584 804 opus
609 739 678 784 non
708 728 773 796 est,
801 741 878 783 nam
906 739 1006 804 saepo
1027 719 1142 784 literae
1161 719 1197 786 in

82 832 179 888 tractu
201 833 237 886 et
259 821 424 886 declinam
443 818 617 884 verborum
637 814 718 885 alias
741 821 902 886 accedunt
928 820 1008 885 alias
1031 820 1196 887 excidunt.

75 923 164 1007 Ἵτμα
185 923 226 989 τὸ
249 923 374 1002 κτίσμα
394 921 479 985 Lex.
503 920 544 985 de
567 920 655 1007 spir.
678 921 752 986 230.
778 921 943 1007 verbaque
963 921 1039 1009 ipsa
1060 920 1143 1004 ἵζειν
1165 931 1198 988 et

81 1023 205 1106 κτίζειν,
228 1022 293 1088 elsi
310 1022 507 1088 conveniunt
520 1022 555 1086 in
573 1021 811 1107 significatione
826 1023 916 1090 verbi
933 1020 1068 1108 ἱδρύτιν,
1088 1034 1197 1089 tamen

81 1125 205 1190 diversa
222 1123 356 1188 ‚habere
385 1123 538 1188 videntur
565 1123 746 1209 primordia
778 1125 821 1193 so
845 1135 877 1190 et
898 1120 998 1191 κτάω.
1031 1120 1198 1212 Ὑπομνή-

80 1249 155 1308 uvae
179 1225 275 1309 quod
294 1225 330 1288 in
351 1225 391 1290 Il.
411 1225 533 1291 XXII.
558 1225 633 1292 491.
661 1225 759 1291 codd.
788 1225 877 1290 haud
904 1224 1002 1312 pauci
1027 1225 1196 1311 praebent,

78 1329 252 1414 ipsumque
279 1325 437 1413 praesens
465 1323 625 1413 Μνημύτι
663 1323 905 1412 σκυθρωπάζτι
934 1327 1016 1390 Hes.
1053 1324 1198 1391 ostendit

78 1429 253 1494 nonnullos
282 1427 382 1493 verbo
408 1425 504 1514 ἧμύω
535 1427 617 1491 duas
638 1426 865 1513 praetexuisse
883 1426 992 1492 literas
1010 1415 1131 1512 p-v'fl).

153 1529 297 1597 XVIIL
341 1528 466 1594 Ultima
485 1527 635 1613 quaestio
659 1540 710 1594 est
741 1528 783 1593 de
805 1527 937 1613 syllabis
958 1528 1124 1615 prosthesi
1145 1530 1197 1595 vel

78 1631 250 1719 aphaeresi
272 1629 435 1697 obnoxiis.
479 1629 549 1696 Sed
568 1630 604 1694 in
625 1629 689 1695 hoo
708 1652 841 1716 quoque
860 1631 1018 1696 sermonis
1036 1630 1196 1697 curriculo

78 1735 208 1821 saepius
238 1731 455 1796 haesitabitur
481 1732 651 1816 multaque
679 1730 722 1796 ob
753 1730 816 1796 hoc
838 1732 944 1797 solum
966 1733 1140 1798 afferentur
1160 1744 1198 1798 ut

77 1835 203 1922 speeies
225 1833 421 1909 affectionis,
444 1855 542 1918 quam
563 1831 732 1917 objiciunt,
760 1853 899 1898 excussa
919 1843 1101 1900 evanescat.
1135 1839 1198 1900 Βῖ-

76 1961 131 2002 νον
143 1933 285 2022 φιάλην,
300 1931 335 2000 oi
356 1933 395 2001 δὲ
412 1929 554 2017 diacanos
564 1933 669 2000 Bekk.
681 1936 748 1999 An.
757 1933 830 1998 226.
843 1955 982 2019 quorum
996 1934 1078 2000 illud
1093 1935 1196 2000 mullo

75 2035 277 2121 frequentius
308 2034 368 2099 sed
395 2045 585 2119 auetymon,
618 2029 763 2120 ὅμβιιιος
789 2043 822 2099 et
847 2029 953 2118 ἅμβιξ
977 2038 1056 2102 obba
1083 2035 1195 2103 Gloss.

80 2137 206 2203 arabico
228 2139 368 2203 Alembic
387 2135 527 2201 fortasse
547 2137 721 2224 propriora
743 2144 820 2200 sunt
840 2156 938 2220 quam
960 2136 1086 2221 graecis
1108 2132 1197 2226 ἔμβη

78 2249 108 2304 et
127 2232 248 2322 ὅμβων
266 2236 378 2315 umbo,
401 2237 493 2322 quod
510 2237 622 2305 Schol.
639 2238 680 2302 Il.
696 2237 761 2302 IX.
777 2236 851 2301 441.
874 2229 1075 2321 ἇναβαθμόν
1096 2237 1197 2304 inter-

76 2349 247 2428 pretatus·
264 2332 477 2425 Ἥμβρυττοι
498 2333 590 2417 eldoc
611 2338 738 2422 ἐχίνων·
761 2334 995 2424 Ἀριστοτέλης
1017 2337 1055 2412 δὲ
1076 2333 1199 2417 αὐτοὺς

74 2438 235 2527 βρύττοτς
258 2440 347 2526 λέγει
367 2441 450 2504 Hes.
479 2461 618 2524 quorum
642 2440 738 2525 origo
762 2437 851 2502 latea
898 2431 1072 2524 Ἀγκινάρι
1094 2438 1198 2506 ‘hodie

75 2543 191 2608 dicitur
211 2536 234 2627 ἡ
258 2538 454 2628 κινάραθθ).
498 2539 584 2607 Cum
606 2547 713 2607 κυνεῖν
741 2550 774 2604 et
802 2534 973 2626 dyosovso'iv,
1003 2561 1088 2624 quae
1117 2563 1219 2625 enog

73 2644 136 2708 lavi
156 2641 195 2707 in
218 2638 349 2705 Techn.
373 2640 444 2706 153.
468 2640 645 2707 cohaerent
667 2635 821 2725 ’Λγκονῖς
848 2634 1019 2724 ὕνιηρέτις,
1048 2642 1199 2727 Korsiai

72 2741 289 2830 θεράποντες
310 2742 393 2806 Hes.
414 2743 496 2807 EM.
522 2753 554 2807 et
578 2742 718 2807 fortasse
752 2736 908 2819 διάνονος
945 2739 1013 2806 sive
1044 2736 1198 2826 ὁιήκονος

72 2843 169 2930 alpha
197 2841 366 2929 producto
396 2852 435 2906 ut
460 2839 629 2931 κατηβολὴ
659 2852 692 2908 et
722 2836 895 2926 διαβολιά,
931 2841 1022 2926 quod
1049 2844 1198 2908 nonnulli

72 2946 248 3030 διαιβολία
268 2942 425 3008 scribunt.
463 2942 617 3029 Θρύσκον
632 2938 749 3031 drosos
767 2937 909 3024 λάχανον
923 2941 1092 3007 Albertius
1109 2945 1198 3009 idem

71 3069 141 3113 esse
163 3054 267 3134 putat
289 3045 381 3130 quod
400 3044 501 3131 vulgo
532 3038 725 3129 ι’ίνθρυσνον
753 3042 954 3120 nominatur,
989 3043 1048 3107 sed
1074 3043 1199 3112 Τίθιον

71 3145 213 3216 ἰνόθτυν
237 3147 420 3214 Salmasius
439 3155 528 3211 recle
540 3145 670 3230 judicat
686 3165 748 3230 pro
765 3139 921 3211 ἀντίθεον
938 3143 1095 3230 scriptum
1113 3167 1197 3210 esse.

70 3255 145 3328 Πᾶς
168 3260 280 3338 pater,
305 3246 427 3325 πάντας
456 3257 489 3312 et
516 3240 618 3314 dano
643 3246 822 3331 matrisque
844 3243 1075 3330 hypocorisma
1094 3249 1145 3330 μᾶ
1166 3256 1199 3312 et

70 3345 184 3434 ἇμμάς
212 3350 286 3414 sive
314 3343 411 3432 ὄμμα
438 3346 483 3410 ad
511 3347 610 3412 alium
638 3347 748 3414 locum
781 3346 955 3433 pertinent.
1004 3343 1199 3430 Ῥαβάσσιιν

69 3454 307 3519 ποδοκτυπεῒν
337 3457 370 3513 et
393 3445 638 3536 Ἅρῤαβάσσιιν
659 3445 837 3535 ὀρχεῖσθαι
862 3471 882 3513 a
902 3448 1102 3536 proprietate
1125 3449 1199 3514 soni

69 3552 155 3617 laeta
191 3560 275 3616 sunt
311 3572 373 3637 per
397 3548 621 3614 imitationem.
669 3544 937 3636 Ἀῤῥηνοβοσκός
965 3548 1033 3614 sive
1065 3547 1199 3636 ἑῤῥηνο-

70 3651 196 3736 βουνιάς
219 3662 255 3717 et
276 3646 485 3739 ῥηνοφορτύς
506 3658 687 3734 sequuntur
703 3649 868 3736 duplicem
885 3650 1021 3716 formam
1044 3650 1198 3737 primitivi

139 3855 188 3923 ⁸2)
203 3852 265 3917 Qui
280 3851 354 3905 illud
367 3848 549 3922 interpretati·
559 3856 625 3903 sunt
636 3852 676 3910 stc
688 3845 846 3921 ἀνάμνησιν
860 3846 935 3922 ἄγει,
949 3851 1055 3922 legisse
1067 3852 1200 3908 videntur
1297 3857 1314 3868 ‘'

70 3936 163 3994 usim
180 3937 211 3993 δ’
232 3935 289 3992 ὑπο
301 3936 396 3990 -vel
412 3933 615 4008 ὑπαιμέμνηνε.
639 3935 710 3990 com
722 3933 899 4008 ὑπημὴμυνε,
917 3937 940 3992 si
959 3936 1001 3993 sio
1017 3937 1199 4003 scriberetur,

71 4022 197 4078 conferri
218 4029 318 4094 posset
335 4016 493 4096 ἠρήρεισται
506 4021 596 4093 Orph.
610 4021 679 4092 Arg.
693 4024 769 4077 1135.

140 4112 187 4178 63)
197 4104 317 4163 Ῥιιυλόν
333 4102 477 4181 ἄγραυλοι·
492 4101 626 4180 ἄγροικον
637 4107 707 4163 Hes.
718 4107 864 4164 Albanius
877 4126 895 4164 a
906 4106 1022 4163 librario
1036 4111 1199 4176 corruptum

71 4201 162 4264 puae.
192 4193 319 4249 Romani
336 4211 422 4263 quum
438 4185 532 4263 ἁλμῆν
546 4191 664 4248 muriam
677 4201 794 4262 vocant,
811 4211 944 4266 graecum
961 4191 1102 4264 ἁλμυρίδα
1119 4205 1198 4246 moro

71 4278 260 4336 Pneneaino
277 4278 422 4334 mutilssse
438 4277 580 4333 videntur.
