2825 4809
177 354 243 420 nn
260 349 534 418 rsnsrrsssr
549 336 902 416 nruscnrr'rusa.
926 347 1039 432 cru
1057 352 1126 435 §.a
1143 357 1225 450 aas

105 532 191 623 inda
225 534 285 620 μὲν
318 527 411 622 dibon
433 535 512 602 san.
530 535 635 600 *hunc
663 533 884 600 accusativum
915 541 1052 620 putasse
1082 531 1224 601 noniinis

106 638 207 726 prisci
219 629 307 724 -άγη,
329 636 420 720 quod
440 635 619 702 raro-ultra
642 634 784 722 primum
805 655 918 698 casum
936 632 1129 700 declinatur.
1164 634 1225 715 Εἷς

105 738 214 828 μάτην
234 737 374 824 legimus
402 738 493 825 apud
516 737 691 823 scriptores
721 757 846 803 sacros·
862 746 895 802 et
921 755 1046 822 paucos
1068 733 1224 824 profano-

102 858 194 918 rum,
225 837 408 922 dequibus
432 839 546 904 eadem
575 838 735 903 dubitatio
761 849 870 902 utrum
896 833 1144 925 pcicps‘natura
1164 840 1224 904 ad-

74 945 78 950 ”
105 941 254 1008 verbiunr
276 961 349 1006 esse
366 939 570 1005 crediderint
592 960 632 1003 an
653 940 872 1009 accusativum
885 959 1081 1026 suspensum
1096 964 1224 1027 aprae-

109 1042 276 1131 positione
297 1033 490 1128 plerumque
513 1041 635 1106 omissa
656 1041 742 1105 sicut
760 1036 856 1126 χάριν
880 1063 943 1127 pro
971 1038 1020 1118 εἷς
1040 1038 1136 1125 χάριν
1157 1042 1223 1108 dici
1240 1028 1246 1036 ’

107 1155 244 1212 censent
273 1165 342 1211 non
366 1142 471 1207 solum
499 1142 663 1228 devulgo
695 1141 907 1209 Grammatici
939 1142 999 1208 sed
1024 1143 1224 1233 Apollonius
1282 1147 1286 1157 '

105 1247 182 1335 ipsc
202 1245 289 1314 Adv.
312 1243 386 1309 514.
471 1257 472 1260 ’
591 1237 593 1240 ’
1051 1267 1054 1272 ·
1204 1242 1209 1265 ’“

97 1391 100 1396 -
159 1387 161 1394 >
193 1349 318 1414 Verum
338 1341 402 1409 illa
418 1343 458 1408 de
481 1342 708 1410 adverbiorum
730 1353 803 1409 ortu
824 1336 1146 1432 nominalisu'spicio
1168 1354 1225 1411 τά·

108 1459 206 1536 gatnr
228 1447 336 1512 latius.
378 1444 511 1528 Etenim
536 1445 564 1510 si
586 1443 824 1510 substantivum
845 1437 953 1534 draps
969 1447 1062 1530 cujus
1087 1447 1227 1534 vestigia

109 1549 272 1637 quaedam
297 1549 332 1612 in
358 1545 505 1612 obscuris
532 1545 723 1632 regionibus
749 1546 985 1632 indagavimus·
1004 1547 1130 1612 Techn.
1152 1549 1227 1615 269.

101 1654 176 1738 jam
197 1650 274 1715 inde
294 1647 480 1733 antiquitus
492 1648 687 1734 percrebuit,
709 1647 805 1732 hujus
831 1648 927 1733 quasi
947 1647 1115 1713 residuum
1125 1648 1228 1715 habe-

108 1771 183 1819 rnus
206 1767 324 1817 casum'
339 1735 492 1835 quartum
520 1742 634 1837 ἄντην,
658 1749 749 1833 quod
769 1749 878 1840 Epimb.
901 1751 928 1814 I.
948 1749 1008 1827 39,
1037 1750 1088 1816 32.
1111 1754 1228 1836 parum

111 1852 327 1942 probabiliter
343 1875 363 1916 a
382 1850 482 1917 verbo
505 1845 593 1918 άντῶ
616 1851 759 1916 arcessit.
805 1850 1006 1918 Snbstantivi
1020 1852 1132 1916 usitati
1150 1867 1228 1939 spe·-

109 1957 176 2022 cies
199 1955 314 2042 prisca
331 1963 469 2040 apparet
496 1951 530 2017 in
559 1951 726 2018 homerico
741 1949 826 2017 'aar'
851 1945 1004 2040 άντηστιν
1027 1954 1152 2041 θεμένη
1176 1953 1228 2021 ὀί-

109 2081 196 2146 φρον
219 2054 353 2140 (Parail.
372 2055 462 2145 442.)
487 2053 578 2139 quod
598 2052 849 2120 anteW01fium
864 2046 1083 2139 κατάντηστιν
1105 2055 1229 2120 scribe-

107 2157 207 2224 batur
234 2155 315 2222 uo.
346 2154 410 2222 ΙΙΙ.
440 2158 465 2239 ξ.
486 2155 519 2218 4.
549 2155 625 2239 quia
652 2153 741 2220 idem
769 2153 932 2240 significtt
960 2154 1050 2239 qnod
1069 2153 1230 2224 adverbia

109 2251 196 2326 άντα
217 2269 250 2324 ct
272 2249 379 2344 άνιην.
423 2257 468 2321 Et
485 2256 566 2321 h‘aec
589 2279 721 2341 quoque
741 2265 956 2322 annectuntur
973 2258 1229 2346 praepositioni·

108 2359 192 2436 bus3
226 2353 389 2444 κατάντην
420 2358 589 2443 usurpavit
617 2358 820 2424 Themistius
839 2357 913 2424 'Oa
946 2357 1048 2422 XIII.
1084 2360 1154 2426 168.
1187 2362 1228 2427 B.

112 2460 218 2547 (206.)
246 2458 304 2524 ubi
326 2457 490 2524 describit
512 2480 613 2543 aquas
637 2483 724 2545 quae
756 2483 775 2525 e
803 2458 985 2546 longinquo
1012 2446 1073 2547 per
1100 2473 1228 2528 montes

108 2561 283 2650 p'eriossos
316 2580 480 2648 superque
510 2559 610 2625 valles
633 2570 765 2626 arcuato
797 2583 898 2648 opere
926 2572 1027 2626 tectas
1057 2563 1091 2627 in
1104 2564 1231 2630 -urbenr

112 2664 320 2732 deducuntur
353 2655 390 2727 αἱ
419 2659 480 2744 μὲν
506 2659 570 2728 ,τὸν
602 2657 729 2747 αἰθέρα
762 2655 854 2748 ὑψοῦ
882 2662 1089 2742 cronacum,
1124 2663 1160 2733 ul
1192 2663 1230 2732 ds*

108 2760 382 2850 ὑποδραμοῦσαι-
395 2755 538 2851 ἦλιβάτο
554 2787 577 2840 ·ς
592 2765 734 2847 πρῶνας
755 2763 854 2830 πλεῖν
873 2754 895 2850 ἢ
917 2760 1048 2844 χιλίους
1071 2763 1231 2847 σταδίους

112 2859 239 2934 ἅκαντα
261 2861 321 2929 καὶ
342 2858 497 2939 κάταντα,
520 2787 595 2928 tire
616 2857 718 2947 άντην
737 2855 814 2929 σάτα
832 2859 998 2949 κατάντην
1019 2864 1229 2950 διαδραιιοῦὲ

106 2989 174 3034 σαι
195 2964 260 3031 hoc
281 2974 332 3029 ast
355 2985 460 3049 aequo
487 2963 679 3030 libramento
702 2985 764 3050 per
782 2964 917 3030 acclivis
938 2974 972 3029 et
992 2965 1130 3031 declivia
1151 2984 1231 3055 pro·-

107 3069 262 3134 fluentes.
306 3064 374 3130 Hic
395 3064 495 3150 igitur
517 3057 616 3152 άντην
638 3087 699 3150 pro
723 3056 846 3131 άνανέα
868 3068 1153 3154 τανιαταροαίέαια
1171 3080 1232 3150 est,

109 3163 278 3254 κατάντην
311 3187 371 3252 pro
401 3161 546 3232 κάταντα
580 3176 619 3230 ut
646 3164 824 3252 Oppianus
852 3167 935 3232 dixit
965 3169 1066 3254 πρὸς·
1084 3166 1232 3238 κάταντα

110 3269 198 3355 Cyn.
226 3269 287 3335 lv.
318 3265 392 3332 427.
441 3263 553 3330 Aliam
581 3266 859 3354 praepositionem
872 3302 877 3307 >
892 3268 1041 3354 adjunxit
1066 3269 1232 3352 Homerus
1259 3324 1270 3336 ,

113 3370 184 3438 od.
207 3371 255 3438 Vr
271 3368 344 3434 217.
362 3357 508 3443 dcccdccc
534 3364 666 3445 ιῖςαντα
696 3365 837 3436 ἰδέσθαι
863 3370 915 3434 vel
941 3380 979 3434 ut
999 3372 1091 3459 prius
1117 3375 1233 3460 vulga-

111 3471 212 3538 batur
233 3465 282 3546 εἷς
306 3460 404 3547 άντα,
420 3469 525 3552 ¹quud
551 3467 676 3536 Schol:
690 3468 783 3533 Harl.
815 3470 1008 3537 Aristarcho
1035 3473 1163 3552 tribuit,
1197 3474 1233 3542 ci
1290 3484 1292 3487 ’

107 3571 152 3642 δέ
172 3564 367 3656 aurariasque
388 3560 438 3646 εἷς
458 3560 564 3635 ιάπα.Ῠ
592 3572 671 3635 Ηοο
694 3562 802 3635 autem
821 3572 928 3659 magis
958 3596 1033 3640 oum
1054 3577 1233 3644 κατένωπά

105 3671 269 3740 'convenit
299 3668 390 3754 'quod
419 3677 546 3736 veteres
577 3672 667 3736 uarie
694 3672 864 3759 explicant
889 3697 920 3739 v.
943 3674 1035 3740 Diss.
1056 3676 1103 3741 Π.
1136 3677 1176 3742 Ρ.
1203 3677 1232 3743 Ι“.
1267 3739 1274 3762 ,

111 3793 141 3841 ct
159 3775 189 3840 3.
210 3776 234 3858 ς.
247 3773 280 3838 2.·
293 3817 296 3824 -
307 3769 466 3838 Lehrsius
488 3770 590 3841 Arist.
602 3775 676 3840 311,
700 3773 894 3840 adverbium·
912 3795 985 3841 esse
1006 3786 1102 3864 putat
1118 3786 1156 3841 nt
1175 3803 1235 3844 κα-

103 3878 228 3950 ταῦθι.
251 3910 293 3922 -
315 3873 375 3939 Ad
395 3872 527 3939 nomina
556 3875 721 3940 secundae
746 3875 975 3944 declinationis
1001 3877 1234 3944 accedentibus

109 3974 254 4065 primunr
280 3973 413 4040 offertur
439 3970 644 4064 περικύκλῳ,
676 3976 767 4062 quod
787 3979 989 4066 Apollonius
1021 4002 1095 4047 curn
1119 3976 1234 4061 ἐπάνω

111 4079 281 4163 adaequat
308 4087 464 4162 tanquam
490 4075 683 4162 synthet0n3
716 4101 793 4143 nam
814 4069 962 4168 simplex'
979 4075 1088 4167 κύκλῳ
1116 4081 1234 4147 adver·

96 4179 205 4246 bium
227 4199 299 4242 esse
323 4178 492 4264 praedicat
514 4172 693 4266 ὁμόφωνον
713 4183 755 4267 τῇ
776 4179 895 4272 dursac}
925 4191 960 4246 et
982 4180 1074 4267 quod
1098 4188 1233 4269 prorsus

109 4278 305 4351 incredibile
342 4290 392 4344 est
426 4275 545 4368 πόρρω
581 4289 738 4366 tanquam
772 4280 916 4347 dativum
945 4283 1088 4349 nominis
1125 4280 1236 4372 πόρος

162 4383 296 4432 Lobeck,
316 4383 407 4423 Pathot.
979 4383 1023 4448 40
