2825 4809
139 332 190 397 DE
201 323 455 392 PROSTHESI
468 323 531 390 ET
547 321 815 396 APHAERESI.
833 321 975 394 uvffl.
988 323 1051 409 §.b
1077 325 1151 400 167

82 521 123 582 ιοδ
143 502 164 578 ἶ
183 511 229 578 καί
252 513 488 596 διπλασιασμῷ
514 507 594 574 ΕΜ.
621 507 701 585 485,
730 511 759 574 1.
787 509 848 575 sed
874 530 994 573 nomen
1022 503 1148 596 κύβρῆ

80 614 161 702 τροφή
182 612 263 681 said.
289 611 391 676 multo
419 611 583 697 posterius
603 619 663 675 est.
707 610 873 695 Adjactivi
896 606 1061 696 κάρχαρος
1084 609 1151 694 syl·

79 715 132 780 laba
151 715 242 801 prima
267 722 374 778 utrum
399 735 440 777 ax
462 711 646 798 anadiplosi
668 721 748 776 nata
776 712 818 776 sit
840 733 881 775 an
902 709 993 775 verbi
1016 708 1152 796 stirpem

79 815 204 881 confineat
228 814 450 879 terminatione
478 813 683 901 paragogioa
711 823 841 880 auctam
866 812 901 877 in
931 809 1031 876 dubio
1054 811 1152 898 posui

78 917 149 981 Prol.
163 915 228 980 255.
256 913 391 1001 Κάχληξ
406 923 440 980 et
454 911 553 996 χοίλιξ
567 913 770 999 latinumque
789 917 872 987 cula,
893 915 1042 986 calculus,
1061 933 1152 977 com-

77 1018 156 1082 munia
171 1015 281 1081 habent
299 1004 497 1100 elementa}
518 1027 550 1082 et
572 1003 601 1095 λ,
624 1037 708 1101 quae
733 1015 847 1080 eadem
867 1014 973 1101 prima
994 1021 1069 1077 sunt
1090 1035 1152 1078 no-

77 1118 143 1181 ninis
157 1113 269 1203 χλαρόν
286 1116 324 1181 id
346 1127 396 1182 est
412 1115 536 1200 κύχλαξ
549 1119 632 1183 Hes.
649 1117 751 1203 idque
766 1116 907 1185 Vossius
926 1115 1027 1180 latino
1044 1117 1153 1198 platea

77 1217 239 1303 aequiparat3
268 1213 441 1284 cochlacae
470 1218 622 1283 dicuntur
649 1221 768 1302 lapides
798 1239 838 1284 ea
862 1219 992 1304 flumine
1020 1218 1152 1281 rotunda·

77 1321 287 1385 cltoclleurum
307 1322 544 1386 similitudinem
555 1321 645 1385 cht
658 1314 820 1405 οροχαλοί
838 1317 871 1386 οἳ
890 1313 1076 1384 θαλάσσιοι
1096 1313 1153 1382 καί

76 1415 200 1502 οοσύμιοι
219 1418 329 1498 λίθοι,
357 1414 416 1499 otc
438 1418 522 1487 ἔνιοι
542 1418 709 1501 κύχλακας
729 1419 888 1485 καλοῦσιν
909 1410 1009 1505 ἤγουν
1031 1417 1152 1500 κάχλη-

77 1543 127 1596 κος,
150 1516 178 1585 oi
202 1520 236 1587 δὲ
260 1518 427 1606 χερμάδια
451 1520 630 1607 Moschop.
656 1519 777 1587 Sched.
806 1519 878 1584 177.
909 1519 963 1584 Ex
984 1517 1048 1582 illis
1071 1539 1151 1582 con-

75 1620 135 1684 sonis
148 1620 255 1688 Graeci
269 1623 434 1687 finxerunt
450 1643 549 1688 voces
566 1623 671 1687 varias
692 1621 792 1687 modo
811 1619 1072 1686 terminationem
1092 1617 1151 1683 ad-

76 1722 190 1786 struendo
208 1720 347 1809 χλαρύν,
376 1724 581 1811 χλῆδοςλδ),
606 1720 717 1804 χύλιξ,
750 1723 850 1788 modo
874 1721 1033 1806 syllabam
1054 1743 1151 1808 prae-

74 1823 189 1907 ponendo
219 1821 360 1909 κοίχληξ,
392 1823 527 1906 κόχλος,
562 1847 648 1910 quae
682 1823 760 1909 quia
790 1823 986 1908 gutturalem
1016 1820 1152 1906 originis

74 1924 163 2000 iterant,
181 1924 220 1988 ad
240 1924 446 2010 reduplicata
469 1926 643 2003 accedunt,
671 1925 732 1991 sed
754 1946 822 1990 non
845 1922 1031 1988 cavatione
1055 1943 1153 2006 quam

72 2025 127 2089 llll.
146 2026 216 2103 534,
243 2026 297 2090 27.
326 2026 414 2090 iniit:
444 2027 540 2115 παρὰ
569 2028 607 2093 οδ
636 2027 730 2110 χαλῶ
759 2028 915 2114 σνχκονσῇ
936 2024 1005 2103 χλιύ
1027 2019 1155 2107 γίνεται

75 2123 131 2203 χλύς
145 2127 191 2192 καί
212 2122 289 2192 κατ’
316 2122 633 2212 διναδινσλασιασμδν
653 2125 785 2208 κύχλος,
804 2149 880 2189 nam
901 2125 965 2191 hoc
986 2121 1064 2205 χλύς
1086 2145 1153 2186 non

75 2225 147 2291 unus
161 2239 384 2313 portentosum
400 2237 450 2292 est
466 2251 563 2313 quam
585 2223 664 2305 κλύς
686 2237 720 2291 et
742 2223 821 2305 θός,
842 2249 925 2311 quae
946 2225 1035 2290 idem
1058 2223 1153 2290 effin-

72 2327 105 2411 git
119 2329 177 2406 544,
197 2329 246 2394 15:
271 2341 306 2394 et
326 2328 435 2415 Epim.
457 2329 485 2394 Ι.
508 2327 581 2393 250.
605 2328 717 2396 Schol.
734 2327 837 2394 Dion.
858 2351 891 2416 p.
910 2328 983 2405 886,
1000 2328 1030 2392 3.
1058 2325 1155 2410 παρὰ

71 2427 95 2492 τὸ
109 2431 163 2494 κλιῖι
179 2428 257 2508 κλύς
283 2431 342 2495 καί
365 2428 482 2516 ἐπειδὴ
507 2425 604 2496 οὐδὲν
625 2427 674 2506 εἷς
704 2415 864 2517 σςλήχει
894 2425 1155 2512 μονοσύλλαβον,

71 2520 351 2610 ύναδιολασίασμδν
373 2527 550 2611 δεξάμενον
572 2528 696 2614 γίνεται
719 2526 839 2606 κύκλος
863 2523 907 2608 ὡς
930 2526 1030 2615 νσαρδιΙ
1043 2525 1080 2591 τὸ
1099 2529 1156 2591 θῶ

69 2626 125 2705 θός,
148 2630 200 2696 καί
226 2628 337 2718 τηθδς
364 2629 421 2695 καὶ
449 2627 552 2718 τηθῆ,
581 2631 641 2695 sed
666 2631 782 2696 melius
812 2630 928 2694 suadet
953 2629 988 2692 in
1020 2621 1153 2712 exitui}
1239 2699 1251 2708 ᾖ

69 2724 156 2808 κύκλος
181 2730 293 2817 (παρὰ
317 2734 356 2796 τδ
389 2727 511 2817 sotto)
534 2725 552 2797 ὃ
577 2729 780 2810 εύκύλισκος.
824 2731 891 2796 Pro
914 2726 1022 2817 σηθύς
1046 2737 1166 2792 autem·

69 2829 238 2895 scribendum
261 2842 314 2896 est
334 2829 433 2908 τιθύς
455 2841 489 2895 et
508 2829 588 2918 σιθή
613 2830 681 2898 sive
698 2843 736 2897 ut
748 2834 847 2919 vulgo
867 2829 1018 2896 scribitur
1037 2827 1155 2906 ’τιτθύς

67 2928 139 3016 tulvi
159 2933 248 3017 cujus
275 2931 402 3018 syllaba
422 2932 527 3018 prior,
556 2943 714 3018 quantum
737 2957 778 2999 ex
802 2932 989 3019 gennanico
1016 2941 1098 2996 tutta
1123 2939 1155 2993 et

68 3029 169 3096 viarum
180 3034 369 3120 linguarum
382 3035 626 3119 comparatione
641 3036 861 3121 cognoscitur,
874 3056 943 3098 non
954 3029 1158 3119 pleonastica

66 3132 211 3219 culquam
232 3135 377 3199 maxime
400 3135 510 3199 nativa
532 3146 591 3201 est.
635 3135 788 3223 Λαίλαψ
816 3133 1009 3200 Eustathius
1040 3154 1060 3194 a
1082 3127 1156 3215 λοίψ

57 3239 147 3299 'naum
168 3247 276 3323 putat,
301 3237 392 3321 quod
411 3259 526 3302 vereor
546 3260 588 3302 ne
609 3237 682 3324 ipse
704 3237 848 3312 finxerit3
875 3235 923 3300 illi
946 3233 1084 3322 propius
1107 3241 1157 3296 est

65 3331 158 3421 λάβρος
176 3361 204 3403 v.
227 3331 350 3404 Parall.
371 3339 442 3402 113.
475 3339 656 3404 Numerum
672 3337 783 3425 explet
799 3336 970 3425 epitheton
987 3334 1043 3400 dei
1060 3337 1156 3399 Πασ-

66 3432 159 3519 ιτύριος
180 3436 361 3506 Ἀπόλλων
391 3439 487 3525 παρὰ
514 3437 663 3524 Παρίοις
695 3439 811 3526 Steph.
859 3441 936 3507 Jam
964 3437 1006 3501 ad
1029 3433 1158 3522 epsilon

66 3539 238 3618 pervenimus
262 3539 453 3627 Stephanus
475 3545 506 3604 Γ
503 3568 522 3629 η
547 3535 617 3607 διπδ
640 3544 703 3608 σού
726 3541 786 3626 νέα
808 3535 870 3628 ἀφ’
901 3529 939 3608 οὗ
960 3538 997 3604 τὸ
1022 3538 1158 3622 χέχειος,

66 3641 187 3722 κητικδν
212 3645 419 3729 πλεονασμῷ
447 3645 508 3708 τοῦ
536 3630 571 3728 χ
600 3635 623 3729 ἢ
653 3641 751 3730 παρὰ
780 3641 817 3707 νδ
842 3643 892 3728 ’χῆ
917 3640 1061 3725 χίχειος,
1093 3639 1159 3723 qu'o

65 3833 160 3896 tttvam
174 3843 212 3906 δις
227 3839 368 3917 μαδαρός,
393 3843 443 3897 ubi
460 3842 627 3901 exciderunt
642 3860 715 3914 quae
734 3845 769 3897 da
788 3841 935 3914 oxytonesi
953 3841 1158 3914 adjectivorum

64 3928 124 3982 etde
140 3929 247 3986 diverso
269 3929 505 3984 substantivorum
524 3935 642 3983 accentu
661 3929 736 3983 dicta
754 3937 860 3983 essent.

113 4016 152 4081 29)
164 4014 280 4085 Χλαρόν
295 4013 422 4087 ῥυπαρόν
433 4016 502 4069 Hes.
512 4016 617 4086 χλῆδος
633 4008 722 4086 σωρός
735 4012 791 4068 ἀπὸ
807 4011 996 4088 καθαρμάτων
1011 4015 1057 4066 καὶ
1072 4008 1087 4078 ἡ
1103 4003 1173 4064 τοῖν

64 4103 172 4167 ποταμῶν
185 4099 337 4172 ιιρύχωσις,
351 4097 365 4154 8
381 4107 427 4154 καὶ
440 4103 563 4173 χέραδος
577 4104 697 4155 καλεῖται
712 4101 798 4172 Harp.
823 4101 951 4168 Χέραδος
964 4100 1070 4166 πλῆθος
1083 4091 1159 4156 ἰλύος

64 4185 97 4232 καὶ
110 4181 241 4255 ὀστράκων
255 4191 301 4240 καὶ
315 4185 676 4241 tvsochh.Il.XX1.3lu
692 4181 785 4258 Χερύς
801 4183 815 4238 ὁ
829 4183 899 4256 μετὰ
915 4180 989 4242 ἰλύος
1006 4185 1052 4235 καὶ
1068 4185 1160 4237 λίθων

65 4265 174 4339 vostat
191 4271 259 4328 Soh.
274 4272 356 4329 Pind.
375 4273 409 4328 P.
423 4273 471 4326 Vl.
486 4273 526 4327 13.
551 4272 653 4327 Latine
672 4273 765 4328 νιιδκο
783 4269 920 4342 appellari
937 4275 1041 4339 potest.
