2825 4809
141 363 194 429 os
213 356 420 431 svuocru
441 356 588 427 nurus
610 354 832 429 vocnnrs.
862 357 960 426 cu.
980 360 1049 445 aa.
1076 366 1154 441 ιιι

83 547 182 616 nonne
200 542 276 621 δέος,
299 543 406 612 nullus
428 565 523 609 casus
542 543 703 629 reperitur
724 544 830 632 epsilo
854 544 1028 616 destitutus
1044 566 1155 633 neque
1252 538 1256 547 ¹

82 652 154 735 hujus
174 644 310 731 adjectivi
343 666 451 731 neque
483 645 620 712 aliorum
651 666 736 731 quae
767 666 845 713 cum
873 645 992 713 iisdem
1017 646 1154 714 vocibus

82 750 226 837 conposita
244 756 317 813 sunt
339 744 452 836 ἐνδεής
459 796 467 828 ,
480 811 484 819 ,
497 741 852 836 ὀλιγοδεὴς-ἇδιής,
879 745 1054 836 accedatis,
1083 760 1154 837 ψο·

79 847 175 941 φοδεής
199 860 330 936 excepto
360 871 427 913 uno
456 869 563 934 eoque
591 858 799 918 controverso
827 845 991 937 θεουδής,
1022 850 1066 918 de
1087 872 1154 935 quc

79 952 144 1039 prius
161 952 304 1035 loquutus
324 972 406 1017 sum.
448 948 630 1017 Aristarchi
646 972 767 1017 nomen
781 951 883 1017 semel
897 961 1023 1017 tentum
1037 951 1073 1017 in
1091 952 1154 1019 hac

77 1076 150 1119 causa
164 1052 373 1139 interponitur
394 1062 427 1117 et
446 1051 554 1119 verbis
575 1052 801 1140 perobscuris3
829 1074 907 1117 nam
934 1052 979 1122 ad
1004 1052 1045 1119 11.
1066 1052 1152 1121 XII.

76 1155 128 1219 318.
153 1148 187 1221 od
213 1153 277 1241 μὴν
303 1148 439 1240 alat-pair
465 1153 598 1241 Λυκίην
628 1150 715 1223 ’κατὰ
738 1154 951 1240 κοιρανέουσι
973 1152 1086 1223 Schol.
1105 1157 1170 1223 Α.

75 1255 119 1321 hoc
144 1254 282 1323 adnotat:
316 1250 461 1333 ἆκλειεῖς
497 1252 618 1333 οὕτως·
660 1250 777 1333 dalcae
817 1255 881 1339 (sic
910 1256 982 1321 sine
1016 1267 1154 1325 account
1181 1306 1186 1319 .

74 1356 225 1441 lieltherus)
254 1356 290 1423 δέ
311 1349 530 1441 Ἀρίσταρχος
558 1353 644 1423 κατὰ
668 1355 839 1444 ocyrensis
867 1351 914 1435 ὡς
939 1356 980 1425 τι)
1002 1358 1153 1435 deraldo.

74 1458 120 1523 Pro
136 1458 185 1523 illo
205 1456 408 1525 Villoisonus
435 1456 539 1523 edidit
559 1451 713 1543 ἀκληεις,
729 1458 764 1523 in
782 1480 853 1543 qno
870 1480 1036 1546 syncopae
1051 1460 1151 1525 vesti·

75 1561 137 1644 gion
160 1559 278 1625 nullum
307 1558 458 1625 cernitur.
505 1557 717 1625 Aristarchus
745 1560 885 1630 fortasse
910 1556 1033 1648 ἀκλῆις
1053 1561 1153 1628 scribi

73 1662 146 1727 voluit
156 1672 306 1747 tanquam
320 1682 362 1727 ex
378 1655 517 1746 ἆιιληέις
532 1659 711 1738 concisum,
725 1661 790 1729 hoc
805 1672 915 1729 autem
929 1683 991 1749 pro
1006 1660 1151 1743 ιἰιιλιέες,

75 1764 137 1846 quod
152 1763 352 1829 consuetudo
371 1760 537 1828 homerica
556 1761 700 1848 respuit,
726 1764 937 1831 substitutum
956 1786 1031 1833 esse
1052 1774 1152 1851 puta·

74 1865 104 1928 vit
131 1865 222 1953 epsilo
258 1864 366 1953 primo
400 1863 435 1929 in
461 1873 514 1929 eta
534 1873 674 1941 mutato,
707 1875 745 1929 ut
772 1862 918 1952 σπήεσσι
945 1864 1064 1931 dicitur
1090 1886 1152 1951 pro

73 1964 158 2033 οσέιιι
183 1976 216 2032 et
238 1963 384 2055 ζαχρηής
406 1966 555 2033 nonnrrlli
577 1988 638 2051 pro
663 1965 803 2052 ζαχριὴς
823 1976 1030 2053 acceperunt
1079 1966 1153 2034 Neo

75 2076 152 2133 amen
166 2078 305 2155 apparet
326 2090 384 2133 cur
404 2066 470 2133 hoc
489 2068 614 2153 fingere
637 2088 738 2151 quam
763 2060 898 2154 ἀκληεῖς
919 2066 1061 2135 scribere
1081 2090 1152 2133 ma·

77 2167 153 2247 luerit,
182 2171 273 2255 quod
304 2192 346 2235 ex
376 2164 508 2247 ἀκλεέες
538 2178 742 2237 contractum
768 2178 819 2233 est
838 2168 950 2287 epsilo
980 2169 1089 2255 primo
1116 2169 1153 2237 iu

75 2280 110 2333 eta
123 2281 306 2351 nauseante,
329 2270 460 2339 duobus
482 2271 620 2337 alteris'
611 2294 647 2336 ιιι
669 2296 711 2339 οι.
754 2271 799 2336 Et
786 2279 849 2335 tar
838 2262 1017 2356 σἰκλῆες
1008 2294 1044 2335 ιιι
1058 2269 1153 2337 libris

72 2372 176 2458 antiquis
196 2375 358 2461 scriptum
377 2372 516 2450 invenit,
548 2395 605 2439 cur
633 2372 669 2437 id
692 2392 858 2457 syncopae
885 2370 997 2457 potius
1027 2372 1152 2439 adseri·

71 2475 145 2555 pserit
159 2499 253 2561 quem
262 2476 449 2593 ‘synaeresi
472 2473 640 2541 undet
582 2497 626 2539 na
627 2484 680 2541 tus
704 2482 755 2538 est
772 2472 975 2537 accusativus
989 2468 1152 2553 adalrico,

68 2596 121 2641 nam
144 2603 174 2645 se
200 2588 233 2643 et
260 2578 299 2643 in
321 2603 352 2644 ει
374 2575 577 2643 contrahitur
598 2575 685 2643 etin
710 2602 742 2661 η.
780 2573 937 2659 Denique
959 2595 1001 2638 ex
1022 2568 1154 2651 ἆκλιῖες

67 2676 172 2743 existere
198 2678 244 2765 po
246 2678 313 2747 tuit
338 2674 463 2769 σἰκλῇις
490 2676 697 2765 diphthongo
725 2675 862 2761 propria
885 2676 920 2741 in
940 2674 1155 2761 impropriam

66 2780 334 2867 tunfignnatass).
378 2781 503 2847 Verum
526 2779 568 2845 de
591 2778 776 2845 accusativo
802 2773 955 2855 εὖιιλιῖας
972 2800 1040 2845 ιιοιι
1057 2776 1154 2845 omit-

66 2881 137 2947 tenda
156 2868 203 2949 est
223 2880 388 2949 sententia
411 2881 492 2948 ΕΜ.
516 2880 590 2958 392,
612 2880 665 2945 22.
690 2882 751 2946 τοῦ
779 2873 916 2967 εὐκλεής
939 2874 961 2968 ἡ
983 2876 1154 2967 datorem}

64 2981 121 3059 ιούς
146 2982 301 3061 adulatos,r
334 2982 391 3050 καὶ
422 2981 509 3049 κατὰ
541 2977 733 3066 σοιαίρισιι
763 2976 915 3059 statuae
946 2972 967 3068 ἢ
998 2975 1067 3046 ἀπὸ
1095 2983 1156 3047 τοῦ

65 3077 171 3162 ιῖοιλέιις
192 3085 376 3153 έπεοθέσει
397 3086 457 3151 τοῦ
478 3071 504 3151 ἶ
545 3081 679 3155 Etenim
705 3080 770 3147 hoc
795 3076 933 3159 ιῦιιλέοις
951 3080 1156 3150 manfiestum

64 3183 174 3264 praefert
192 3206 377 3273 syncopen.
420 3184 491 3253 Sed
512 3182 715 3270 probabilior
735 3191 786 3248 est
805 3182 1001 3267 synaeresis.

124 3286 240 3353 Poetas
256 3286 398 3353 Homeri
419 3284 567 3371 vestigiis
581 3284 771 3350 insistentes
785 3283 955 3368 adjectivis
970 3305 1044 3349 cum
1060 3280 1156 3359 κλέος

62 3389 224 3473 compositis
258 3377 286 3457 a
323 3389 467 3459 cliticum
508 3386 687 3453 detraxisse
712 3386 787 3469 jam
818 3384 976 3462 diximum
1019 3383 1157 3451 diorum

64 3490 184 3575 exempla
209 3512 347 3577 perrara
363 3499 461 3557 esunt.
503 3488 618 3553 Unum
637 3486 865 3571 hujuscemodi
888 3498 939 3553 est
961 3485 1044 3551 illud
1065 3483 1156 3570 quod

62 3584 213 3657 ioParall.
242 3590 318 3659 235.
350 3614 393 3657 ex
418 3587 635 3675 Euphorione
663 3588 804 3675 protuli,
832 3582 935 3673 οἰιρέα
964 3588 1070 3672 δῆμον
1093 3607 1155 3671 pro

63 3681 140 3777 έιρεῆ
166 3692 245 3757 sive«
266 3687 427 3779 ἄτρεστοι
455 3702 612 3776 tanquam
635 3712 655 3755 a
675 3701 765 3755 recto
786 3682 924 3776 ἆτριής,
955 3688 1044 3753 unde
1073 3688 1157 3753 alius

62 3801 207 3871 poetarum
251 3792 487 3860 nominativum
524 3792 684 3879 pluralem
724 3790 819 3855 duxit
860 3790 920 3855 sed
957 3799 1158 3858 contractum

111 3978 153 4046 tt)
167 3978 261 4049 Hujus
278 3979 433 4051 scripturae
449 3978 609 4049 exemplum
623 3993 640 4030 a
654 3974 850 4031 Grammaticis
865 3975 1026 4045 neglectum
1037 3974 1158 4045 praebet

61 4057 196 4117 humanius
209 4066 272 4130 579,
286 4066 325 4118 11.
339 4085 388 4119 του
376 4062 553 4139 ζαχρηέιςι
539 4088 555 4134 η
568 4060 769 4137 παραλήγουσα
782 4082 921 4134 γραφειαι
911 4059 976 4115 aad
951 4082 979 4114 ια
993 4056 1158 4131 διφθέγγου

60 4143 213 4218 traaas
187 4170 217 4206 ιο
234 4171 247 4207 ε
264 4154 339 4205 saer
356 4148 546 4223 (ζαχρειεις)
530 4148 595 4219 arrd
613 4168 720 4223 ημεια
739 4153 816 4206 roda
832 4144 990 4221 (ζαχρῄιιι).
1015 4150 1161 4217 Ζαχριιιῖς

61 4236 83 4281 tt
95 4232 212 4297 εὐκλειεῖς
223 4236 360 4307 Apellen.
373 4236 397 4291 I.
411 4238 471 4291 899.
486 4254 544 4293 nou
557 4235 682 4293 deterius
695 4245 797 4291 εοιιιιιιι
808 4252 892 4306 quarn
906 4238 992 4288 σείειν
1006 4239 1035 4288 et
1046 4236 1158 4309 statana·

63 4319 102 4375 ted
116 4336 196 4391 quam
214 4322 299 4379 facile
316 4323 417 4379 mutari
433 4331 562 4396 possent,
579 4321 641 4377 sine
661 4322 749 4378 dubio
766 4322 875 4394 rejecta
891 4326 964 4377 sunt.
