2825 4809
226 349 276 423 90
590 338 912 419 DISSERTATIO
947 341 976 408 Ι.
1050 348 1058 371 “

186 561 190 569 ·
226 538 276 597 est
297 549 407 595 sonus.
451 517 574 603 Αίιλαξ
590 536 623 590 et
643 526 759 608 βῶλαξ
777 525 923 610 ejusdem
935 528 1044 615 stirpis
1056 550 1130 593 esse
1147 527 1345 615 acproinde

226 628 395 715 λριβῶλαξ
413 626 500 692 idem
523 626 629 691 valere
653 628 743 712 quod
760 627 1138 714 ἕριαῦλαξΗειωιιαααε
1156 629 1345 717 suspicatur

230 732 358 819 Opusc.
381 729 441 797 VI.
457 727 499 792 P.
519 727 549 793 Ι.
571 728 644 793 237.
664 739 788 794 κείαται
813 751 889 794 vero
907 733 1018 813 βῶλος
1037 731 1154 813 βῶλαξ
1172 725 1219 809 ὡς
1239 729 1345 811 λίθος

228 832 341 912 licat,
366 826 467 909 αίιλός
489 821 596 910 αὖλαξ
616 828 704 897 Gud.
727 830 778 908 94,
803 830 854 897 18.
881 830 1033 917 clareque
1056 831 1257 917 Apollonius
1274 832 1345 900 III.

228 935 321 999 1333.
344 930 516 1015 distinguit
535 927 673 1012 βώλακα
700 943 734 996 et
756 925 859 999 ὦλκα.
894 932 932 999 Si
955 929 1008 1011 ἰός
1029 942 1061 997 ct
1079 930 1155 1014 βιός
1174 958 1237 1021 pro
1260 956 1346 999 con-

221 1034 346 1121 jugatis
368 1033 522 1099 habenda
545 1042 636 1110 sunt,
658 1032 811 1099 libentius
833 1035 966 1100 credam
987 1034 1063 1099 huic
1085 1035 1161 1101 beta
1180 1036 1345 1115 additum,

227 1159 326 1222 quam
351 1145 387 1199 ut
414 1132 608 1201 Thierschio
640 1134 743 1199 videri
769 1134 864 1201 video
893 1136 1036 1203 Gramm.
1067 1160 1102 1222 p.
1122 1137 1196 1203 235.
1228 1162 1263 1203 n.
1289 1140 1343 1204 12.

224 1239 271 1305 illi
292 1240 471 1305 detractum
494 1258 575 1313 esse,
599 1235 779 1322 horumque
798 1237 909 1315 altero,
927 1240 1024 1323 cujus
1043 1239 1223 1325 penultima
1240 1240 1347 1326 longa

226 1350 286 1419 ast,
307 1339 430 1405 missile
446 1337 630 1424 significari,
656 1338 757 1404 altero
774 1339 944 1405 missorem
959 1339 1025 1405 hoc
1040 1350 1090 1407 cst
1107 1364 1228 1410 arcum.
1261 1344 1343 1409 Bel-

223 1441 452 1530 lerophontem
490 1463 510 1505 a
549 1440 660 1505 nescio
699 1462 765 1526 quo
794 1436 1054 1528 Ἐλλεροφόνιην
1087 1453 1239 1507 vocatum
1268 1466 1346 1509 ease

225 1540 301 1611 κατ’
328 1541 477 1629 ἔλλειψιν
499 1541 691 1609 Euststhius
714 1541 814 1605 tradit
835 1542 908 1619 635,
930 1542 961 1608 6.
1007 1540 1125 1609 Cetera
1150 1566 1224 1609 cum
1244 1566 1347 1631 prae·

225 1645 390 1734 positione
401 1654 526 1711 mutant
540 1645 592 1710 vel
602 1643 862 1710 terminationem
878 1644 929 1709 vel
947 1644 1134 1711 merismum
1147 1645 1200 1709 vel
1215 1657 1348 1711 uuum-

226 1771 307 1834 quc:
336 1752 468 1824 Βαῦνος
496 1740 515 1833 ἡ
542 1744 681 1828 κάμινος
710 1745 805 1831 παρὰ
836 1743 875 1813 τὸ
903 1739 975 1811 atto
1005 1748 1207 1833 πλεονασμῷ
1234 1752 1298 1813 τοῦ
1322 1734 1351 1831 β

224 1852 305 1917 ΕΜ.
328 1850 400 1927 192,
420 1850 453 1916 4.
478 1859 511 1915 et
533 1846 727 1915 cumulatius
753 1847 788 1911 in
817 1845 890 1912 cod.
914 1845 1019 1911 Paris.
1040 1846 1183 1914 Bekkeri
1210 1870 1245 1935 p.
1269 1848 1349 1915 785.

226 1957 349 2038 βαῦνος
371 1950 453 2019 κατὰ
476 1949 662 2026 Λάκωνας·
694 1942 873 2034 αὗταιγὰρ
907 1946 944 2013 ro
977 1944 1060 2015 ἰδεῖν
1087 1951 1193 2031 βιδεῖν
1222 1951 1352 2036 φασίν·

227 2052 333 2130 οὕτως
350 2048 566 2138 Ἡρωδιανός.
601 2050 673 2115 Nec
697 2047 796 2114 dubie
817 2048 921 2115 batilli
941 2070 1062 2115 nomen
1083 2046 1253 2135 πάραανος
1275 2051 1352 2118 sive

227 2152 397 2239 πάραυνον
417 2174 491 2217 cum
518 2145 590 2217 αίίω
613 2152 833 2237 compositum
855 2161 921 2227 est,
956 2150 1015 2215 sed
1047 2150 1191 2215 caminus
1217 2152 1355 2233 βαυνάς

117 2312 122 2319 .
193 2258 195 2266 ’
228 2256 296 2320 sive
314 2258 437 2339 βαίινος
458 2251 500 2318 ab
521 2251 671 2317 omnibus
692 2252 818 2317 dicitur.
840 2252 953 2329 Minus
969 2273 1045 2317 vero
1063 2250 1232 2338 probabile
1247 2253 1352 2319 vide-

227 2366 280 2421 tur
309 2354 400 2440 quod
432 2352 473 2419 ab
507 2352 623 2419 eodem
651 2353 844 2418 Herodiano
877 2353 1000 2418 dictum
1030 2353 1167 2418 refertrn
1196 2354 1231 2419 in
1260 2354 1355 2420 EM.

226 2456 348 2542 βείιάεα
371 2456 412 2521 τά
440 2455 578 2522 ποικίλα
605 2452 723 2538 ἱμάτια
747 2455 842 2540 παρὰ
863 2456 901 2523 πὸ
931 2454 1040 2534 είίβειν
1060 2458 1264 2542 πλεονασμῷ
1286 2460 1358 2525 τοῦ

225 2546 301 2647 β’),
322 2581 397 2625 nam
418 2556 605 2642 ubicunque
630 2556 750 2643 legitur
773 2567 880 2623 vestes
903 2557 1064 2644 pretiosas
1085 2556 1256 2643 ,significat
1276 2580 1360 2625 non

169 2704 176 2717 ‹
227 2658 390 2732 ἐνεύναια.
422 2659 656 2745 Theognostus
679 2657 853 2736 Onalos,
875 2660 926 2724 14.
948 2655 1037 2737 ίςία
1060 2659 1116 2725 καί
1137 2661 1361 2749 πλεονασμῷ

134 2764 142 2781 ’
226 2752 338 2847 coriis
365 2762 438 2841 μία.
458 2762 535 2843 (τοῦ
557 2749 584 2845 β
606 2759 679 2845 βία)
704 2760 811 2839 οὕτως
833 2758 1039 2848 Ἡρωδιανὸς
1066 2759 1098 2826 ἕν
1120 2763 1161 2849 τῇ
1187 2757 1362 2829 καθόλου
1411 2831 1412 2834 ,

228 2876 261 2933 et
281 2864 438 2954 probatur
454 2887 517 2929 usu
531 2862 699 2947 utriusque
713 2863 899 2950 promiscuo
913 2862 1089 2949 praecipue
1106 2860 1140 2925 in
1155 2860 1364 2947 periphrasi
1411 2943 1412 2946 Ἴ

226 2990 386 3057 personae
398 2964 431 3045 ἲς
440 2962 642 3053 Ἡρακληείη
655 2974 688 3028 et
700 2962 758 3051 βίη
777 2961 989 3051 Ἡρακληείη,
1010 2964 1070 3029 sed
1082 2960 1366 3028 discriminantur

228 3069 471 3159 quodammodo
502 3066 569 3133 Od.
592 3066 727 3133 XVIII.
750 3067 781 3131 3.
810 3061 889 3134 οὗάέ
917 3061 950 3132 oi
977 3057 1015 3152 ἢν
1042 3061 1074 3142 ἲς
1102 3062 1180 3131 οὐδὲ
1207 3065 1286 3151 βίη.
1314 3104 1366 3115 --

226 3168 373 3241 Λεάσσω
403 3168 498 3252 παρὰ
523 3168 560 3235 rei
586 3168 701 3253 βλέπω
723 3169 804 3234 ΕΜ.
831 3167 882 3231 vel
904 3166 1013 3254 potius
1033 3176 1204 3249 utrumque
1229 3188 1251 3228 a
1276 3165 1366 3235 λοίω

225 3296 256 3341 v.
276 3272 401 3339 Techn.
426 3272 497 3337 109.
529 3270 607 3336 Alia
632 3268 818 3355 hujusmodi
843 3292 863 3333 a
885 3268 990 3333 doctis
1012 3278 1143 3334 nostrae
1165 3269 1367 3336 memoriae

227 3376 397 3443 observata
419 3384 495 3438 sunt
510 3373 614 3458 magis
626 3372 772 3436 minusve
784 3381 880 3437 certa.
914 3368 1090 3454 Βαλλίζειν
1106 3369 1142 3433 id
1158 3378 1208 3433 est
1219 3366 1369 3439 ballare

228 3489 261 3545 et
284 3471 470 3563 βαλλιααάς
497 3472 623 3538 saltatio
649 3472 826 3559 Menagius
859 3473 894 3537 in
924 3471 1042 3558 Origg.
1068 3496 1102 3559 p.
1132 3472 1183 3536 73.
1210 3470 1256 3535 ab
1293 3474 1371 3541 ἅλ-

226 3582 348 3648 λεσθαι
370 3576 489 3663 repetit
510 3577 570 3641 sed
591 3574 702 3639 nescio
723 3598 764 3639 an
783 3597 987 3662 paragogum
1005 3572 1185 3639 sitaverbo
1204 3572 1371 3655 βάλλειν

183 3729 192 3739 ,
226 3703 265 3747 ac
288 3679 473 3767 primariam
493 3678 681 3743 saltatorum
692 3689 804 3757 artem,
828 3677 1062 3746 chironomiam
1076 3677 1160 3753 dico,
1178 3674 1373 3761 significet

225 3795 263 3850 ut
290 3784 324 3849 in
354 3780 458 3847 Anth.
486 3782 528 3848 V.
559 3781 630 3846 129.
660 3779 702 3845 dc
723 3779 822 3845 mima
843 3779 961 3845 dicitur
981 3777 1095 3862 βάλλει
1123 3778 1183 3855 τὰς
1204 3775 1374 3861 ἁπαλὰς

227 3876 292 3953 ὧδε
313 3884 371 3950 καί
397 3873 462 3949 ὧδε
482 3881 593 3969 χέραςἱ
612 3892 644 3948 et
671 3881 788 3949 eodem
815 3883 914 3948 modo
935 3881 1047 3949 Latini
1063 3884 1187 3966 jactura
1211 3880 1375 3953 brachio

225 4059 335 4120 borum,
343 4044 370 4109 ‘si
383 4055 585 4126 producantur,
598 4051 778 4108 circumflecti
790 4054 908 4107 docent:
922 4053 976 4126 γρῦ
986 4052 1027 4124 μῦ
1038 4051 1147 4106 Anecd.
1155 4049 1252 4105 Bekk.
1272 4055 1373 4113 1160.

218 4146 278 4201 sed
289 4141 428 4197 Arcadius
444 4142 501 4205 181,
519 4142 562 4197 21.
576 4142 633 4194 πᾶν
646 4140 787 4215 ἐπίρρημα
799 4136 1013 4210 μονοσύλλαβον
1024 4134 1158 4208 ὀξύνεται,
1175 4132 1216 4210 μά
1229 4135 1264 4193 τὸ
1280 4148 1375 4217 &prp-

226 4225 335 4299 νηιιιιόν
348 4236 401 4283 etc.

294 4315 324 4387 1)
342 4311 451 4371 Vitiosa
465 4311 562 4371 Orion.
575 4313 618 4378 38,
635 4312 674 4367 11.
690 4307 778 4381 plora
791 4318 820 4369 ot
831 4307 910 4371 ἅδεα.
