2825 4809
162 318 218 387 na
236 314 447 389 sincere
468 312 613 383 marus
634 312 856 385 vocaus.
879 314 919 382 c.
930 315 978 381 11.
999 318 1025 401 ς.
1038 317 1067 381 1.
1090 321 1165 397 ω

89 508 132 573 τοῦ
155 497 288 592 ὀμεῖται.
336 500 470 569 Centies
496 500 692 589 proponitur
720 500 828 589 ἥλατο
861 500 922 569 καὶ
951 500 986 568 ἐν
1013 504 1166 589 σνμιοπῇ

88 598 158 684 ἆλτο,
177 603 230 669 aed
250 604 388 690 pertinet
410 604 486 671 elio.
532 602 628 687 Quae
650 601 763 671 Sobel.
786 602 928 669 Theoer.
950 602 979 668 Ι.
1001 602 1055 669 30.
1084 624 1166 667 eon·

87 705 164 773 sociat
180 704 380 790 κεκονιμένος
400 700 471 775 ἀπὸ
493 708 551 771 τοῦ
574 701 808 788 κεκονιαμένος
831 704 968 771 diversis
992 702 1165 790 principiis

85 806 241 873 innituntur.

514 1093 617 1161 CAP.
650 1094 696 1161 ll.

475 1232 535 1305 De
579 1232 739 1329 aprile.
766 1218 772 1222 ’

142 1418 164 1499 ξ.
183 1415 210 1479 1.
256 1414 418 1481 Ordinem
432 1415 615 1483 institutum
626 1413 777 1500 sequenti
789 1413 895 1501 prime
911 1424 989 1479 eunt
1002 1414 1165 1483 voeabula

81 1536 141 1599 quae
159 1514 282 1601 epeilon
312 1516 405 1603 stirpi
425 1517 560 1585 insitum
579 1518 615 1582 in
636 1516 837 1583 derivatione
859 1527 983 1583 exuunt
1006 1530 1165 1603 sequente

80 1616 358 1703 inalterasyllaba
387 1627 441 1685 eta
469 1620 523 1686 vel
550 1617 650 1705 elpha
677 1617 791 1705 longo.
834 1618 1035 1703 Hnjnemodi
1062 1621 1166 1685 multa

81 1718 187 1785 afferunt
206 1719 402 1807 Etymologi
436 1720 496 1786 aed
522 1720 623 1786 nimio
653 1718 826 1807 parilitatis
861 1741 971 1785 amore
1000 1720 1164 1805 quidquid

80 1818 171 1885 aneisi
191 1819 339 1907 speeiem
366 1819 467 1887 habet
487 1821 530 1888 ab
558 1821 668 1906 aliquo
695 1844 763 1887 non
795 1820 929 1887 aeneiae
956 1833 1064 1887 ortum
1089 1846 1165 1890 esee

80 1911 182 2005 fingunt.
233 1920 385 1991 Primum
417 1916 622 2010 praesentia:
654 1915 727 1991 ἀπὸ
758 1925 817 1989 τοῦ
848 1916 934 2009 τομή
966 1926 1060 2006 τομῶ
1089 1929 1164 2008 τμῶ

81 2017 161 2107 τμήμι
179 2023 300 2089 Zonar.
311 2022 386 2091 267.
408 2028 500 2111 περῶ
514 2018 653 2110 περάσιο
670 2017 810 2111 πρήσσω
819 2022 931 2109 Epina
941 2022 970 2088 Ι.
982 2022 1056 2089 366.
1072 2026 1164 2110 qnod

86 2121 242 2190 auronae
273 2135 496 2193 commentam
525 2133 686 2211 respuunt
715 2123 781 2189 alia
811 2122 984 2189 verborum
1010 2123 1163 2191 themati-

83 2243 160 2289 eornn
178 2226 420 2313 complementa
439 2222 597 2315 πτήσσω,
620 2220 767 2312 θνῄσκω,
787 2219 973 2309 πιπράσιιω
999 2248 1030 2291 v.
1051 2227 1164 2294 Tech-

78 2323 124 2388 nol.
141 2324 194 2389 107
214 2348 264 2412 eq.
324 2328 412 2393 Tum
432 2338 581 2416 tempore
601 2325 737 2411 obliqua
763 2348 783 2391 a
810 2316 918 2391 'verbis
947 2326 1164 2396 circumflexis

76 2436 191 2510 repetere
209 2427 394 2495 moliuntur
414 2434 506 2495 πετῶ
528 2423 663 2515 πετήσω
686 2424 863 2513 πεπέτηκα
885 2426 944 2493 ναὶ
970 2428 1057 2495 κατὰ
1082 2454 1163 2517 συγ-

75 2524 155 2614 κοπὴν
173 2526 335 2618 πέπτηκα
363 2529 424 2596 καὶ
449 2533 560 2617 τροπῇ
587 2526 755 2595 πέπτωκα
781 2524 947 2593 Ohoerob.
981 2526 1066 2595 Can.
1086 2532 1162 2597 554.

73 2630 142 2711 πιρῶ
159 2628 340 2717 πεπέρακα
363 2628 421 2697 καὶ
443 2632 593 2717 συγκοπῇ
615 2626 778 2724 πέπραιια
800 2627 890 2695 (itud.
898 2626 974 2707 479,
986 2630 1019 2694 4.
1035 2636 1164 2718 πρᾶσις

73 2722 151 2795 οἱονεὶ
168 2728 317 2816 πέρασις
336 2729 423 2799 κατὰ
450 2728 619 2817 σογιιοπὴν
638 2731 696 2808 τοῦ
719 2754 737 2795 e
757 2729 838 2795 EM.
860 2728 942 2806 686,
962 2729 1016 2795 46.
1040 2753 1071 2797 v.
1092 2732 1163 2797 Pa-

72 2829 191 2897 renel.
215 2830 686 2916 Tumetiamadjeetiverrerei
694 2823 1162 2920 πετήνᾶπιτήνναὶσυμιοπῇ

71 2922 155 3019 ὀπτήν
178 2932 300 3001 Orion.
322 2932 375 3009 22,
395 2930 449 2999 26..
472 2926 614 3020 σκληρός
634 2928 730 3016 παρὰ
744 2927 785 2999 τὸ
801 2932 890 2997 σιιλῶ
901 2926 1162 3015 μονοσύλλαβον,
1209 2949 1216 2961 ’

71 3027 85 3093 λ’
93 3029 167 3097 ἐστιν
180 3028 252 3101 ἀπὸ
271 3036 333 3101 τοῦ
351 3031 478 3101 στέλλω
488 3033 572 3101 ΕΜ.
583 3032 655 3110 718,
673 3031 725 3097 14.
742 3030 780 3098 έκ
797 3034 856 3097 τοῦ
871 3025 996 3117 ympnus
1014 3026 1166 3118 γενὴσιος

70 3128 112 3195 rai
123 3132 202 3201 κατὰ
213 3131 388 3221 σογιιοπὴν
399 3128 532 3223 γνήσιος
547 3134 630 3212 236,
647 3134 700 3199 22.
720 3129 816 3218 παρὰ
831 3128 871 3198 τὸ
882 3132 958 3197 πλιῦ
968 3129 1009 3199 τὸ
1027 3127 1164 3213 πελάζον

70 3228 172 3318 τλητός
189 3234 250 3306 καὶ
276 3227 428 3323 ἄπλητος
449 3228 468 3303 ὃ
491 3227 674 3322 ἇπρόςιτος
696 3234 769 3311 123,
792 3234 844 3298 11.
874 3255 984 3319 neque
1002 3233 1165 3298 intentata

68 3330 229 3419 relinquunt
265 3335 422 3401 adverbia
458 3332 554 3421 παρὰ
594 3332 635 3400 τὸ
672 3332 780 3412 πέλας
817 3329 983 3401 παλάσιον
1020 3330 1166 3421 πλησίον

69 3428 215 3509 61106101),
238 3438 277 3503 in
305 3436 429 3507 Pselm.
459 3435 538 3513 121,
570 3436 621 3500 16.
655 3432 750 3521 παρὰ
781 3431 822 3501 τὸ
848 3431 942 3501 πέλω
971 3433 1095 3518 (πελῶ)
1124 3432 1165 3498 τὸ

68 3533 221 3621 πλησιάζον
251 3540 405 3625 συγκοπῇ
431 3538 507 3603 πλῶ
535 3535 596 3603 καὶ
624 3532 753 3623 ἔμπλην
780 3536 861 3601 ΕΜ.
889 3534 970 3614 336,
999 3535 1050 3601 17.
1095 3534 1166 3602 sed

68 3636 157 3717 potiris
179 3639 344 3705 sententia
365 3638 413 3713 sie
434 3647 485 3703 eet
505 3660 526 3703 a
547 3636 697 3723 πέτομαι
714 3646 839 3701 mutata
848 3635 1165 3723 propterehareete·

67 3754 119 3803 rem
137 3739 234 3807 fntnri
258 3739 501 3826 conjugationis
529 3739 635 3805 forma
661 3737 861 3809 deelinaum
881 3760 956 3805 esee
975 3732 1168 3827 πονήσομαι

68 3847 95 3899 ut
110 3862 128 3903 a
146 3839 234 3931 κήδω
267 3836 418 3931 νηιλήσω,
449 3838 606 3927 γίγνομαι
633 3835 815 3928 γενήσομαι
845 3850 879 3907 et
906 3861 1006 3927 porro
1034 3838 1169 3905 nomina

68 3937 196 4030 πετηνός,
220 3940 455 4029 έκπετήσιμος,
478 3939 653 4029 πέτεορον,
676 3940 737 4007 sed
762 3940 997 4007 terminationis
1019 3939 1166 4005 voealem

68 4036 180 4127 longam
208 4068 310 4132 saepe
339 4067 378 4110 eo
413 4043 554 4108 valuisse
582 4052 619 4106 ut
653 4042 798 4129 syllabae
827 4041 1017 4134 principalia
1044 4038 1166 4105 vocalia

68 4137 156 4209 brevis
182 4145 408 4213 oblitereretur
436 4145 584 4232 pondere
616 4145 782 4231 sequentis
814 4143 939 4209 obruta.
983 4140 1101 4225 Itaque
1123 4136 1167 4233 ab

71 4244 168 4311 eodem
187 4246 337 4333 πέτομαι
360 4247 522 4335 processit
542 4240 731 4335 πτήοομαι,
754 4239 894 4333 πτηνός,
915 4243 1063 4329 πτῆσις,
1077 4238 1165 4309 ἔπα-
