2825 4809
84 366 87 370 ⁴
164 367 218 432 DE
235 362 493 432 Pii-OSTHESI
512 363 575 432 ΕΤ
597 365 862 434 APHAERESI.
898 365 937 432 Ο.
954 367 1033 434 VII.
1083 372 1158 449 163

91 552 161 616 latu
181 550 211 613 in
231 548 326 614 Proll.
351 548 425 612 261.
442 541 516 632 ’Ίβη
539 558 572 614 et
591 547 676 635 θλβη
700 549 792 635 prius
816 549 908 614 attuli
931 549 970 615 O.
991 550 1056 616 ΙΠ.
1079 554 1104 636 ξ.
1126 553 1157 618 3.

88 647 127 737 ’λη’
146 649 254 734 Σεμέλη
273 651 354 714 Hes.
380 648 539 715 incertum
558 649 718 716 habemus
746 673 942 736 graecumnc
972 651 1014 716 sit
1040 675 1160 719 nomeu

89 752 234 836 significans
266 750 446 836 thyiadem,
478 772 554 816 nam
590 750 705 815 eadem
745 747 863 838 Θυώνη
896 763 1012 819 vocata
1045 765 1094 818 est
1127 765 1161 818 et

86 850 200 918 Bacchae
225 858 319 918 θυῖον
336 857 407 934 ¹⁴),
430 873 473 916 an
494 849 572 934 quia
595 851 746 918 Bacchus
768 873 788 916 a
811 850 994 918 Thracibus
1015 853 1158 939 Phrygi-

86 953 180 1036 busque
197 951 359 1016 invocatus
380 962 431 1017 est
444 951 538 1037 Ὕης,
563 951 639 1016 hinc
667 953 762 1016 matri
785 953 855 1036 ejus
876 975 997 1020 nomen
1019 953 1159 1020 affinxe-

86 1055 130 1118 rint
142 1052 192 1138 Ὕη
219 1053 285 1118 sive
305 1049 373 1141 Ὑη.
424 1053 493 1122 Sed
520 1057 612 1140 θυᾷν
640 1053 759 1120 subare
780 1065 813 1119 et
835 1054 937 1120 surirc
962 1054 1004 1120 ab
1031 1046 1070 1134 ὗς
1091 1055 1159 1120 siva

85 1160 126 1231 οἷς
141 1152 302 1218 derivatum
323 1175 396 1219 esse
417 1176 477 1240 pro
499 1175 568 1218 non
590 1152 692 1218 dubio
713 1153 861 1221 habetur.
900 1149 1011 1236 Ἰακχά
1032 1151 1159 1242 στεφά-

83 1279 148 1333 νομο
172 1253 201 1320 έν
226 1258 368 1320 Σιυυιῖινι
396 1266 430 1320 et
463 1249 593 1336 Θιαιιχά
623 1247 713 1340 dass]
744 1255 778 1322 ἐν
799 1259 940 1324 Σικυῶνι
961 1258 1044 1332 Hcs.
1068 1265 1160 1340 patet

83 1354 142 1418 idem
158 1375 222 1419 esse
242 1354 451 1431 vocabulum
474 1376 536 1419 neo
564 1354 720 1420 dissimile
741 1355 870 1423 videtur
893 1350 1053 1439 βάκχοςὸ
1080 1351 1160 1422 κλά-

82 1456 120 1532 λος
136 1477 160 1518 v.
180 1454 343 1542 Aglaoph.
371 1456 413 1520 T.
434 1455 463 1520 1.
484 1454 559 1520 308.
615 1453 779 1536 Θολκάζει
803 1457 1037 1540 χαλιναγωγεῑ,
1067 1455 1158 1538 quod

81 1555 209 1640 Bentlejus
236 1555 399 1634 consedit,
428 1555 469 1620 ab
501 1557 619 1622 ecdem
652 1577 759 1622 errore
791 1556 974 1641 proiectum
1001 1567 1051 1622 eet
1067 1555 1157 1620 unda

81 1653 184 1726 leitila.

137 1755 186 1822 VI.
225 1753 362 1834 Καυλός
383 1756 421 1822 τὰ
449 1750 553 1841 {inpos
572 1760 632 1825 τοῦ
654 1754 799 1842 δόρατος
821 1754 907 1824 κατὰ
927 1751 1156 1835 πλεονασμόν·

37 1886 38 1895 ¹
80 1851 143 1942 stup
158 1857 215 1944 γὰρ
237 1855 329 1924 έοιιιε
350 1858 431 1924 ΕΜ.
454 1858 529 1935 493,
553 1860 582 1924 1.
613 1856 748 1924 Etenim
768 1867 908 1940 auoque
929 1856 1062 1920 nomine
1084 1875 1157 1920 cor-

37 1994 38 1997 *
80 1976 138 2039 pora
156 1957 294 2023 tabulata
318 1959 541 2044 significantur
568 1969 599 2024 et
627 1958 704 2022 hinc
732 1954 842 2024 αιίλών
863 1953 970 2033 τόπος
991 1951 1158 2042 ἐπιμήκης

81 2056 121 2120 καὶ
139 2058 233 2137 στενὸς
261 2055 429 2145 ἀγκάλαις
452 2052 524 2126 οἷον
546 2054 783 2146 περιεχόμενος
804 2056 933 2122 Anecd.
955 2055 1060 2122 Bekk.
1082 2055 1157 2122 463.

79 2151 178 2236 ἔναυλος
198 2159 382 2246 χεέμαῤῥος
411 2157 469 2226 διὰ
497 2163 614 2226 στενοῦ
648 2158 705 2225 καὶ
735 2155 923 2245 ἐπιμήνιοος
944 2153 1052 2224 τόπου
1074 2157 1158 2244 ῥέων

78 2256 143 2339 παρὰ
165 2258 217 2325 τὸν
244 2255 368 2337 αὐλόν,
397 2254 460 2347 ἀφ’
491 2249 530 2326 οὗ
554 2258 611 2325 καὶ
633 2254 652 2347 ἡ
677 2251 785 2338 αὖλαξ
803 2259 899 2324 Eust.
924 2257 1016 2336 1236,
1039 2257 1156 2341 50.έὸ)

77 2357 213 2425 Καυλωνία
242 2356 415 2448 πρότερον
435 2355 598 2427 Αὐλιυνέα
624 2359 782 2444 λεγομένη
812 2358 870 2428 διὰ
894 2356 950 2426 τὸν
976 2355 1158 2442 προκείμε-

76 2480 111 2520 νον
131 2454 251 2526 αὐλῶνα
280 2458 391 2526 Strab.
419 2459 479 2527 VI.
505 2459 579 2526 261.
608 2471 641 2526 et
665 2461 827 2545 Scymnus
853 2483 883 2524 v.
906 2459 979 2524 320.
1032 2459 1072 2524 In
1094 2458 1157 2534 hoc

73 2553 143 2640 igitur
158 2561 242 2624 nulla
262 2570 396 2647 praeter
417 2560 604 2646 prosthesin
628 2562 714 2627 lacta
733 2573 783 2626 est
799 2560 950 2636 mutati03
974 2559 1035 2624 scd
1056 2554 1158 2638 αὐλός

36 2650 37 2745 ]
75 2667 96 2718 et
110 2659 213 2740 καυλός
243 2662 410 2727 diversum
430 2662 629 2727 intellectum
650 2661 782 2739 habent,
806 2662 959 2746 idemque
983 2658 1157 2724 discrimen

73 2755 130 2823 iuter
147 2783 181 2826 ea
200 2785 286 2847 quae
308 2763 420 2849 Epim.
442 2763 471 2826 l.
494 2764 567 2828 251.
588 2774 620 2829 et
638 2764 712 2828 254.
735 2787 809 2830 cum
826 2763 890 2828 illis
909 2761 1033 2828 confert
1050 2756 1158 2838 τύπος

73 2858 110 2922 καὶ
130 2863 324 2951 πλεονασμῷ
357 2853 468 2931 aad}
494 2862 633 2943 κτύπος,
661 2865 762 2951 νέφος
793 2874 825 2928 et
846 2862 977 2950 κνέφας.
1021 2862 1106 2926 ltem
1128 2860 1156 2924 si

72 2959 139 3042 κῆλα,
157 2972 190 3026 ut
210 2964 245 3028 in
266 2965 350 3029 EM.
378 2964 523 3039 traditur,
544 2963 585 3029 ab
603 2963 679 3052 ἱήμι
700 2962 772 3050 ἥοιυ
796 2961 975 3028 derivatum
1004 2972 1055 3027 est
1077 2983 1155 3047 pro-

72 3059 174 3145 prieque
196 3066 336 3131 missilia
359 3066 535 3151 significat,
561 3087 613 3130 res
639 3064 680 3129 ab
703 3064 876 3138 affcctione
899 3063 967 3128 abit
988 3062 1029 3127 ad
1053 3062 1156 3126 deno-

69 3160 244 3232 minationem
251 3193 260 3244 3
284 3168 364 3234 item
384 3167 413 3232 si
435 3167 595 3244 κέλευθος
617 3163 714 3248 παρὰ
737 3164 774 3232 τὸ
796 3162 926 3234 dictita
950 3164 1027 3232 Sch.
1046 3165 1091 3230 A.
1114 3163 1158 3228 ad

70 3260 96 3324 ll.
116 3264 140 3328 l.
164 3268 234 3332 312.
266 3268 357 3336 Gud.
386 3268 461 3344 314,
490 3266 586 3349 5.¹⁶)
615 3265 671 3330 alii
698 3288 775 3330 vero
798 3267 841 3330 ad
864 3267 990 3334 κέλλειν
1014 3267 1159 3332 referunt

119 3443 155 3510 ll)
169 3443 309 3516 Thyiades
328 3445 411 3499 etiam
422 3440 525 3502 Ὑάδας
540 3448 654 3495 vocatus
672 3457 732 3494 esse
744 3441 901 3512 Hesychius
915 3438 1159 3514 ἀοοολἚνασιρος

69 3523 154 3589 Μαινᾶς
164 3525 268 3601 Ἀχαιός
286 3528 349 3584 ἀντὶ
367 3531 416 3583 τοῦ
426 3523 509 3606 Ὑάς·
521 3525 570 3587 τὰς
586 3525 640 3597 γὰρ
652 3522 766 3596 Βάκχας
780 3525 882 3587 Ὺιλιΐας
896 3529 1001 3596 ἔλεγον.
1028 3515 1158 3582 Achaeis

69 3605 131 3674 igitur
141 3616 236 3670 sudaei
250 3612 400 3686 metalepsi
413 3629 517 3667 nomen
528 3612 654 3677 Maenas,
666 3611 734 3681 quia
742 3611 821 3666 idem
834 3611 936 3666 dicitur
951 3609 1036 3674 Θυιιές
1046 3621 1075 3668 et
1084 3611 1158 3681 Ὑᾶς,

70 3698 180 3752 autulii
196 3701 365 3772 sid-Hyades
384 3701 529 3765 caelestes,
549 3715 622 3768 quae
639 3715 657 3750 a
674 3697 760 3766 longe
779 3697 834 3752 alio
853 3699 942 3752 verbo
961 3698 1158 3755 denominatae

69 3789 152 3834 παλ.-
160 3782 286 3858 Ὲλναμός
294 3783 396 3861 ἥσυχος
407 3785 528 3840 fortasse
537 3788 660 3856 θέλημος
671 3783 733 3850 fuit,
747 3783 827 3854 cujus
841 3786 939 3838 eadem
952 3783 1157 3866 interpretatio.

120 3869 157 3936 15)
166 3871 278 3925 Servius
291 3874 326 3924 ad
335 3872 408 3925 Aen.
417 3871 469 3923 IX.
479 3872 520 3922 60.
531 3869 635 3923 caulae
646 3875 692 3923 est
703 3886 844 3940 qraecum
857 3887 964 3923 nomen
979 3887 994 3923 c
1009 3871 1160 3934 detractuf

72 3945 153 4007 Graeci
173 3961 250 4010 enim
276 3955 357 4016 αὐλός
380 3961 487 4011 uocant
511 3954 689 4008 animalium
713 3955 910 4026 receptacula.
954 3955 1053 4025 Neque
1079 3955 1160 4008 aliter
1251 3954 1258 3969 “

72 4037 236 4096 ιιοῑίιθοιοου
252 4043 289 4093 ad
299 4039 466 4094 Helioutt.
478 4032 547 4107 αὐλή
560 4043 691 4094 luserunt
705 4039 793 4094 caula
807 4037 822 4109 ἦ
837 4041 957 4101 luas-lae.
985 4039 1043 4094 Sed
1055 4038 1159 4093 rectius

71 4115 145 4178 Festus
159 4125 268 4181 cautae
286 4144 304 4180 α
324 4143 398 4180 cavo
418 4125 527 4180 dictae.

123 4211 160 4277 tu)
177 4212 354 4277 Heraclides,
373 4211 398 4266 si
417 4219 447 4266 ut
465 4209 628 4265 Eustathius
648 4209 717 4264 dicit
736 4213 800 4278 734,
819 4213 860 4266 30.
882 4228 944 4264 cum
961 4211 1110 4264 Καυλωνιύ
1132 4217 1160 4266 et

71 4294 174 4358 educas
185 4297 355 4370 comparavit
372 4303 511 4366 κιινθηλλιι
528 4304 660 4368 tauquam
673 4295 748 4352 idem
762 4295 919 4366 significans
932 4303 1018 4366 atque
1030 4290 1160 4365 ἀνθηλιυ,
