2825 4809
130 368 182 434 m
201 360 410 433 smooeu
431 360 576 431 οτσσε
598 358 822 432 vooms.
844 361 885 431 c.
895 362 961 430 111.
977 366 1004 450 ς.
1018 365 1047 430 1.
1071 362 1146 441 ιτο

73 551 211 640 ἀποβολὴν
233 552 290 617 τοῦ
316 550 570 633 διπλασιασμοῦ
592 547 669 629 λέξο
684 544 765 637 *ἢ
787 543 808 615 ό
828 548 960 634 μέλλων
979 549 1064 629 λέξεο
1085 572 1147 633 με·
1198 566 1201 579 ·

71 655 176 743 τόνιται
204 646 249 729 εἷς
278 648 458 718 ἐνεστῶτα·
490 645 609 718 τούτου
642 642 701 717 οὖν
731 644 772 716 τό
798 645 1042 737 προςταντικόν
1075 649 1147 717 ἔστι

70 757 150 835 λέξεο,
179 752 231 819 ναὶ
262 743 356 837 όρσω
388 744 490 839 όρσεο
522 748 581 818 κοιλ
608 744 692 819 καθ’
725 745 906 838 όφαλρισιν
937 749 1029 830 λέξο,
1063 743 1148 835 όρσο
1186 813 1190 823 ,

69 856 151 943 Ερὶιο.
175 854 203 919 Ι.
226 852 300 919 266.
328 850 499 937 idemque,
531 872 623 931 reor,
653 852 695 917 de
721 850 819 917 tertio
846 849 925 932 δέξο
954 858 1147 918 statuerunt

68 960 124 1022 Ηοο
140 954 325 1023 mediomoe
346 953 502 1021 auxilium
523 974 591 1020 nou
606 974 846 1041 usquequaque
867 950 1010 1039 repudio
1026 974 1058 1019 v.
1078 952 1147 1017 Po·

67 1078 127 1144 rerg.
147 1056 293 1124 sedilios
314 1055 523 1143 imperativos
548 1056 677 1123 tot-istis
700 1054 812 1135 λόντο,
834 1052 933 1123 tim
953 1066 1014 1121 eto.
1037 1054 1147 1143 appli-

68 1170 133 1225 catos
160 1180 226 1225 esse
256 1158 357 1224 hodie
389 1157 550 1224 convenit
604 1158 659 1225 De
688 1156 792 1223 tertiis
820 1155 947 1221 numeri
973 1155 1148 1241 singularis

67 1261 183 1347 personis
203 1260 286 1328 haee
306 1259 463 1347 legimus:
496 1258 535 1327 τό
559 1258 705 1343 ἔξαιρεῖν
727 1256 770 1326 τὰ
790 1258 918 1345 βραχέα
942 1262 1009 1325 τῶν
1034 1252 1147 1323 Ἀττι-

66 1366 111 1427 τόν
137 1362 201 1430 ἐστι
233 1358 371 1429 λούεται
404 1363 524 1430 λοόται
555 1359 644 1425 Plut.
675 1360 718 1426 de
747 1360 848 1426 Poes.
875 1360 977 1425 Hom.
1004 1380 1033 1424 o.
1062 1358 1147 1425 XII.

66 1460 134 1547 παρὰ
163 1463 198 1530 τό
238 1460 326 1529 στέω
364 1459 469 1529 στεόα
507 1458 658 1529 στεόεται
689 1460 777 1530 κατὰ
806 1460 980 1551 σογιιοπὴν
1011 1464 1149 1529 στεῦται

66 1563 143 1648 Epim.
162 1564 189 1629 Ι.
211 1564 286 1631 387.
314 1564 395 1631 ΕΜ.
419 1562 495 1640 726,
516 1563 569 1629 34.
597 1563 649 1629 oui
676 1564 768 1650 quod
792 1566 1009 1631 Butunmnus
1036 1562 1077 1629 Τ.
1099 1562 1147 1629 Π.

66 1689 87 1749 p.
102 1664 125 1731 6.
143 1666 278 1754 opponit
299 1669 429 1744 σοῦται,
455 1664 564 1731 differt
586 1686 626 1731 eo
649 1667 741 1753 quod
764 1663 853 1734 σεόα
871 1665 963 1732 verbi
977 1666 1083 1731 formu
1098 1666 1147 1731 le·

66 1767 147 1849 gitima
171 1779 233 1845 est,
262 1764 370 1835 στεόω
399 1766 579 1853 incognite.
631 1765 806 1856 Πόρεοται
831 1767 930 1852 rejeci
955 1766 991 1833 iu
1019 1766 1147 1851 Toohu.

66 1868 114 1933 2111.
164 1868 277 1936 Unum
308 1868 495 1954 hujusmodi
528 1890 712 1935 sermonem
743 1868 971 1953 quotidianum
1001 1868 1148 1935 iutmvitz

67 1964 145 2035 ἔσεισι
163 1971 217 2037 καὶ
239 1968 329 2037 κατὰ
349 1969 520 2058 σογιιοπὴν
540 1967 637 2037 ἔσται
655 1971 767 2057 Epim.
790 1970 819 2035 Ι.
838 1970 910 2037 136.
933 1970 976 2035 de
997 1990 1064 2054 quo
1076 1972 1146 2035 Eu·

65 2070 166 2135 stadius
185 2072 259 2150 718,
286 2074 319 2138 3.
351 2069 473 2161 ταύτην
500 2069 561 2160 τὴν
586 2070 758 2161 σογνοπῆν
783 2071 901 2161 καινὴν
924 2071 1093 2157 κρίνουσα
1113 2068 1149 2139 oi

70 2170 170 2238 ταλαοὶ
190 2172 248 2239 καλ
272 2168 399 2263 μονήρη
423 2184 510 2260 etp.
533 2172 612 2252 655,
634 2173 684 2239 10.
712 2173 873 2241 rationem
901 2174 996 2240 addit
1019 2174 1061 2240 ob
1087 2196 1147 2243 ott*

68 2273 127 2353 οόιιο
144 2278 278 2341 τιολιιὶαο
299 2274 468 2341 traditum:
496 2269 662 2343 οόόὲποτι
686 2274 752 2365 γὰρ
782 2274 821 2343 τό
848 2280 961 2365 τρίτον
982 2280 1043 2343 τοῦ
1064 2276 1147 2361 μέλ·
1190 2294 1193 2301 ·

62 2370 146 2452 λοιτος
165 2382 414 2461 χρεωκοπεῖται
441 2370 706 2464 παραλήγεσθαι
734 2374 899 2467 φωνήεντι
930 2375 1014 2456 dieue
1039 2374 1148 2455 εἰπεῖν,

61 2471 201 2556 καλέοισι,
224 2478 389 2545 τελέσται.
434 2478 502 2543 Hie
526 2478 628 2565 igitur
650 2477 751 2545 futuri
775 2484 934 2566 χρῆσται,
965 2502 1031 2565 quo
1058 2480 1148 2545 Her·

60 2594 163 2643 mamus
189 2578 394 2667 Sophoclem
421 2602 518 2644 usum
544 2589 640 2666 putat
663 2580 753 2647 Oed.
776 2580 816 2647 C.
837 2581 912 2648 504.
938 2585 1062 2649 nullom
1084 2608 1147 2651 no·

59 2674 133 2743 titiam
156 2678 284 2746 habuit.
336 2681 439 2763 Quod
464 2680 499 2745 in
527 2681 616 2745 exitu
637 2681 735 2768 primi
757 2682 874 2770 eapitis
902 2686 944 2751 de
966 2678 1046 2754 ἆλτο
1067 2686 1147 2767 dixi,

59 2773 121 2843 idem
133 2781 214 2848 volet
229 2784 276 2850 de
289 2783 378 2851 aliis:
400 2783 493 2869 γέντο
506 2781 593 2849 κατὰ
608 2782 779 2873 σογιοτιῆν
793 2780 866 2853 όιντὶ
882 2790 942 2854 τοῦ
962 2788 1069 2855 εἵλετο
1090 2791 1149 2857 καλ

58 2874 109 2947 ini
129 2887 184 2952 τοῦ
216 2884 348 2971 ἐγένετο
370 2883 529 2971 Apollon.
551 2884 635 2950 Lex.
663 2879 772 2973 τόρετο
800 2885 862 2952 καὶ
882 2893 1035 2978 σογιοπῇ
1059 2883 1149 2975 αἰρτο

56 2979 113 3047 ΕΜ.
132 2984 204 3063 826,
230 2987 285 3052 14.
307 2995 368 3053 eto.
413 2984 499 3052 Cum
518 2985 693 3073 participio
718 2986 854 3077 νερθείς
873 2988 973 3054 Pind.
996 2991 1150 3054 convenit

57 3078 200 3155 infinitus
235 3093 441 3175 στερθῆμεν,
484 3109 582 3173 quem
617 3088 765 3154 Nunnius
797 3089 968 3176 Hesychio
1003 3090 1149 3156 reddidit

54 3190 306 3276 mmmm

483 3470 597 3538 CAP.
621 3470 686 3539 111.

439 3612 517 3684 De
577 3614 752 3687 iota.¹

115 3798 138 3878 ξ.
161 3797 189 3861 1.
235 3798 312 3862 Iota
332 3797 367 3861 in
387 3796 493 3883 ptime
513 3795 665 3863 vocabuli
686 3810 778 3885 purte
807 3801 955 3868 omittere
977 3806 1148 3891 proprium

54 3902 89 3955 est
106 3898 223 3985 plebeji
246 3899 405 3965 sermonis
429 3898 559 3963 vitium:
583 3894 833 3986 ἁμαρτάνουσιν
854 3899 887 3967 οὶ
905 3904 1054 3989 λέγοντες
1072 3914 1149 3972 πεῖν

53 3984 105 4062 dut
129 4004 188 4068 τοῦ
217 4006 311 4067 πιεῖν
339 4000 523 4066 Herodian.
554 4000 663 4067 Crem.
694 4000 736 4066 Τ.
764 4001 829 4068 ΙΙΙ.
859 4004 933 4068 261.
963 4006 1051 4071 unde
1080 4029 1147 4071 non

51 4089 129 4183 longe
150 4100 245 4168 abest
268 4102 456 4167 Buttmanni
479 4103 665 4187 conjectura
680 4101 716 4166 in
731 4101 806 4169 Iud.
828 4105 949 4169 Anom.
968 4106 1149 4194 perfectum

51 4198 174 4269 πέπονα
202 4226 248 4269 ex
277 4203 435 4272 πεπίιοιια
465 4204 588 4269 factum
615 4220 704 4281 σοντες
734 4204 794 4269 sed
825 4215 862 4269 ut
881 4205 984 4272 hoco
1006 4206 1148 4274 themate

51 4294 110 4365 τόω
131 4314 298 4392 repetatur
318 4315 442 4392 cogunt
463 4305 595 4371 nomina
617 4302 729 4388 πόμα,
757 4302 875 4386 πόσις,
904 4303 1013 4390 πότος
1034 4319 1067 4377 ot
1085 4310 1155 4377 im·-

874 4408 936 4477 18*
