2825 4809
192 311 270 385 1723
550 301 872 373 DISSERTATIO
900 303 964 369 111.

194 481 402 576 ἐσιλησμονή
439 486 546 555 solum
575 495 746 555 aooontum
778 485 815 554 in
845 484 959 553 ultima
988 484 1088 556 habet
1118 487 1181 556 sed
1209 489 1319 555 omnia

194 589 293 674 hujus
315 587 446 674 generis
467 584 648 677 πεισμονή,
674 585 850 676 πλησμονή
870 597 942 655 eto.
969 611 998 653 v.
1026 590 1072 658 sd
1097 592 1222 657 Buttm.
1243 591 1317 658 405.

194 686 353 776 Εὐφρόνη
374 711 437 776 pro
458 681 645 776 εὐφροσύνη
670 687 795 755 dietum
819 711 893 756 esse
918 688 1117 757 substantive
1140 715 1210 758 non
1241 693 1319 759 satis

133 815 148 836 κ
193 788 354 878 probatur
381 787 543 875 Hesychii
575 789 689 874 glossa
714 784 874 878 Εὗφρύνη
904 785 923 878 ἦ
953 787 1011 869 νύξ
1039 791 1095 858 nal
1117 787 1318 882 εὐφροσύνη,

192 915 277 958 nam.
296 902 470 977 utrumque
491 912 563 958 osse
584 900 695 977 potest
713 891 820 958 noctis
840 890 1010 978 epitheton
1029 895 1191 975 placidam
1212 893 1317 979 signi-

192 993 297 1060 ficans
320 993 403 1060 sieut
422 992 594 1060 mulierum
613 992 749 1059 nomina
765 992 901 1079 propria
919 988 1077 1081 Εύφρόνη
1100 1002 1133 1058 et
1152 989 1318 1082 Σωφρύνη

193 1105 311 1162 natura
333 1095 493 1180 adieetiva
515 1103 590 1160 sunt
607 1105 644 1160 ιιι
666 1094 846 1163 masculina
859 1088 1020 1180 Εὔφρων,
1033 1090 1195 1181 Σώφρων.
1233 1095 1316 1162 Ter·

77 1214 82 1226 ‘
194 1197 277 1265 rium
301 1190 557 1286 θιιἈφρύνηὴ
580 1190 755 1285 ἀφροσύνη
776 1195 905 1262 Aneod.
933 1193 1038 1260 Bekk
1066 1196 1139 1260 472.
1167 1197 1263 1281 quod
1291 1197 1318 1262 si
1390 1249 1391 1268 .

193 1297 288 1384 apud
304 1299 488 1384 glossarum
506 1297 683 1384 scriptores
698 1297 870 1384 legeretur,
893 1296 1070 1363 testimonii
1085 1297 1150 1364 vim
1166 1299 1315 1383 qualem-
1390 1315 1391 1328 ¹

195 1422 326 1484 cunque
349 1399 497 1477 haberet,
526 1399 586 1470 sod
619 1421 736 1484 parum
764 1398 832 1466 veri
852 1399 964 1466 simile'
978 1409 1034 1468 ost
1052 1420 1168 1464 vooem
1187 1399 1233 1464 ab
1254 1423 1318 1464 usu
1390 1459 1391 1466 ,

192 1500 445 1571 remotissimam
468 1499 504 1566 in
526 1521 696 1588 synagoge
718 1501 838 1582 λέξεων
850 1497 1037 1588 χρησίμων,
1060 1509 1097 1565 ut
1113 1499 1243 1566 libellus
1260 1501 1316 1566 ille
1390 1557 1391 1592 η

192 1600 398 1680 inscribitur,
427 1602 633 1688 propositam
662 1623 744 1668 esse.
794 1603 912 1686 Itaque
939 1600 1066 1669 eorrexi
1085 1595 1270 1690 Ἀφροδίτη
1293 1598 1314 1690 ἦ

194 1698 384 1791 ἀφροσύνη,
415 1725 482 1769 non
511 1703 581 1770 sine
609 1703 755 1783 ratione,
789 1714 826 1769 ιιι
856 1702 1108 1772 Sohneidewino
1143 1703 1312 1770 videbatur

124 1833 132 1854 ι
192 1803 240 1870 ad
260 1803 370 1870 Poett.
393 1804 473 1890 Lyr.
500 1805 556 1884 83,
586 1806 636 1872 17.
667 1806 728 1870 sed
753 1816 879 1874 veteres
907 1805 1113 1890 etymologos
1140 1815 1314 1889 sequutus:

185 1897 375 1990 Ἀφροδίτη
398 1904 484 1984 τινὲς
504 1905 601 1992 παρὰ
622 1905 681 1995 την
708 1901 898 1995 ἀφροσύνην
922 1907 1002 1975 ΕΜ
1027 1907 1100 1984 779,
1122 1907 1173 1970 11.
1203 1906 1317 1992 Epim.

193 2004 223 2078 I·
245 2007 297 2072 37.
325 2016 357 2072 et
377 2008 472 2072 Eust.
491 2006 572 2084 414,
596 2008 646 2073 13.
671 2002 905 2094 Ἀριστοτέλης
934 2004 967 2074 ἐν
992 2010 1035 2096 τῇ
1055 2004 1234 2096 Ῥητορικῇ
1256 2008 1319 2090 (Π.

189 2107 246 2176 23.
269 2131 303 2194 p.
330 2107 423 2172 1400.
448 2107 497 2192 b.)
522 2105 610 2192 λέγει
631 2103 684 2176 ὅτι
700 2105 884 2194 Ἀφροδίτη
912 2105 1028 2186 οὕτως.
1045 2104 1250 2192 ὀνομάζεται
1275 2106 1320 2186 ὡς

191 2201 342 2293 ἄρχουσα
369 2203 636 2298 ἀφροσύνηςΗ).
690 2203 879 2294 Εὐριπίδης
909 2207 968 2296 την
989 2206 1192 2299 Ἀφροδίτην
1224 2205 1320 2289 ἀξιοῖ

193 2303 430 2395 ὀνομασθῆναι
453 2307 489 2376 ἐκ
512 2313 572 2374 τού
593 2301 746 2395 ἄφρονας
766 2308 845 2386 τούς
867 2305 1012 2395 ἐρῶντας
1033 2314 1145 2378 ποιεῖν
1167 2311 1204 2378 J.
1225 2309 1318 2394 Lyd

191 2409 237 2474 de
257 2409 367 2476 Mens.
390 2431 423 2496 p.
450 2409 515 2476 88.
536 2411 660 2478 Verum
678 2409 836 2474 haetenus
858 2411 990 2497 evagari
1005 2411 1084 2478 satis
1100 2411 1208 2477 fuerit.
1245 2411 1319 2478 Ge-

191 2510 331 2578 nitivum
359 2510 551 2578 substantivi
579 2511 684 2597 epsiIo
714 2521 845 2576 auctum
872 2509 1052 2598 γιροντέων
1081 2511 1175 2576 affert
1203 2513 1319 2579 Hero-

194 2612 311 2682 dianus
343 2612 377 2677 in
408 2613 488 2682 EM.
521 2613 595 2678 loeo
629 2622 726 2681 antea
753 2613 899 2678 indicato
929 2623 963 2678 et
972 2613 1155 2708 oopmsius
1185 2626 1321 2678 enanat

190 2737 228 2800 p.
251 2715 329 2792 227,
351 2714 383 2779 4.
406 2710 567 2800 γερόντων
589 2714 645 2782 καὶ
668 2715 870 2800 πλεονασμῷ
899 2717 957 2783 τοῦ
983 2740 999 2780 ε
1028 2715 1208 2799 γοροντὲων
1241 2710 1321 2796 (ούχ

189 2811 258 2900 ὡς)
280 2819 407 2886 ναστῶν
430 2814 487 2882 aul
508 2813 660 2880 ναυτέων.
694 2818 803 2884 Τοῦτο
819 2811 983 2900 διαίρεσίς
995 2814 1066 2881 ἐστι
1082 2814 1138 2880 καὶ
1153 2809 1193 2882 ού
1209 2816 1320 2884 πλεο-

190 2913 335 3000 νασμός·
365 2907 384 2986 ὃ
413 2913 475 3001 γὰρ
507 2909 603 2993 τόνος
630 2915 804 2999 διελέγχει·
840 2910 871 2980 ol
904 2912 965 2995 μὲν
998 2914 1060 3001 γὰρ
1091 2918 1320 3000 περισπᾶτσι,

191 3017 294 3104 δῆλον
322 3014 375 3083 ὅτι
404 3014 585 3102 διαίρεσις·
615 3011 647 3082 εἰ
674 3013 711 3082 δὲ
741 3011 936 3100 βαρύνεται,
967 3017 1068 3102 δῆλον
1088 3010 1142 3082 ὅτι
1167 3017 1320 3082 atrava-

191 3117 278 3200 σμὸς
301 3118 356 3192 καὶ
377 3111 415 3184 ού
438 3113 619 3200 ιλιαιῗρεσις,
641 3114 699 3182 ubi
719 3114 903 3200 interposui
935 3109 993 3196 οὐχ
1015 3109 1071 3194 ὦς.
1115 3115 1183 3180 Pro
1206 3111 1321 3200 ἀρνῶν

191 3217 233 3284 11.
250 3217 316 3282 III.
334 3217 408 3282 273.
426 3215 574 3284 nonnulli
590 3210 717 3302 ύρνέων
737 3216 938 3302 seripserunt
955 3215 1016 3282 sed
1028 3215 1320 3302 reprehenduntur

194 3312 246 3386 ὅτι
278 3313 347 3386 ἀπὸ
375 3323 440 3384 τῶν
466 3315 515 3397 εἰς
531 3303 582 3396 ’ἐξ
605 3313 770 3415 ληγιλντων
796 3312 836 3384 ού
863 3314 1010 3402 γίνονται
1037 3321 1196 3386 τοιαῦται
1224 3319 1319 3384 διοι-

190 3418 304 3505 θέσεις
326 3411 400 3486 ἀλλ’
431 3411 500 3486 tat
526 3423 589 3484 τῶν
612 3415 660 3496 εἰς
682 3422 794 3501 αι’ὅ).
836 3418 892 3485 De
920 3417 1036 3485 dativis
1057 3417 1229 3484 nominum
1254 3441 1318 3504 ge-

265 3589 310 3656 14)
330 3587 364 3642 In
381 3605 464 3642 versu
481 3605 565 3657 quem
584 3584 721 3640 Aristides
740 3585 790 3640 Or.
803 3584 842 3638 11.
861 3583 903 3638 13.
925 3584 1045 3639 orationi
1066 3585 1188 3640 intexuit
1210 3584 1264 3641 οὖν
1285 3579 1319 3653 ἦν

190 3675 284 3738 ,ζεῦξαι
302 3671 349 3734 τὰς
366 3674 431 3741 βοῦς
449 3675 473 3725 ελ
490 3669 528 3743 μὴ
547 3665 740 3744 ἐπιφροσύνην
756 3672 847 3725 δῶκεν
864 3667 916 3724 deal
931 3674 1090 3739 γλαυκῶπις
1105 3667 1226 3740 Ἀθήνη,
1245 3672 1316 3726 Din-

193 3761 300 3816 dorfius
319 3778 348 3830 p.
361 3759 404 3811 ιι).
423 3755 477 3812 σιὰ
494 3756 591 3827 ejecit,
612 3757 664 3811 sod
683 3772 719 3812 aa
737 3773 800 3811 esse
816 3755 934 3810 Homeri
951 3757 1038 3811 verba
1059 3761 1085 3811 el
1101 3754 1140 3828 μὴ
1161 3759 1212 3812 ἐπὶ
1231 3761 1318 3831 φρεσὶ

192 3843 262 3916 &rire
280 3843 334 3902 θεολ
354 3846 512 3915 γλαυκῶπις
525 3839 626 3912 Ἀθήνη
644 3842 740 3898 monui
760 3841 790 3896 in
809 3841 952 3913 Aglaoph-
963 3843 1025 3896 873.
1046 3843 1112 3896 adn
1128 3843 1158 3896 b.

201 3969 205 3982 .
223 3991 229 4004 .
265 3933 311 4002 15)
326 3933 466 3998 Πισσέων,
484 3933 610 4000 πορίων,
617 3930 768 4000 pansas
780 3936 881 3984 nemra
893 3925 1055 3994 Dindorfius
1068 3929 1105 3982 de
1116 3927 1192 3983 Diei.
1203 3928 1314 3982 Herod.

193 4018 274 4074 XIII.
288 4021 317 4074 b.
337 4017 416 4072 XIV.
433 4034 458 4070 a.
481 4022 511 4068 et
531 4015 687 4070 Bredovius
705 4015 767 4069 235.
786 4022 815 4068 et
832 4014 890 4068 253.
911 4013 946 4066 ab
964 4012 1113 4067 Herodoto
1139 4013 1315 4084 abjudicant,

192 4121 289 4174 nequo
308 4121 361 4175 ego
381 4119 448 4157 sane
467 4119 519 4174 pro
540 4101 692 4172 exploratis
711 4099 797 4154 habui
817 4101 870 4154 sed
888 4098 1039 4153 indicanda
1055 4097 1153 4170 putavi
1171 4099 1239 4170 quia
1257 4117 1315 4154 non
1390 4089 1391 4182 J

188 4189 285 4242 solum
304 4188 411 4242 librarii
434 4187 464 4241 in
486 4189 539 4242 heo
562 4186 700 4258 scriptura
720 4185 832 4257 saepius
852 4184 1014 4257 conspirant
1032 4201 1117 4254 qnam
1141 4192 1174 4238 ut
1195 4184 1314 4240 fortuito
1390 4205 1391 4266 η

191 4271 254 4326 labi
270 4272 425 4338 rideantur,
444 4273 495 4326 sed
513 4271 597 4326 otiam
615 4270 796 4326 Grammatioi
815 4269 875 4342 ejus
894 4269 1065 4326 mentionem
1081 4269 1222 4343 injiciunt.
