2825 4809
246 338 328 416 τεο
443 382 448 391 .
530 333 854 405 nrssserumo
881 335 930 403 11.
971 336 1013 404 P.
1026 285 1080 403 u.

245 521 410 613 participii
430 522 602 607 γέλαννος,
633 522 764 589 dinleeti
785 522 957 608 eujusdam
977 522 1146 611 proprium
1167 534 1198 589 et
1217 524 1255 590 ob
1268 525 1330 592 ide

244 636 359 691 nestro
387 623 561 712 proposito
581 636 744 691 remotum
772 624 893 691 habeo.
936 624 998 688 Ille
1030 633 1138 689 eutem
1163 625 1263 690 omnia
1278 650 1329 693 non

245 746 414 813 syneopae
425 725 626 793 dominatum
642 736 787 813 arguunt
798 727 862 791 sed
877 725 1059 790 netnrelem
1067 745 1224 812 personae
1230 726 1330 811 primae

245 840 279 895 et
298 828 431 895 ultimae
451 828 711 907 consensionem,
733 850 818 915 quae
836 827 1016 893 clarissime
1032 838 1172 915 epparet
1183 827 1217 892 in
1234 830 1331 895 aorlsto

243 926 410 1017 μιάνθην,
439 929 474 994 in
502 929 694 1016 imperleoto
718 923 758 1020 ἦν
782 940 817 996 et
842 931 879 995 in
899 928 1216 1017 plusquamperfecto
1234 929 1330 1015 imper-

244 1030 322 1095 leoti
354 1030 451 1095 simili
485 1030 580 1116 quod·
608 1030 734 1099 Sobel·
753 1033 869 1119 Apoll
902 1032 948 1096 Il.
976 1029 1028 1095 65.
1060 1030 1109 1094 illi
1135 1041 1287 1117 comparet
1302 1031 1330 1097 ul

244 1124 338 1220 ᾔδειν
358 1126 434 1199 ἀντὶ
452 1136 513 1199 τοῦ
536 1133 768 1219 πληθυντικοῦ
784 1127 910 1222 ᾔδεσαν
931 1127 977 1210 ὡς
997 1132 1130 1219 τὸτῆς
1155 1126 1233 1218 δ’ἦν
1250 1136 1333 1218 τρεῖς
1380 1141 1382 1178 ῑ

245 1231 431 1324 κεφαλαί,
454 1232 574 1319 quibus
597 1234 735 1301 similem
755 1256 918 1323 personae
933 1234 1059 1321 primae
1081 1244 1116 1299 et
1134 1234 1259 1300 ultimae
1273 1257 1331 1320 syn-
1380 1243 1382 1279 ³

157 1339 165 1351 '
245 1336 410 1421 emptosin
447 1336 616 1403 adnotavit
653 1338 734 1404 ΕΜ.
767 1338 850 1415 423,
875 1337 930 1401 41.
968 1329 1055 1425 ᾖσαν
1094 1330 1160 1421 ἐγώ
1195 1331 1260 1401 ἀντὶ
1288 1342 1331 1401 τοῦ
1380 1343 1382 1379 ³

244 1432 450 1525 ἠπιστάμην·
477 1438 573 1527 παρὰ
594 1438 633 1505 τὸ
651 1434 752 1523 ἴσαμι
770 1439 810 1505 τὸ
833 1435 1063 1524 πληθυντικὸν
1082 1432 1163 1502 ἴσαν
1181 1436 1235 1503 καὶ
1253 1439 1331 1504 πλεο·
1380 1448 1382 1481 ³

244 1542 363 1626 νασμῷ
394 1530 494 1628 ἤισαν
523 1540 580 1607 καὶ
611 1535 720 1628 τούτῳ
752 1540 943 1625 spuentes
978 1536 1019 1604 τὸ
1033 1558 1037 1566 “
1050 1532 1117 1621 ἐγώ
1148 1536 1204 1603 ἵνα
1228 1536 1332 1625 γίνηται
1380 1548 1382 1584 :

244 1640 391 1725 πρῶτον.
433 1641 491 1705 Ad
524 1640 589 1707 hoe
614 1641 816 1706 eredendum
842 1662 963 1727 magno
996 1660 1162 1726 sponsore
1191 1660 1267 1725 opus
1288 1650 1330 1703 est.
1380 1653 1382 1659 ‘

244 1739 412 1819 Peneos,
446 1740 565 1826 quibus
598 1765 745 1829 syncope
774 1742 1013 1830 praetenditur,
1045 1742 1167 1830 partim
1194 1740 1331 1807 verborum

245 1864 402 1928 purorum
430 1854 506 1909 sunt
527 1845 648 1936 partim
675 1868 743 1911 non
773 1868 941 1932 purorum.
989 1846 1045 1911 De
1071 1844 1129 1931 ille
1158 1866 1269 1931 genere
1286 1843 1332 1907 hue
1380 1883 1382 1886 -

245 1956 454 2031 promunturz
475 1947 689 2031 καθέσταμεν
705 1942 777 2013 ἀπὸ
795 1951 855 2013 τοῦ
871 1941 1131 2034 καθεστήκαμεν
1145 1943 1229 2012 κατὰ
1242 1966 1333 2029 συγκο-

245 2042 313 2134 πήν
338 2046 416 2115 Soh.
441 2049 521 2113 Eur.
552 2047 613 2113 Or.
642 2048 735 2113 1315.
766 2047 806 2114 τὸ
839 2045 1001 2130 τέτλαμεν
1031 2044 1175 2112 δύναται
1200 2039 1335 2112 εἶναικαὶ

246 2154 398 2238 συγκοττῇ
420 2148 480 2215 καὶ
501 2145 627 2237 κινήσει
655 2143 701 2228 ὡς
729 2148 886 2234 βέβαμεν.
929 2143 1039 2228 Ἀξιοῖ
1069 2144 1250 2227 Φιλόξενος
1272 2138 1335 2213 εἶναί
1380 2183 1381 2190 υ

244 2274 278 2314 τι
296 2248 354 2315 καὶ
370 2250 507 2335 τέτλημι
523 2254 622 2338 ῥῆμα.
653 2249 745 2337 Περὶ
759 2254 885 2316 παθῶν
898 2250 979 2314 ΕΜ.
991 2247 1065 2325 754,
1075 2246 1173 2333 5.*1)
1195 2241 1335 2334 &plorem
1380 2259 1381 2262 ’

244 2348 304 2415 καὶ
315 2345 480 2438 ἀφεστᾶσι
492 2349 577 2418 κατὰ
588 2346 759 2438 συγκοτιήν
767 2350 921 2428 mutet
932 2349 1077 2417 ἕστασαν
1085 2342 1335 2433 estpotestate

246 2446 317 2517 ἔστι
339 2453 602 2535 συγκεκομμένος
625 2452 805 2517 Herodian.
830 2452 866 2516 in
888 2451 967 2519 Seh.
990 2451 1030 2516 ll.
1052 2450 1100 2517 11.
1124 2450 1199 2517 765.
1216 2444 1336 2544 βεβάασι
1380 2467 1382 2470 ·

245 2545 314 2619 circi
337 2552 398 2619 τοῦ
421 2546 584 2641 βεβήκασι
611 2553 698 2621 κατὰ
721 2554 891 2642 συγκοπὴν
911 2553 969 2620 καὶ
990 2552 1122 2645 τροπὴν
1141 2557 1202 2623 τοῦ
1219 2539 1243 2639 ᾖ
1261 2548 1335 2629 titt·
1380 2596 1382 2600 ·

225 2650 292 2747 Χ01
306 2647 418 2732 Ἴωνες
439 2647 536 2741 ἡνίκα
559 2648 803 2743 ἆφαι’ρεσιν“)
825 2660 965 2724 πονοῦσι
987 2652 1185 2745 συμφώνου,
1208 2651 1277 2721 τότε
1295 2653 1336 2716 κοτ’
1380 2669 1382 2703 i

245 2751 389 2843 συστολὴ
417 2758 675 2839 παρακολουθεῖ
703 2758 783 2823 ΕΜ.
807 2757 884 2837 193,
906 2758 960 2822 23.
1002 2758 1069 2823 Hie
1094 2758 1199 2845 igitur
1220 2755 1273 2843 qui
1291 2776 1337 2842 pe

245 2866 364 2922 strenuo
385 2855 541 2940 loquutus
566 2868 630 2936 est,
655 2859 800 2943 βεβάασι
830 2882 851 2923 a
867 2857 977 2943 βέβαα
997 2860 1145 2945 legitime
1169 2860 1337 2925 declinatum
1380 2870 1382 2876 '

244 3061 391 3127 exaeresi
423 3071 456 3126 et
486 3061 609 3145 systole
641 3061 793 3127 effoetum
822 3086 905 3129 esee.
960 3063 1031 3131 Sed
1057 3064 1170 3148 βέβαα
1199 3084 1339 3148 nunquan

245 3162 368 3228 dietum
395 3173 447 3228 est
470 3186 500 3227 v.
531 3163 574 3226 ad
594 3164 718 3229 Buttm.
739 3163 792 3228 27.
819 3166 966 3250 βέβαμεν
993 3175 1026 3230 et
1052 3176 1163 3231 cetera
1186 3174 1340 3252 sequuntur

176 3304 178 3309 ·
206 3264 211 3271 ’
244 3264 431 3350 exemplum
458 3264 639 3350 praesentis
670 3263 809 3350 ἵσταμεν
816 3314 825 3344 ,
853 3266 989 3350 δίδομεν
1014 3276 1076 3332 ete.
1103 3266 1176 3333 sine
1197 3268 1260 3333 ulla
1279 3288 1337 3351 syn·

244 3386 348 3452 oopee
372 3366 580 3450 contagione.
616 3367 661 3431 Et
679 3366 744 3430 illis
761 3366 904 3431 vioieeim
919 3390 980 3454 per
998 3370 1166 3453 quandam
1183 3370 1336 3456 syneedro-

243 3490 319 3531 men
341 3466 585 3533 accommodata
607 3478 683 3533 sunt
700 3467 767 3534 duo
781 3468 882 3533 verba
900 3470 1134 3557 perispemena
1151 3465 1338 3538 deusserint

244 3579 278 3635 et
300 3562 485 3656 ἠριστάναι.
530 3568 599 3637 Sed
624 3570 714 3654 quod
738 3570 893 3655 Byzantii
918 3572 1066 3658 magistri
1091 3573 1225 3638 tradunt
1249 3570 1338 3658 ἔρριγα

242 3670 345 3755 μέσος
366 3666 614 3755 παρακείμενος
638 3671 817 3756 συγκονιεὶς
838 3672 876 3739 ἐκ
895 3679 963 3739 τοῦ·
983 3672 1140 3763 ἐρρλγηκα
1165 3672 1286 3760 ὁμοίως
1304 3675 1338 3758 αρ’

241 3770 401 3856 βὲβσυλα,
424 3771 572 3857 μέμηλα,
597 3770 748 3840 δέδουιτα
769 3775 864 3840 Euet.
888 3775 1056 3855 143412.
1080 3785 1142 3844 eto.
1165 3777 1208 3843 ab
1230 3787 1338 3842 auctore

310 3958 357 4026 35)
376 3957 411 4011 In
430 3955 525 4011 Schol.
546 3958 603 4013 Od.
617 3958 684 4015 XX.
703 3962 764 4015 311.
783 3956 916 4033 τετλάμεν
937 3962 1132 4037 παροξυτόνως
1154 3970 1209 4023 εἴτε
1231 3962 1282 4020 ἀπὸ
1302 3963 1338 4017 τοῦ

242 4046 323 4117 τλῇμι
337 4045 390 4099 εἴτε
405 4040 461 4098 ἀπὸ
477 4048 525 4099 τοῦ
539 4040 709 4117 ιιιλιὲκαμεν
722 4052 907 4118 συγκέκοπται
926 4050 1106 4116 scribendum
1120 4059 1164 4107 est
1181 4052 1339 4126 προπαρῡξΰ·

243 4122 328 4191 τόνος
345 4134 398 4185 εἴτε
417 4126 520 4203 νίκημά
539 4132 613 4186 ἐστιν
630 4130 685 4186 ιἰιιὸ
704 4138 753 4187 τοῦ
771 4138 881 4207 τέτλημι
901 4143 930 4191 et
949 4136 1054 4191 deinde
1073 4136 1244 4211 ιειλὴκαμεν.

312 4216 358 4283 36)
371 4212 545 4291 ’Υιγαίρεοιη
566 4226 645 4290 puto,
667 4218 780 4293 scripsit
800 4229 830 4277 ut
850 4242 879 4295 p.
892 4223 957 4289 75⁰,
976 4227 1000 4277 5.
1023 4220 1169 4295 τεθνήκασι
1186 4222 1253 4279 κατὰ
1270 4220 1339 4293 ὑμαί·

246 4312 323 4369 ρεσιν
341 4302 388 4355 καὶ
406 4302 511 4375 τροπὴν
530 4302 671 4360 retrusos.
