2825 4809
267 353 343 428 432
613 347 935 418 DISSERTATIO
963 347 1029 414 111.

270 543 386 610 eodem
403 541 477 606 loco
496 549 655 604 censetur.
697 523 1020 625 Diphtlrongumeo',
1039 559 1121 622 quae
1135 560 1153 602 e
1166 538 1327 612 similitudine

269 642 425 730 simplicis
446 641 569 706 vocalis
593 641 692 726 longe
714 640 820 725 magis
843 639 942 703 distet
962 659 1060 722 quam
1072 627 1120 718 ἐἰ,
1140 662 1177 704 ex
1194 641 1328 711 ebmdmu'

269 744 414 810 additam
436 765 508 808 esse
529 763 637 826 neque
657 740 813 806 credibile
835 751 886 805 est
905 761 1028 824 neque,
1057 751 1201 825 quantum
1217 745 1328 828 equidem

213 876 216 884 ¹
268 846 408 935 reperio,
427 852 571 909 veterum
594 841 767 928 quisquam
788 841 823 906 in
845 841 988 906 animum
1008 841 1135 907 induxit
1155 845 1273 911 credere.
1368 854 1369 891 l

727 1137 839 1205 CAP.
864 1139 929 1205 111.

614 1279 679 1352 De
724 1292 810 1351 eto
851 1283 1054 1354 cocali.

326 1461 544 1529 ·Eustethius
577 1461 655 1539 729,
686 1462 739 1527 28.
773 1457 791 1528 ὁ
826 1459 922 1547 πρών
957 1463 1012 1529 καὶ
1045 1457 1164 1548 πρηών
1192 1459 1294 1545 λέγεται
1313 1461 1335 1526 ἕν

269 1566 469 1649 πλεονασμῷ
487 1558 570 1641 ἷόως
590 1567 650 1629 τοῦ
670 1552 712 1651 ἦ
737 1585 820 1648 quae
841 1562 935 1627 litera
961 1574 1100 1651 apparet
1127 1562 1217 1628 etiem
1231 1560 1258 1624 in
1274 1587 1334 1644 πρη-

269 1661 326 1752 νής
341 1683 464 1746 pronus
482 1674 513 1727 et
526 1660 657 1750 Πρήιον
675 1663 840 1750 πρότερον
856 1665 938 1730 Hes.
958 1665 1113 1750 vicesque
1134 1686 1206 1730 suas
1221 1672 1335 1749 pemutat

269 1789 337 1831 non
359 1763 464 1830 solum
487 1785 560 1828 oum
581 1763 686 1850 epsilo
710 1760 822 1849 πρεών
844 1767 903 1830 sed
926 1766 1023 1832 etiem
1042 1788 1117 1831 curn
1134 1765 1202 1829 aliie
1217 1761 1333 1827 voolibus

270 1863 366 1949 πρίν,
397 1865 503 1952 prior,
533 1862 669 1950 πρόμος
695 1865 717 1929 i.
750 1886 782 1949 q.
812 1863 1001 1953 πρόμοςί).
1051 1869 1148 1932 Haeo
1170 1863 1338 1932 enimomiu

269 1989 342 2033 cum
362 1965 606 2054 praepositione
633 1962 699 2052 πρό
729 1965 904 2031 cohaerent
931 1990 1015 2053 quae
1038 1967 1201 2033 interdum
1219 1965 1295 2031 etiem
1309 1962 1340 2025 al·

268 2067 386 2133 finibus
404 2069 562 2152 'adjuncta
579 2074 629 2130 est
652 2063 840 2153 προπρεαλν,
865 2065 1076 2156 προπρηνής,
1098 2069 1266 2152 eademque
1278 2064 1341 2146 origo

267 2169 436 2233 nominum
463 2165 558 2252 ποιόν
586 2177 619 2230 et
646 2164 764 2252 πρηών
796 2188 934 2251 quorum
961 2180 1114 2234 neutrum
1146 2178 1201 2234 aut
1225 2175 1342 2233 curuum

268 2279 324 2334 eut
345 2271 518 2333 adauctum
542 2266 606 2331 dici
633 2275 753 2352 potest.
798 2267 867 2334 Sed
895 2267 1067 2355 οκηνίπτω
1096 2294 1137 2335 ex
1164 2269 1292 2335 σκνίιιιω
1305 2289 1342 2328 οι-

267 2378 336 2434 tum
361 2391 433 2434 esse
455 2389 550 2432 nemo
572 2365 756 2452 negaverit3
788 2365 885 2452 hujus
914 2381 1021 2435 eutem
1043 2371 1239 2458 primitivum
1255 2368 1346 2433 videtu

268 2466 374 2558 σκνίψ
396 2469 463 2533 sive
484 2465 580 2552 κνίψ,
609 2467 728 2552 quibus
756 2467 852 2534 affine
876 2469 1012 2536 verbum
1031 2477 1177 2538 Κνιπεῖν
1201 2470 1269 2554 (οἱα)
1289 2467 1347 2546 §iro

267 2571 349 2634 Hes.
387 2571 451 2634 Ete
475 2565 634 2653 syllabam
659 2570 836 2634 secundam
859 2570 979 2634 invasit
999 2571 1028 2636 si
1051 2595 1165 2637 verum
1188 2572 1261 2637 dicit
1269 2565 1348 2637 Soloi

268 2671 339 2737 Od.
364 2672 425 2738 IV.
446 2670 521 2735 231.
545 2681 577 2734 et
596 2671 676 2734 EM.
700 2670 773 2748 657,
794 2672 848 2736 43.
871 2667 983 2736 παιών
1004 2666 1163 2738 (irretitor
1190 2671 1248 2749 τὰς
1264 2667 1348 2741 νόοοις

266 2771 324 2837 καὶ
353 2772 557 2856 πλεονασμῷ
588 2758 697 2856 solip
726 2768 877 2858 παιήων,
912 2772 970 2836 sed
989 2769 1054 2837 hoc
1075 2783 1183 2838 totum
1204 2769 1310 2859 pendet
1325 2788 1351 2830 ex

266 2880 390 2956 etymo,
425 2871 515 2955 quod
548 2870 711 2934 nescimus
745 2870 825 2955 quid
857 2871 1028 2956 significet.
1088 2872 1272 2938 Clarissima
1298 2888 1350 2931 vero

265 2971 448 3059 pleonasmi
467 2970 606 3056 vestigia
624 2980 735 3035 extant
751 2971 786 3034 in
808 2971 976 3036 derivatis:
998 2969 1215 3057 πλεονασμός
1235 2970 1297 3038 ἔστι
1313 2970 1352 3031 roi

264 3061 340 3161 ἧέν
358 3070 442 3160 μέσῃ
463 3068 552 3150 λέξει
570 3070 607 3136 τὸ
626 3069 810 3159 πολεμήια,
835 3067 1009 3158 πολιήτης,
1033 3071 1208 3160 μυθιήτης
1229 3068 1352 3156 Apollon-

265 3172 361 3255 Conj.
374 3171 448 3236 524.
482 3169 568 3236 Cum
586 3171 820 3267 primo'Epim.
836 3172 864 3236 Ι.
884 3171 958 3236 298.
981 3194 1096 3257 perum
1120 3183 1199 3258 apte
1221 3167 1355 3255 componit

264 3271 397 3357 γαιήιος
424 3266 493 3337 ἀπὸ
525 3273 586 3337 τοῦ
609 3277 688 3356 γαῖα
712 3272 820 3357 γαίιος
843 3271 878 3337 ἐν
898 3273 1102 3359 πλεονασμῷ
1123 3274 1171 3349 ὡς
1193 3267 1353 3354 πολεμήιος,

263 3371 349 3436 Nem
371 3379 408 3433 ut
426 3369 466 3433 eb
490 3363 566 3436 Alo
589 3371 806 3456 proficiscitur
821 3367 964 3449 Αἶαῖος,
986 3371 1033 3435 sic
1050 3393 1070 3433 a
1084 3380 1167 3454 pala
1187 3367 1355 3458 probabilius

237 3471 397 3556 ,fingitur
419 3469 643 3556 possessivum
661 3477 796 3557 γοναῖος
816 3471 868 3536 vel
891 3472 981 3555 quod
1004 3471 1124 3538 Suidas
1152 3471 1286 3559 praebet
1302 3463 1356 3553 yri-

264 3595 348 3649 ειος,
370 3580 545 3654 utrumque
568 3583 675 3636 eutem
696 3571 732 3635 in
755 3568 886 3660 γαιήιος
908 3571 1040 3636 dissolvi
1062 3573 1191 3657 potuit,
1213 3595 1275 3638 nee
1289 3568 1356 3633 troile

264 3672 418 3737 decernes
440 3671 532 3735 unde
555 3671 696 3759 μαιήιος
717 3681 752 3736 ct
774 3666 927 3758 Μαιήιος
948 3672 1082 3736 diducta
1103 3674 1169 3738 sint
1186 3697 1229 3738 ex
1247 3675 1356 3757 μαιαῐος

262 3795 304 3840 an
324 3770 477 3858 μαίειος,
502 3793 640 3856 quorum
661 3783 812 3838 neutrum
834 3772 868 3836 in
887 3795 949 3836 usu
973 3785 1032 3838 est.
1077 3773 1134 3841 Sic
1156 3775 1256 3839 etiem
1276 3769 1360 3854 οἰήιον

261 3872 452 3940 credibilius
484 3881 533 3937 est
559 3872 600 3937 eb
634 3868 738 3939 αἶἐιον
770 3871 929 3958 originem
950 3872 1070 3939 hebere
1094 3897 1193 3960 quem
1218 3873 1258 3938 ab
1279 3887 1358 3953 aeque

334 4109 362 4177 1)
381 4104 466 4180 Πρῶν
484 4126 520 4163 ex
540 4100 637 4181 ποιόν
657 4114 832 4161 contractum
852 4123 915 4160 esse
934 4107 1121 4162 Buttmannns
1139 4104 1297 4163 Gramml.
1313 4099 1361 4157 233·

265 4193 374 4262 colligit
386 4211 402 4247 e
414 4192 576 4264 berytonesi
589 4191 706 4262 genitivi
719 4195 841 4264 πρῶνας,
855 4195 907 4246 sed
925 4194 999 4246 hunc
1017 4200 1095 4249 recte
1113 4193 1192 4248 scuit
1204 4189 1324 4248 Siebelie.
1334 4185 1363 4237 td

263 4275 346 4328 Pauo.
359 4278 396 4330 II.
409 4279 450 4342 35,
464 4279 489 4332 3.
509 4279 670 4332 auctoribus
689 4276 893 4331 Grammaticis.
