2825 4809
152 315 204 378 DE
216 308 473 393 PROSTHESI
487 307 551 372 ET
566 307 832 378 APHAERESI.
851 309 993 380 (tvm.
1006 315 1031 398 b.
1039 313 1069 378 8.
1094 313 1166 388 175

90 499 172 562 nisum
197 495 271 559 sicut
302 493 366 557 slis
398 492 548 578 proxime
584 491 734 560 dicenda.
799 496 919 580 Aeque
949 495 1166 583 improbabile

89 608 126 664 est
146 589 222 681 quod
239 594 438 660 Philoxenus
468 592 599 678 scripsit
626 594 662 659 in
687 594 772 660 libro
797 595 839 660 de
872 597 1164 684 anadiplosissmo:

86 694 167 779 βαίνω
181 689 247 760 κατ’
270 690 585 773 ἆναδιπλασιαομὸν
602 693 758 779 βαβαίκω
782 697 841 763 καί
862 699 1065 785 πλεονασμῷ
1076 705 1164 782 βαμ-

84 794 164 879 βαίνω
179 794 213 862 κὰ
232 794 341 878 τρέμω
364 801 435 872 τοῖς
455 794 552 862 ποσί·
575 793 633 860 καί
655 790 725 863 ἀπὸ
745 801 941 883 μεταφορᾶς
962 803 1027 864 τῶν
1049 799 1165 864 ποδῶν

85 895 185 981 elopem
199 893 253 962 ἐπί
268 899 332 961 τῶν
348 890 487 981 ἑδραίαν
501 895 562 982 τὴν
577 894 692 982 φωνὴν
701 897 749 983 μὴ
763 894 903 976 ἐχόντων
915 897 1033 963 Orion.
1047 898 1097 964 18.
1110 896 1162 982 ⁴⁰)

85 995 159 1078 Quod
177 994 203 1059 si
220 995 265 1058 itu
285 1006 390 1074 esset,
414 995 615 1082 βαμβαίνων
632 998 676 1060 ed
696 997 795 1064 verbe
814 996 964 1064 vibrandi
992 999 1162 1064 transscri-

82 1097 192 1162 bendum
214 1107 308 1161 esset.
342 1097 413 1164 Sed
434 1095 673 1164 consideratius
684 1099 814 1183 judicet
832 1098 944 1166 Schol.
962 1101 1001 1166 11.
1019 1101 1067 1166 X
1086 1101 1161 1168 376.

81 1193 123 1264 αίκ
147 1195 281 1282 ἔγκειται
310 1197 348 1264 cd
381 1199 527 1281 βαίνειν,
556 1208 699 1285 apteque
735 1211 903 1288 comperet
926 1198 1161 1286 βαμβαλίζειν·

81 1297 124 1362 hoc
143 1297 218 1362 enim
240 1308 272 1362 et
291 1295 513 1382 βαμβακίζειν
535 1299 578 1366 de
596 1300 638 1366 iis
659 1301 792 1381 dicitur,
825 1303 884 1387 qui
908 1300 1008 1368 verbe
1030 1301 1161 1368 concise

81 1409 102 1462 et
117 1399 264 1485 singultim
286 1399 389 1463 edunt
409 1399 659 1491 balbutientium
679 1403 759 1482 ritu,
782 1404 849 1470 sive
871 1404 906 1470 id
927 1413 1017 1470 metu
1036 1404 1072 1468 fit
1094 1403 1161 1468 sive

79 1501 168 1585 ligore
187 1501 251 1566 sive
275 1500 423 1584 quodem
445 1511 580 1568 natiuae
600 1503 691 1569 vitio.

136 1604 157 1686 β.
177 1601 204 1667 8.
245 1603 342 1666 Haeo
367 1601 537 1666 nominum
556 1604 645 1670 fictio
667 1627 735 1670 non
757 1605 862 1670 solum
882 1603 1048 1670 imitandis
1069 1603 1160 1670 sonis

76 1702 225 1767 intoductn
253 1713 320 1780 est,
354 1725 438 1788 quae
464 1703 586 1770 Graeci
618 1702 788 1789 ἰδιώματα
818 1700 900 1792 ἤχου
931 1716 1066 1782 vocent,
1100 1705 1162 1770 sed

77 1802 146 1866 etiem
171 1803 313 1869 motibus
347 1827 469 1882 rerum,
503 1828 589 1890 qune
621 1829 688 1871 uno
722 1817 834 1870 tenore
868 1804 981 1870 oeulos
1015 1804 1159 1872 crebrius

76 1903 176 1981 feriunt;
196 1907 286 1989 quod
312 1927 418 1991 genus
440 1907 642 1999 anadiplosis
664 1906 923 1972 continuativam
937 1905 989 1970 vel
1005 1905 1158 1990 frequen·

74 2004 174 2070 utinum
193 2017 224 2072 et
238 1999 437 2073 *intentivum
461 2008 627 2094 appellere
649 2029 837 2094 possumus.
873 2006 914 2071 In
937 2005 1001 2071 hoc
1019 2006 1160 2091 primum

76 2104 241 2173 inveniuntur
261 2107 425 2172 vocabule
449 2108 531 2173 lucis
554 2119 587 2174 et
607 2108 759 2194 fulgoris,
788 2131 873 2194 quee
893 2109 962 2193 jem
985 2109 1077 2195 prius
1100 2109 1158 2174 de-

74 2204 156 2284 libavi,
179 2207 364 2298 μαρμαίρω
392 2206 626 2296 μαρμαρύοσω
653 2210 711 2276 καί
734 2206 918 2297 dracoleno
946 2205 1019 2278 κατ’
1045 2204 1160 2277 ἀναδι-

75 2307 251 2388 αλααιααμόν
273 2309 388 2394 Epim.
410 2309 439 2374 Ι.
461 2309 535 2374 385.
558 2308 747 2397 παμφαίνων
760 2322 820 2377 etc.
851 2310 984 2378 Deinde
998 2309 1159 2375 vocabule

71 2406 209 2488 actionum,
233 2433 323 2494 quee
346 2432 413 2476 non
434 2432 501 2476 uno
521 2410 617 2494 quasi
634 2411 702 2476 ictu
720 2411 932 2497 perficiuntur
942 2411 1003 2476 sed
1015 2411 1159 2496 quodem

72 2518 150 2573 menn
170 2513 327 2579 continuo
360 2512 553 2578 decurrente
580 2508 671 2578 Εἱλῶ
697 2512 820 2580 dileco)
855 2512 941 2578 κατὰ
971 2507 1160 2580 ἀναδιπλο-

69 2611 182 2692 αιαομόν
204 2611 370 2680 ἐλαλίοοω
396 2615 477 2679 ΕΜ.
503 2613 579 2689 330,
600 2612 653 2676 25.
667 2613 723 2699 ⁴¹)
746 2635 806 2698 pro
830 2635 896 2698 quo
920 2610 1054 2692 ἒλαλίζω
1076 2612 1158 2676 effe·

68 2710 174 2774 nendum
191 2723 270 2778 erat
304 2715 395 2780 Huic
411 2737 480 2780 non
494 2713 686 2781 dissimilem
704 2715 858 2780 volvendi
874 2713 1042 2780 notionem
1059 2712 1160 2779 hnbet

67 2809 175 2876 κίκωνοι
197 2818 341 2890 cincinni
365 2816 401 2880 id
420 2827 473 2885 est
490 2815 565 2896 cirri
590 2815 705 2903 crispi,
738 2816 903 2894 unduleti‚
932 2837 1017 2900 quos
1039 2814 1159 2882 Graeci

67 2909 219 2996 πλοκάμων
251 2914 368 2994 ἕλικας
395 2927 523 2982 vocent.
571 2919 606 2982 A
631 2915 733 2984 κίλλω
763 2917 858 2982 titillo
890 2927 923 2983 et
949 2940 969 2981 e
997 2915 1157 2980 similibus

65 3009 111 3073 fllia
131 3015 285 3100 carpendi
315 3017 522 3104 vellendique
550 3016 650 3084 verbe
676 3015 821 3085 σκάλλω
841 3016 1045 3097 κασκαλίζω,
1074 3013 1157 3092 ἴλλω

65 3110 174 3194 βελλίζω
211 3119 405 3202 γαμγαλίζω
437 3119 625 3205 γαργαλίζον
655 3117 782 3185 Teohn.
811 3117 886 3184 225.
913 3126 947 3182 et
974 3115 1065 3200 quod
1088 3117 1159 3200 jem

64 3231 140 3296 supra
163 3217 258 3282 attuli
286 3216 419 3285 ακιίλλω
447 3219 620 3303 κόσκυλμα
633 3225 694 3304 ⁴²).
738 3219 802 3284 His
830 3218 938 3284 vicine
961 3225 1039 3284 sunt
1058 3217 1159 3284 verbe

64 3313 219 3382 terebrandi
241 3328 276 3382 et
298 3319 488 3406 perferendi
507 3320 668 3408 κεκραίνω
690 3343 750 3386 seu
771 3317 939 3405 τιτραίνω,
960 3316 1085 3405 senonim
1108 3317 1159 3387 τί·

64 3436 148 3497 bonne,
167 3419 289 3502 quibus
307 3419 404 3486 etism
425 3417 599 3506 cenodoxa)
621 3421 901 3488 adnumerandum
923 3420 1066 3496 videtur;
1089 3430 1158 3484 tum

63 3510 157 3584 deinde
177 3521 340 3586 tremendi
360 3521 495 3588 verbum
514 3509 717 3610 αεαρίμαίνω
738 3533 770 3588 et
789 3544 920 3600 nomen,
943 3521 1034 3606 quod
1048 3519 1158 3608 Apol·

112 3736 153 3805 ld)
167 3737 360 3795 Philoxenum
375 3737 493 3795 Homeri
510 3739 590 3794 locus
607 3740 671 3808 ἔσιη
688 3743 862 3812 βαμβαίνων,
880 3733 984 3812 ἄραβος
1001 3738 1033 3794 δὲ
1048 3737 1156 3809 γίγνετ’

63 3813 159 3876 ὀδόντων
175 3823 350 3894 permovisse
366 3825 479 3879 videtur
496 3831 529 3881 ut
545 3829 712 3894 βαμβαίνειν
728 3823 843 3896 proprie
861 3825 897 3880 de
914 3827 1019 3896 pedum
1034 3831 1158 3880 tremore

62 3899 103 3956 dici
119 3914 264 3975 statueret,
283 3909 351 3979 quie
369 3928 432 3964 cum
447 3912 536 3964 verbo
554 3909 646 3964 stendi
666 3910 848 3981 conjunctum
863 3916 917 3964 est.

113 3992 589 4066 tt)ssnemupim.1.1es,7.uni
605 3995 709 4051 rectius
727 3997 827 4049 ἑλίοσω
845 3993 986 4058 scribitur,
1004 4011 1022 4046 e
1038 4010 1094 4064 quo
1112 4010 1157 4047 re·

61 4071 211 4142 duplicatum
227 4097 287 4134 non
304 4081 396 4135 solum
413 4079 513 4150 spiritu
532 4080 628 4134 differt
643 4083 792 4153 sedsaepe
807 4079 1120 4149 etiamsignificstione.

112 4165 154 4229 tr)
170 4165 247 4220 Hinc
267 4167 387 4220 sortasse
405 4183 508 4220 nomen
526 4165 645 4220 latinum
661 4167 840 4237 quiequib‘ee
858 4164 1063 4235 qntspnillom,
1081 4163 1158 4234 quod

60 4237 190 4303 Diomedes
208 4252 333 4305 Gremm,
351 4270 379 4321 p.
394 4253 418 4303 7.
432 4269 457 4305 α
476 4253 513 4305 ed
531 4249 670 4319 σκύβαλον
688 4253 786 4307 refert.
