2825 4809
245 315 318 394 584
601 312 922 385 DISSERTATIO
951 313 995 384 V.

232 492 305 571 ’καὶ
333 501 452 593 ἐλάτην
489 500 547 569 καὶ
576 504 653 590 δρῦν
680 508 771 588 τρεῖς
799 499 937 592 ἀφιέναι
972 502 1135 589 βλαστοὺς
1162 506 1323 588 συμβαίνει·

177 647 181 662 ι
247 603 302 673 διὸ
322 605 381 673 καὶ
401 603 587 693 τρίςλυπυι,
610 607 700 691 quod
725 607 990 672 commutandum
1010 606 1136 671 videtur
1164 628 1231 671 cum
1248 607 1326 673 verbo

244 707 316 794 τρὶς
337 709 439 796 bocci.
482 709 600 794 Itaque
623 709 781 778 duntaxat
803 708 868 774 dno
898 708 955 773 illa
982 709 1203 794 relinquuntur
1223 709 1327 794 poetice
1356 731 1358 736 ⁴

246 817 342 874 aucta
371 807 533 898 διςθανής
562 820 594 875 et
620 807 837 897 τρίςφυλλυν,
868 811 959 896 quod
987 820 1103 875 natura
1131 818 1181 875 est
1207 820 1328 875 neutrum

247 911 397 997 adjectivi
419 909 617 1000 τρίςφυλλος
635 922 673 977 ut
695 914 947 996 quioqaesoltus,
979 914 1148 996 centifoliu.
1191 911 1327 997 Sequente

246 1014 351 1079 vocali
370 1013 451 1079 haec
472 1000 625 1080 adverbia
648 1015 753 1100 sigma
764 1014 904 1095 retinent
922 1012 1066 1102 δι’ςηβυς,
1090 1013 1241 1092 δι’ςευνος,
1259 1038 1328 1098 ιρις-

247 1109 405 1200 decorior,
428 1114 547 1200 quibus
569 1137 636 1181 non
658 1126 842 1203 repugnant
865 1114 993 1203 διετής,
1018 1110 1176 1202 όιανθήςι
1202 1111 1327 1199 τριόναρ,

247 1239 322 1282 nam
348 1216 430 1283 haec
457 1239 524 1284 non
553 1218 697 1285 adverbii
727 1219 894 1285 notionem
915 1218 1101 1306 exprimunt
1133 1216 1192 1281 sed
1217 1215 1328 1280 nominis

247 1327 285 1382 ut
306 1316 427 1398 δίπους
444 1319 481 1384 id
503 1330 552 1386 est
573 1315 632 1388 δύο
654 1317 767 1398 πόδας
787 1317 879 1401 ἔχων,
901 1320 1090 1408 τρίφυλλος,
1107 1317 1249 1407 τρίπους,
1269 1311 1328 1382 trol-

247 1442 349 1503 νυμας
370 1429 430 1486 eto.
443 1422 491 1506 εί)·
519 1421 574 1488 Ab
597 1421 647 1487 his
676 1421 845 1508 adjectivis
868 1421 1022 1486 diflbrunt
1052 1419 1261 1494 substantiva;
1281 1441 1328 1502 quo

247 1541 367 1622 gpnere
386 1521 591 1588 continentur
610 1524 771 1591 vocabula
790 1521 982 1590 affinitatum
1003 1523 1167 1589 deteriore
1186 1520 1279 1585 seculo
1291 1520 1328 1582 in-

247 1623 340 1688 vecta
363 1623 618 1714 διςεξάδιλφος,
641 1627 842 1715 διςέγγυνος,
869 1627 1075 1713 τριςέγγονυς
1101 1626 1148 1709 (v.
1170 1623 1259 1688 Proll.
1276 1622 1326 1705 51.)

248 1733 281 1787 et
303 1721 496 1809 dignitatum
518 1722 710 1818 διςόιιὰτος,
724 1724 983 1809 dignabimur,
995 1724 1211 1814 τριςόιτατος,
1222 1721 1327 1806 τριςέυ-

248 1847 358 1911 αρχος.
418 1827 553 1894 Illorum
577 1815 795 1915 conjunctio,
815 1829 993 1924 certissima
1025 1838 1088 1904 est,
1131 1829 1214 1892 haec
1252 1824 1331 1890 dirimi

248 1939 388 2014 possunt
397 1939 434 1994 ut
444 1933 491 1996 bis
504 1934 613 1997 consul
624 1942 684 1997 etc.
701 1933 760 1997 sed
777 1933 875 2018 vulgo
895 1955 961 1997 non
975 1931 1187 2008 dirimuntur3
1207 1931 1333 1995 fluctuant

246 2030 467 2100 verono‘min'a
489 2033 595 2098 minus
619 2031 780 2102 celebrata
799 2034 1134 2121 τριςαρειοιιαγίτης,
1171 2033 1256 2119 quod
1280 2029 1333 2095 tri-

241 2131 305 2198 tici
327 2134 362 2198 in
384 2132 553 2201 Ciceronis
565 2198 567 2205 ,
580 2137 724 2221 quodam
738 2137 812 2202 loco
830 2158 848 2201 e
868 2135 965 2200 codd.
981 2135 1129 2220 vestigiis
1146 2133 1334 2206 restituerent

247 2233 477 2319 τριςαριστιύς
498 2238 658 2324 Hermog.
680 2240 816 2305 Rhetor.
846 2262 880 2325 p.
903 2237 956 2302 24.
979 2237 1020 2302 Τ.
1041 2231 1336 2323 ΠΙ.’τριςαριυιείις

248 2330 362 2400 εἰκόνα
390 2332 576 2428 ἆνὲυιησαν
601 2336 634 2408 oi
662 2339 837 2424 πολέμιοι,
875 2361 942 2425 quo
972 2338 1135 2422 disjuncto
1164 2332 1337 2422 amphibolia
1382 2376 1383 2413 p

247 2435 406 2516 nascitur,
442 2447 475 2504 et
508 2438 558 2504 his
588 2441 773 2528 antiquiora
809 2435 827 2508 ὁ
857 2437 1121 2528 τριςμακαρίτης
1154 2433 1337 2520 Πυθαγόρας

247 2539 430 2626 Antiphon.
452 2541 508 2608 Fr·
532 2543 607 2613 Vol.
619 2543 682 2610 III.
699 2544 751 2610 92.
773 2543 837 2608 nisi
859 2541 1015 2628 praeferri
1038 2540 1138 2607 debet
1160 2539 1254 2605 codd
1274 2559 1337 2603 non·

248 2641 410 2707 nullorum
432 2643 592 2730 scriptura
622 2640 640 2712 ὁ
669 2640 915 2732 τριςμακόριας,
946 2643 1042 2709 tertio
1071 2636 1165 2720 οἶκος
1190 2641 1338 2729 τριςολιμ-

248 2743 403 2833 πιονίκης
422 2744 521 2810 Pind.
543 2746 635 2830 cujus
662 2747 705 2812 ad
728 2745 972 2812 similitudinem
993 2740 1075 2833 ἀνὴρ
1102 2743 1178 2830 τρὶς
1204 2735 1339 2834 netrevi-

248 2869 308 2934 κης
329 2846 456 2914 Herod.
484 2847 582 2916 VIII.
610 2850 662 2917 47.
686 2847 832 2915 revocari
860 2847 937 2913 licet
964 2847 1024 2912 sed
1055 2868 1194 2912 necesse
1222 2866 1283 2909 non
1304 2849 1340 2905 est

247 2969 355 3033 neque
377 2950 440 3016 hoc
462 2951 620 3038 permittit
642 2946 661 3041 ἦ
685 2946 826 3028 ἑπτάκις
847 2945 951 3017 αὐτοῦ
974 2945 1222 3033 διαυλοδρυμία
1242 2947 1339 3013 Josm

247 3048 335 3135 Lyd.
360 3050 400 3118 de
421 3052 570 3119 Mensl.
595 3053 645 3120 12.
671 3076 704 3141 p.
718 3053 750 3119 4.
793 3050 976 3136 Adjectivis
995 3047 1183 3115 verbalibus
1201 3048 1277 3113 haec
1295 3043 1340 3108 ad·

246 3149 359 3216 verbio
379 3165 591 3241 apponuntur
618 3153 747 3240 integra
768 3152 815 3219 sic
841 3164 879 3217 ut
900 3151 1034 3219 dissolvi
1066 3161 1206 3239 possent
1225 3148 1283 3214 nisi
1300 3168 1339 3210 ac·

248 3267 362 3322 centus
384 3255 539 3343 probaret
557 3256 740 3344 composita
762 3278 834 3321 esse
857 3251 1030 3343 όίςεφθος,
1052 3255 1251 3341 τρίςεφθος,
1269 3271 1339 3333 ιρις·

167 3441 170 3446 .
248 3356 464 3438 κατιόνιατυς,
486 3358 698 3446 τριςέλικτυς,
723 3358 783 3424 sed
803 3357 867 3423 hoc
890 3356 987 3422 etiam
1009 3353 1202 3438 τριέλικτος
1215 3351 1341 3418 scribitur

247 3470 284 3524 ut
304 3455 527 3546 τριτόνυσιος.
571 3459 626 3527 Ab
654 3459 704 3526 his
728 3483 835 3526 rerum
857 3478 1088 3545 corporearum
1118 3455 1269 3543 epithetis
1293 3450 1338 3516 dil·

246 3562 356 3628 ierunt
380 3585 464 3647 quae
492 3561 590 3628 animi
618 3555 769 3629 notiones
792 3560 987 3647 significant.
1031 3558 1095 3622 His
1126 3559 1213 3624 enim
1239 3556 1339 3621 nullum

247 3663 474 3756 adverbiorum
495 3667 709 3731 numeralium
730 3663 861 3735 additur
883 3671 1012 3748 praeter
1042 3661 1127 3747 τρίς,
1156 3660 1254 3725 modo
1273 3658 1337 3721 inte·

126 3806 153 3854 .'
247 3791 342 3855 grum
373 3761 620 3856 τριςδόστηνος,
648 3762 852 3854 τριςόλβιος,
874 3764 975 3830 modo
1007 3771 1198 3849 corruptum
1223 3755 1338 3848 τρυτάν-

317 4027 344 4093 5)
358 4025 423 4079 ΕΜ.
438 4026 497 4096 279,
512 4023 550 4077 tt.
564 4019 593 4076 τὸ
612 4021 656 4083 δίς
666 4021 713 4075 καὶ
730 4024 787 4090 τρίς
799 4021 1000 4091 συντιθέμενον
1012 4013 1073 4072 tart
1092 4019 1141 4071 τοῦ
1158 4009 1209 4072 δύο
1227 4015 1271 4069 καὶ
1286 4015 1339 4080 τρεῖς

247 4107 612 4182 λαμβάνεταιςδικρόςωκος
630 4116 684 4163 etc.
711 4106 814 4162 Verbis
832 4105 974 4161 conversis
993 4102 1069 4159 idem
1087 4101 1155 4158 dicit
1172 4102 1265 4157 Schol.
1277 4096 1337 4167 Lips.

248 4195 282 4252 11.
295 4195 347 4250 111.
362 4197 421 4250 372.
435 4193 449 4251 ὃ
461 4191 511 4252 dio
525 4193 571 4251 u'cl
584 4201 655 4270 τρεῖς
665 4190 704 4267 μὴ
716 4190 787 4262 μετὰ
801 4196 850 4248 τοῦ
861 4194 930 4249 δέκα
943 4194 1140 4268 συντιθέμενος
1151 4191 1189 4251 εἲς
1203 4185 1233 4243 τὰ
1247 4177 1338 4260 ἐπιρρό-

248 4301 323 4357 μαια
333 4275 579 4361 μεταλαμβάνεται
