2825 4809
144 271 487 405 nnnnosnnnsr
502 329 564 403 nn
590 330 855 405 nrumnnsn.
890 332 929 403 ο.
944 336 973 403 1.
996 339 1021 423 s.
1038 338 1070 405 4.
1119 339 1169 417 ss

35 578 36 581 ι
84 520 210 602 lottario
240 519 328 591 ἔστιν
358 516 404 599 ὡς
433 518 471 587 τὸ
504 516 622 603 ἀχανές
653 521 710 591 καὶ
740 515 854 601 ἀτενές
881 520 959 589 seh.
984 524 1097 613 Apoll.
1120 523 1168 593 11.

81 626 136 691 459.
155 624 212 689 hoo
233 634 342 689 autem
363 619 498 687 verbum
521 621 591 688 sine
611 621 679 687 ullo
703 620 952 707 significationis
969 624 1169 694 incremento

82 752 96 791 n
114 726 259 812 primitivo
282 719 333 793 ἔω
357 723 536 789 derivatum
562 732 612 789 est
637 734 674 789 ut
695 744 719 788 a
739 722 812 805 ψίω
833 722 930 811 ψιάω
951 748 982 791 v.
1006 725 1167 794 Teolnnol.

81 827 134 893 154.
158 822 260 913 ἀλέγω
291 824 329 892 τὸ
358 812 476 891 ἆκατ’
505 823 689 911 ἐπαύξησιν
709 818 751 891 οὔ
772 823 858 890 κατὰ
879 826 1034 913 στέρησιν
1056 828 1166 915 Epim.

80 928 98 991 1.
111 928 152 1005 85,
168 928 216 992 32.
238 926 319 991 ΕΜ.
331 926 384 1002 58,
395 926 448 991 44.
472 924 564 1011 quod
582 925 646 991 alio
669 924 743 991 loeo
762 926 1064 1014 retractabitur²⁸).
1098 931 1170 995 Ant

35 1050 36 1071 ι
79 1029 210 1112 adjeotiva
242 1036 334 1093 sunt=
368 1023 546 1109 ἀάσχετος,
578 1020 781 1113 ἀδάκρυτος,
815 1021 1016 1115 ἀκρότητος,
1048 1030 1168 1116 quibus

79 1130 138 1193 nihil
160 1129 305 1194 allicitur.
359 1128 456 1193 Nam'
481 1127 620 1215 primum
655 1128 732 1214 plus
765 1127 874 1192 valere
903 1149 1002 1213 quam
1030 1123 1169 1215 s’r'oxetog

77 1230 143 1294 nnllo
170 1238 362 1315 argumento
393 1228 530 1315 probari
557 1239 684 1315 potest3
712 1228 893 1295 seeundum
906 1230 978 1314 jam
1006 1230 1083 1296 olim
1112 1254 1166 1298 re-

76 1332 152 1395 lntsvi
172 1332 214 1395 ad
234 1332 293 1416 Aj.
315 1352 349 1417 p.
372 1330 445 1396 278.
470 1330 518 1417 (p.
540 1330 613 1395 299.
635 1330 699 1396 Ed.
723 1330 796 1414 Ρτ.)
819 1325 988 1417 ἀκρότητα
1011 1328 1168 1416 κύμβαλα

75 1432 231 1499 inComiei
256 1452 353 1498 versu
375 1430 417 1495 Τ.
443 1430 504 1499 IV.
527 1428 600 1496 600.
631 1441 719 1497 certe
739 1452 806 1497 non
834 1441 910 1495 sunt
932 1430 1169 1521 πολοκρότητα

76 1536 119 1599 sed
149 1530 352 1621 δοςκρότητα
388 1543 426 1621 tlt
461 1526 644 1618 ἇκοίμητος
674 1531 779 1612 ὕπνος
807 1532 917 1598 Noun.
945 1530 1061 1599 XVII.
1094 1532 1166 1599 119.

73 1635 168 1721 πόρτις
196 1630 353 1720 &opimos
380 1631 416 1699 id
446 1642 496 1698 est
522 1632 653 1698 Helena
683 1633 766 1718 Lyo.
799 1634 870 1699 102.
902 1654 988 1719 quae
1015 1645 1048 1699 et
1070 1632 1168 1702 κακό·
1219 1701 1222 1708 ,

73 1758 177 1822 scirpeo
198 1735 266 1800 diei
287 1736 397 1821 potuit
416 1744 449 1799 et
469 1730 688 1822 πολύνυμφος
712 1744 749 1799 ut
777 1734 812 1799 in
832 1734 956 1801 Glossa
980 1736 1165 1821 exponitur,

35 1870 38 1919 ι
73 1838 229 1923 eademque
261 1830 383 1924 ἀκλεής
411 1835 540 1902 infamis
569 1842 602 1899 et
629 1832 788 1923 δοςκλοής
816 1847 915 1921 atque
943 1836 1041 1901 etiam
1062 1839 1168 1904 πολο-

74 1936 148 2024 stete
175 1938 323 2015 famosa,
357 1958 442 2022 quae
478 1936 678 2001 diversorum
707 1936 876 2002 nominum
909 1937 944 2001 in
971 1958 1071 2002 unam
1097 1958 1167 2003 rem

73 2039 277 2103 convenientia
314 2039 430 2125 procul
469 2035 569 2103 dubio
605 2035 800 2104 scholiastae
832 2037 963 2103 induxit
998 2047 1036 2103 ut
1066 2036 1167 2125 alpha

70 2139 207 2224 privativo
229 2140 298 2203 vim
320 2138 499 2206 tribuerent
519 2138 732 2204 intentivum..
763 2140 833 2208 Sed
853 2137 955 2205 multo
977 2140 1083 2225 major
1101 2138 1167 2205 illis

70 2242 145 2326 oopin
172 2240 411 2307 vocabulorum
440 2241 487 2306 sio
512 2240 725 2326 figuratorum
752 2251 788 2306 ut
816 2240 916 2329 alpha
943 2240 1088 2307 detracto
1110 2250 1168 2307 aut

71 2341 290 2408 substantivum
322 2343 441 2408 evadat
473 2351 530 2406 aut
550 2342 640 2407 nulla
663 2342 865 2427 relinquatur
886 2342 986 2409 dictio
1009 2331 1167 2409 effabilisi

69 2436 166 2521 ἄοκνος
187 2440 380 2523 antelamo
400 2442 476 2511 sch.
505 2442 624 2509 'lbaoln
647 2442 720 2509 843.
744 2437 854 2528 ὅβιος,
882 2434 1017 2522 ledros,
1035 2437 1167 2524 ὄῖξυλος,

69 2534 192 2631 ἄπορος,
224 2554 371 2623 caetera,
401 2544 519 2629 quibus
548 2544 585 2610 ab
616 2538 699 2627 ὄγαν
726 2553 759 2608 et
787 2542 876 2611 πολύ
901 2542 1078 2630 significari
1099 2553 1166 2609 sta·

69 2656 158 2723 tnnnt,
188 2666 251 2711 seu
275 2646 353 2731 quia
375 2646 581 2712 erediderunt
603 2644 703 2733 alpha
722 2646 832 2733 ipsum
851 2644 937 2711 hano
959 2644 1025 2709 vim
1045 2644 1167 2711 habero

68 2766 111 2811 sen
130 2746 330 2834 antiphrasis
354 2747 490 2813 odorem
512 2746 718 2833 sequuti²⁰).
760 2747 891 2811 Horum
917 2747 1076 2835 pleraque
1094 2749 1167 2833 jam

68 2848 320 2914 nValolsenario
350 2859 383 2913 et
408 2848 611 2915 Doederlino
640 2848 807 2935 exagitata
829 2858 915 2926 sunt,
937 2865 1076 2934 qnorum
1096 2870 1165 2914 me·

66 2949 181 3014 nouam
202 2972 274 3015 non
297 2949 474 3017 renovabo.
519 2950 588 3018 Sed
614 2949 648 3014 hi
682 2970 815 3036 quoque
844 2968 959 3014 vereor
978 2970 1020 3014 ne
1046 2948 1166 3014 Gram-

66 3051 170 3117 maticis
182 3051 264 3138 plus
275 3050 445 3116 tribuerint
456 3072 555 3137 quam
565 3072 617 3116 res
635 3062 667 3116 et
681 3050 801 3116 veritas
818 3048 987 3116 concedat.
1011 3043 1166 3116 Doeder-

65 3148 131 3233 linus
151 3154 289 3239 quidem
313 3175 346 3239 p.
368 3152 420 3218 24.
439 3154 544 3236 alpha,
566 3152 681 3237 inquit,
704 3155 895 3217 intensivum
916 3154 1034 3235 opaoos'
1052 3153 1088 3218 to
1110 3152 1167 3217 acl-

63 3254 163 3332 J'eetiot't
185 3248 374 3341 ἆγέριοχος,
402 3246 645 3335 attaminatos,
670 3245 811 3335 ὅμοιος,
841 3246 1002 3329 ἄπλετος,
1032 3244 1168 3338 o'me'oso-¹

66 3376 128 3432 οος,
148 3346 308 3436 ἄσχετος,
332 3348 521 3441 tantoque,
544 3346 678 3431 ὅσκιοςς
700 3346 855 3431 limosos,
876 3344 1032 3436 ἄτρυτος,
1053 3346 1168 3435 uixist-

67 3472 116 3530 τος.
156 3456 284 3523 Verum
314 3452 430 3521 horum
452 3474 530 3541 pars
552 3454 693 3521 maxima
715 3463 782 3519 tom
809 3449 1048 3541 impenetrabili
1071 3451 1170 3537 quasi

105 3689 146 3757 28)
157 3690 321 3761 Hesychius
339 3685 480 3745 Λὺσοειοι
497 3692 625 3759 patrans
642 3688 714 3745 falsa
735 3689 852 3743 fortasse
874 3687 1012 3761 scriptura
1032 3691 1167 3762 deceptus

66 3772 203 3847 iilumque
216 3774 299 3831 verbi
314 3770 444 3830 ἀλῦοσειν
455 3774 717 3846 interpretationem
734 3782 869 3846 sequutus
888 3776 924 3830 do
936 3791 993 3846 qna
1004 3774 1110 3831 dictum
1124 3782 1168 3831 ost

66 3857 191 3915 in'l'eohn.
208 3862 271 3915 101.
286 3868 316 3917 et
327 3862 387 3916 215.

103 3948 143 4013 tt)
158 3946 206 4001 Sic
225 3946 378 4001 Erotianus
393 3942 522 4018 ’Λσὴμοις
538 3938 631 4006 τόποις
648 3953 705 4008 τοῖς
722 3944 892 4021 πολυσῆμοις
907 3946 969 4002 κατ’
988 3945 1166 4019 ἄνιίφρασιν,

67 4034 128 4097 qnod
143 4050 202 4086 non
221 4030 353 4087 convenit
369 4031 438 4087 loeis
455 4050 472 4085 a
483 4030 584 4086 Foesio
605 4030 714 4102 citatis3
732 4034 827 4089 Sehol.
845 4033 878 4089 Il.
894 4032 974 4089 XIV.
986 4032 1046 4085 105.
1064 4024 1168 4102 ἀστρά-

65 4116 205 4182 yulocm’
220 4115 407 4189 ἀνιίφραοιν·
426 4114 630 4192 πολύστρςπτος
641 4114 703 4190 γάρ.
720 4120 786 4173 ΕΜ.
801 4120 860 4186 177,
877 4120 919 4174 ll.
939 4115 1084 4190 ἄφλαστον
1100 4112 1163 4171 aar*

66 4196 220 4272 ἄνιίφοοσιν
245 4200 272 4256 τὸ
297 4198 465 4271 εῧθλαστον,
493 4222 545 4275 pro
570 4204 626 4274 quo'
650 4202 715 4259 soh.
740 4205 807 4277 Lyo.
832 4207 875 4260 26.
903 4201 962 4260 κατ’
987 4196 1168 4270 εὗφὴμισμόν

66 4286 201 4342 substituit.
392 4286 395 4293 ⁴
490 4282 492 4287 ’

102 4373 341 4422 bettenhaim.
937 4370 957 4437 3
