2825 4809
141 335 191 404 on
207 328 463 397 raosrnnsr
482 327 545 396 nr
566 325 832 396 mumanae
867 305 910 394 cl
921 325 1000 395 vn.
1054 332 1126 404 149

70 516 133 591 εἷναί
147 534 228 605 φασι·
243 511 292 580 διὸ
316 510 375 578 καί
396 510 434 578 τὸ
456 505 625 597 μακάριον
646 505 857 594 ὠνομάκασιν
880 501 950 578 ἀπὸ
973 515 1034 578 τοῦ
1053 507 1128 592 χαί-

71 647 126 707 ρειν.
156 615 211 682 ilie
229 622 334 678 tamen
352 610 593 678 meminerimus
613 619 744 697 oportet
765 609 983 697 philosophos
1002 620 1128 678 veteres

68 713 340 805 ophilosophorum
359 711 480 777 similes
494 709 580 795 juris
602 711 770 779 consultos
791 711 979 796 hujusmodi
1004 721 1129 797 etymo-

68 819 137 905 lop'is
151 836 208 882 uon
228 825 290 880 tam
311 812 471 898 originem
486 809 722 878 vocabulorum
739 811 949 898 grammatice
967 811 1131 897 explicare

68 941 137 1004 quan
149 915 299 982 notionem
316 934 392 979 oum
410 933 493 978 voce
513 923 749 998 congruentem
764 911 941 978 lectoribus
956 922 1032 978 anto
1051 933 1130 978 ocu-

67 1021 101 1084 los
116 1037 217 1103 ponere
234 1012 391 1090 voluisse
413 1034 512 1097 quam
530 1011 567 1078 in
580 1034 650 1078 rem
663 1012 765 1078 multa
779 1012 898 1100 collegi
913 1012 948 1078 in
961 1012 1130 1099 Aglaoph.

68 1119 109 1182 867
121 1139 159 1201 sq.
174 1116 210 1180 de
225 1113 402 1180 Aristotele
421 1113 496 1200 ipso
516 1113 600 1181 dixit
616 1112 738 1180 Zellius
756 1112 799 1176 od
815 1113 945 1179 Nicom.
961 1112 1010 1180 II.
1028 1136 1062 1199 p.
1078 1112 1131 1181 60.

65 1221 117 1284 Ηοο
132 1216 254 1282 fortasse
273 1214 406 1300 signum
425 1226 585 1297 scquums
600 1213 806 1283 Philoxenus
826 1213 862 1278 in
881 1212 965 1283 libro
990 1213 1031 1282 do
1053 1235 1132 1280 ana-

67 1316 230 1404 liphsirsmo
256 1315 313 1381 illa
343 1313 481 1380 effirtivit
507 1336 592 1400 quac
620 1315 729 1382 Orion
756 1314 854 1382 relert
885 1315 1039 1412 lou-13.
1066 1335 1134 1396 μα-

68 1422 144 1500 ουίραι
160 1415 248 1498 παρὰ
275 1414 315 1481 τὸ
343 1419 393 1482 osi
421 1412 463 1480 ad
484 1415 566 1484 σείω
592 1415 649 1483 καί
669 1415 863 1499 προςλαβὸν
889 1415 949 1503 τὴν
976 1440 1026 1499 μα
1056 1415 1135 1482 σοί.-

69 1515 138 1603 loliis
152 1519 304 1598 μασῶμαι
326 1514 366 1582 τὸ
390 1511 439 1593 είς
466 1515 574 1585 λεπτὰ
601 1513 662 1603 τὴν
691 1513 820 1604 τροφὴν
848 1515 1052 1601 κυρματίζω,
1081 1513 1135 1580 eui

66 1616 107 1682 dis
121 1615 265 1682 oddrmtor
285 1615 340 1680 vel
360 1614 507 1700 ejusdem
528 1616 670 1682 auctoris
691 1615 744 1682 vel
772 1615 920 1700 ejusdem
946 1613 1135 1682 temeritatis

67 1725 215 1782 onnenm:
235 1710 391 1802 μασχάλῃ
412 1709 482 1782 (insi
505 1719 566 1782 τοῦ
587 1712 699 1803 σχήσω
722 1713 827 1802 σχάίη
850 1710 921 1782 κατ’
946 1709 1136 1782 ἀναδιπλο-

67 1814 177 1900 οιαομόν,
196 1811 323 1900 μάχλος
346 1809 416 1882 ἀπὸ
438 1818 498 1882 τοῦ
517 1816 627 1898 καλοί,
647 1811 773 1900 μάστιξ
792 1815 829 1882 ἐι
849 1819 910 1884 τοῦ
928 1811 1051 1894 ositos
1073 1823 1134 1880 etc.

66 1916 119 1979 Plus
140 1915 284 2002 ponderis
314 1912 436 1991 habent
472 1937 557 2002 quae
582 1915 772 2000 Hesychius
800 1915 947 2001 largitur.
989 1913 1137 1980 Primum

66 2013 189 2097 Σίβυσνος
210 2015 248 2082 ari
276 2020 483 2102 yeremias,
513 2015 605 2100 quod
628 2015 707 2080 alibi
736 2011 855 2098 βύσσον
878 2013 989 2080 vocari
1007 2012 1137 2089 scribit3

66 2114 116 2178 ltdi
133 2128 215 2199 pollo
238 2125 362 2182 vocant
388 2124 503 2202 estque
528 2115 593 2180 hoo
620 2137 742 2181 nomen
772 2137 832 2202 per
860 2115 1044 2202 complures
1066 2113 1137 2180 dia·

65 2214 134 2280 lectos
155 2216 321 2302 vulgatum
349 2237 379 2280 v.
400 2215 537 2302 Μανιος.
565 2215 685 2304 Origg.
709 2215 784 2284 Ital.
812 2239 838 2282 s.
863 2215 949 2282 hv.
987 2216 1139 2284 Alterum

67 2313 198 2403 Σίρυμρος
222 2315 360 2404 ῥύγχος,
388 2316 481 2400 quod
506 2315 589 2382 nihil
617 2315 726 2382 differt
753 2339 773 2380 a
803 2315 937 2405 ῥάμφος
957 2339 989 2382 v.
1011 2315 1139 2382 Techn.

65 2412 164 2498 30115)
200 2416 273 2482 Nec
305 2415 400 2503 piget
424 2438 593 2503 apponere
620 2416 744 2484 novitia
772 2416 900 2500 σίρρλιος
926 2427 959 2482 et
983 2415 1077 2500 χλιός
1104 2416 1141 2482 id

65 2522 98 2574 cst
109 2511 229 2601 χίιαρός
247 2516 309 2583 Du
332 2515 438 2602 Osng.
461 2515 608 2599 υζικνίσα
629 2539 693 2606 pro
715 2515 849 2598 svlooo,
877 2511 1058 2602 τζῑκρίκιον
1078 2539 1140 2604 pro

63 2611 155 2696 κρίκος,
184 2638 269 2701 quae
299 2615 424 2682 Comes
458 2615 502 2680 ad
520 2616 623 2682 Isoor.
647 2641 681 2704 p.
703 2616 756 2682 65.
786 2616 830 2680 cd
849 2615 1143 2702 reduplicationem

63 2711 138 2777 refert
173 2714 319 2793 Σίναπι,
347 2716 439 2800 quod
462 2715 560 2782 attice
582 2721 671 2786 νᾶπυ
693 2716 825 2794 dicitur,
850 2715 1067 2804 Grammatici·
1084 2738 1141 2783 ex·

62 2813 127 2878 otios
145 2816 334 2882 adscribunt
349 2838 381 2880 v.
401 2816 521 2883 Parall
543 2816 617 2881 200.
639 2839 702 2887 neo
724 2817 800 2883 sciri
821 2828 932 2904 potest
950 2827 1059 2884 utrum
1075 2818 1142 2903 syl-

61 2911 113 2976 laba
132 2914 175 2980 illi
201 2917 320 2994 addita
345 2938 389 2981 an
416 2915 494 2982 huic
521 2916 652 2982 ademta
678 2918 730 2982 sit.
779 2916 907 2999 Ποίζιον
925 2927 961 2984 et
982 2915 1144 2997 τοπάζιον

60 3013 211 3098 Hesychius
234 3027 269 3082 et
284 3017 382 3082 Eust.
403 3016 446 3081 ad
460 3015 562 3082 Dion.
575 3017 669 3083 1121.
690 3017 839 3101 ejusdem
858 3039 1007 3104 gemmae
1024 3037 1145 3092 nomen

62 3132 112 3178 esse
128 3117 253 3183 tradunt
274 3117 323 3182 cf:
339 3116 513 3202 Kiessling
535 3115 570 3182 in
592 3114 668 3182 Ind.
698 3117 742 3182 ad
765 3117 878 3185 Treta.
902 3116 988 3184 Chil.
1013 3140 1047 3204 p.
1069 3116 1144 3184 564.

60 3215 165 3294 quodsi
184 3239 226 3282 ex
247 3216 404 3283 hebraico
427 3237 576 3283 sermone
593 3216 700 3294 fluxit,
719 3216 792 3282 voci
813 3217 1005 3306 peregrinae
1026 3212 1147 3300 πάζιον

59 3315 164 3380 acessit
184 3317 323 3402 syllaba.
356 3317 524 3382 Fruticem
545 3316 685 3381 eundem
697 3318 816 3385 Graeci
837 3319 986 3407 μυρίκην,
1005 3319 1147 3384 Romani

59 3416 202 3481 tamaricen
223 3417 454 3505 appellarunt3
486 3416 551 3480 uhi
571 3417 697 3495 verius,
726 3441 794 3484 non
813 3429 961 3497 constat,
990 3419 1055 3484 nisi
1083 3441 1148 3503 qua

58 3509 90 3575 lli
103 3535 166 3580 cum
179 3528 290 3602 myrto
308 3517 370 3584 fuit
386 3516 575 3596 similitudo,
592 3519 683 3602 quod
700 3519 879 3584 credidisse
895 3518 1024 3585 ridetur
1034 3519 1147 3585 Theo-

59 3611 110 3677 criti
134 3617 296 3705 interpres
335 3615 478 3704 μυρίκας
513 3617 564 3682 his
595 3628 724 3684 vertens
763 3618 936 3704 μυρσίνας.
988 3618 1150 3708 Hesychii

60 3711 143 3795 glossa
166 3714 402 3807 Τεσρυφάλεια
423 3717 674 3806 περικεφαλαίαν
697 3717 793 3784 fluxit
815 3741 856 3784 ex
876 3719 916 3788 Il.
937 3719 984 3787 Χ.
1008 3721 1060 3787 76.
1083 3748 1150 3812 φα-

60 3813 109 3900 ror}
127 3841 159 3884 σε
178 3813 380 3906 τρυφάλεια.
399 3853 442 3864 —-
469 3814 525 3881 Ab
553 3814 716 3906 ἐπιμελής
746 3829 778 3883 et
799 3818 873 3886 hinc
897 3820 1048 3888 derivatis
1069 3823 1151 3890 nihil

59 3963 367 3987 ,Ἣ

111 4065 149 4135 ί5)
166 4067 278 4123 Eodem
302 4069 386 4123 modo
412 4066 532 4122 crevisse
556 4065 669 4122 videtur
690 4065 847 4145 Σαθᾶρυγα
871 4069 999 4145 ταραχήν.
1041 4073 1152 4128 Nomen

62 4152 162 4220 tammo,
180 4156 259 4224 quod
277 4151 308 4206 in
320 4149 470 4208 Glossariis
488 4146 575 4222 πεύκη
593 4161 622 4208 et
639 4160 720 4219 πίτυς
734 4157 874 4224 redditur,
891 4157 1041 4213 Salmasius
1061 4159 1151 4232 suspi-

63 4241 121 4286 catur
135 4253 168 4291 ex
184 4237 339 4311 sapopinus
358 4245 533 4294 contractum
551 4255 623 4295 esse.
