2825 4809
316 339 382 406 DE
406 339 684 408 PAREOTASI.
730 337 769 406 Ο.
789 339 852 409 lv.
883 343 910 425 ξ.
929 339 961 405 9.
1122 345 1197 418 666

84 523 200 621 lina-1¹³1
223 524 416 590 Eustathius
445 526 542 602 1286,
565 525 596 592 9.
625 519 660 590 ἐν
687 528 736 612 τῷ
763 519 942 622 &pysidae—g
970 515 990 613 ἢ
1017 523 1197 624 πλεονάζει
1241 569 1245 576 ¹

84 626 120 692 τὸ
144 652 158 691 ι
184 621 231 703 οἱς
254 626 288 692 ἐν
313 633 361 714 rigi
389 623 622 711 ἱππιοχάρμης
648 624 669 712 ἢ
692 629 804 715 τροπῇ
829 630 891 692 τοῦ
912 650 933 693 o
957 622 1007 704 εἱς
1028 652 1041 693 ι
1067 625 1197 712 ye'yom

84 725 119 791 ἐκ
141 731 200 794 τοῦ
224 721 336 812 άρχός.
384 729 437 792 Ex
453 727 516 792 -his
545 726 752 792 manifestum
777 729 815 792 fit
839 727 1038 813 adjectivum
1063 723 1196 815 άργιος,
1240 783 1250 796 .

84 827 172 910 quod
187 827 375 912 Hesychius
391 828 623 914 interpretatur
639 825 772 907 λευκός,
789 824 903 910 ταχάς,
924 828 990 895 illis
1005 851 1074 896 uon
1089 831 1197 896 minus

81 928 284 1014 incognitum
317 929 418 995 fuisse
451 951 550 1015 quam
584 941 635 995 est
669 929 777 996 nobis.
834 932 913 997 Hoe
943 930 1045 1017 igitur
1074 930 1198 997 omisso

82 1030 231 1115 quaestio
257 1030 362 1095 omnis
387 1030 537 1096 consistit
560 1031 596 1096 in
618 1033 811 1118 pleonasmo
835 1041 869 1098 et
893 1042 999 1118 trope.
1045 1033 1115 1098 Pro
1138 1031 1196 1098 illo

82 1133 214 1196 affertur
231 1126 463 1217 ἱππιοχάρμης
483 1131 546 1197 hoc
564 1143 614 1198 est
631 1128 648 1197 ὁ
668 1131 793 1217 χαίρων
809 1133 933 1212 ἵπποις
955 1129 976 1220 ἢ
994 1127 1060 1221 ἀφ’
1079 1131 1198 1200 ἵππων

79 1228 265 1316 μαχόμενος
281 1233 359 1300 Sch.
373 1233 441 1299 Od.
452 1234 517 1298 XI.
529 1233 603 1298 258.
621 1232 673 1300 oui
691 1233 888 1298 simillimum
902 1242 954 1297 est
968 1229 1196 1322 ἱππιοχαίτης.

79 1336 131 1400 Ac
157 1345 236 1399 sunt
261 1335 393 1419 quidem
422 1335 478 1421 qui
507 1345 680 1420 utrumque
707 1333 800 1399 aliter
823 1335 977 1401 affectum
1003 1333 1129 1400 dicent:
1156 1331 1196 1400 sd

80 1432 301 1522 ἱππιοχαίτης
322 1434 381 1500 καὶ
402 1433 634 1524 ἱππιοχάρμης
655 1433 763 1504 ἔοικεν
786 1433 872 1518 ἔχειν
891 1434 932 1503 τὸ
947 1422 974 1502 ἶ
987 1427 1064 1500 κατ’
1083 1432 1196 1502 ’ἔλλει-

79 1547 142 1616 ψιν
161 1540 223 1602 τοῦ
240 1525 277 1602 e·
300 1532 368 1604 άπὸ
392 1535 457 1623 γάρ
478 1542 538 1603 τοῦ
562 1534 684 1604 ἱππεία
706 1535 803 1622 χαίτη
826 1537 937 1622 γέγονε
950 1534 1130 1612 Rusaddi,
1144 1535 1196 1601 19.

79 1636 149 1703 Sed
175 1635 229 1702 his
257 1638 341 1702 duae
365 1639 577 1704 adversantur
604 1639 765 1715 rationes3
794 1658 875 1716 uua,
905 1638 997 1723 quod
1017 1636 1137 1705 Graeci
1161 1635 1197 1700 in

78 1737 141 1802 hoc
163 1760 286 1822 genere
311 1741 531 1827 componendi
556 1761 624 1808 nou
646 1740 814 1825 adjectivis
835 1739 884 1805 uti
909 1740 1017 1806 solent
1035 1737 1097 1804 sed
1117 1735 1198 1833 suhff

79 1839 229 1904 stautivis
253 1833 568 1929 άνθριοπομορφος,
591 1840 841 1928 κυκνόμορφος,
862 1835 1093 1925 λοκόμορφος,
1115 1837 1196 1904 tta·

79 1935 266 2027 φόκρακος,
295 1939 536 2028 κυνοκέφαλος,
563 1937 780 2026 deciduae,
807 1937 1050 2022 λεονιάθυμος,
1073 1933 1195 2021 ἄνδρά·

77 2047 191 2116 θομος
209 2062 277 2104 nou
298 2034 558 2123 άνὸρειόθομος,
579 2042 669 2126 quod
689 2040 791 2106 semel
808 2038 929 2125 legitur
948 2039 1041 2125 apud
1057 2037 1195 2107 Suidun.

77 2140 194 2204 Altera
214 2141 297 2205 ratio
323 2150 373 2204 est
396 2141 488 2224 quod
508 2142 673 2207 Homerus
697 2140 864 2226 ceterique
889 2140 975 2228 epici
998 2139 1195 2228 possessivis

76 2241 292 2306 animantium
312 2263 379 2306 non
408 2242 537 2328 epsilon
559 2241 748 2308 subtrahere
775 2243 881 2309 solent
908 2243 969 2310 sed
992 2242 1063 2309 iota
1084 2236 1194 2325 βάρος,

76 2339 208 2426 αἴγεος,
224 2340 352 2421 κάνεος,
368 2341 523 2430 βρότεος,
539 2340 692 2426 ταύρεος,
707 2343 828 2429 quibus
843 2353 1100 2410 consentaneum
1110 2343 1196 2410 ieret

75 2444 205 2521 ἵππεος
230 2467 299 2509 nou
325 2443 465 2523 ἵππιος,
496 2467 562 2530 quo
584 2443 751 2510 Pindarus
779 2445 880 2509 utitur
907 2467 968 2532 pro
993 2445 1137 2525 ἱππειος
1162 2453 1196 2510 et

75 2543 279 2628 posteriores
298 2545 477 2632 praecipue
497 2547 531 2611 in
551 2545 703 2633 epithetis
723 2547 861 2611 deorum
873 2546 1053 2611 Ποσειδῶν
1071 2544 1196 2624 ἵππιος

75 2656 138 2709 ete.
183 2645 302 2729 Itaque
324 2646 507 2731 colligimus
530 2646 779 2734 ἱππιοχάρμης,
805 2667 867 2732 pro
890 2666 956 2729 quo
976 2643 1065 2710 idem
1085 2642 1195 2712 tuno·

72 2739 208 2829 χάρμης
237 2745 335 2823 dixit,
369 2756 402 2810 et
429 2744 648 2836 ἱππιοχαίτης
678 2769 752 2814 cum
781 2746 982 2814 substantivo
1011 2745 1195 2834 composita

74 2867 149 2910 esse
166 2855 205 2908 ut
222 2847 430 2930 ἵππαιχμος,
448 2845 655 2936 ἱππάλοφος,
675 2846 884 2934 ἱππόκομος,
902 2849 1085 2936 eodemque
1099 2848 1193 2936 pleo-

72 2971 191 3014 nasmo
219 2949 359 3014 crevisse
389 2946 571 3030 ἱππιάναξ,
602 2972 667 3035 quo
689 2950 822 3016 nomine
841 2950 1028 3035 Aeschylus
1057 2950 1194 3037 hippar-

75 3049 175 3114 chum
196 3051 401 3136 signifieavit.
447 3050 654 3134 Quinetiam
675 3049 820 3134 αἰθίοψ,
844 3074 911 3136 quo
924 3050 1095 3137 Meleager
1114 3073 1193 3117 usus
1297 3055 1301 3058 ’

75 3163 138 3228 est,
158 3151 226 3216 huo
242 3153 354 3218 referri
371 3155 505 3240 poterit,
529 3152 653 3238 quippe
673 3151 840 3238 gentilicio
860 3152 1081 3218 assimilatum.
1124 3152 1195 3220 Sed

72 3255 271 3342 Μηκιονίκη
303 3278 363 3340 per
392 3277 533 3321 errorem
564 3255 721 3340 scriptum
742 3253 877 3319 uidetur
904 3277 964 3340 pro
991 3254 1194 3341 Μητιονὶκηι

72 3351 151 3418 Hac
177 3355 303 3420 ratione
329 3357 377 3420 illi
403 3356 523 3421 adduci
550 3366 727 3441 potuerunt
753 3364 791 3418 ut
816 3366 933 3440 poetas
963 3353 1123 3438 adjectivo
1151 3352 1195 3418 ad

71 3466 216 3522 metrum
233 3456 368 3522 inhabili
390 3453 551 3545 ιἰρχόδοος
567 3456 635 3521 iota
651 3457 887 3543 interposuisse
903 3456 1089 3522 crederent·
1125 3454 1196 3522 Sed

75 3557 154 3643 plus
172 3559 316 3622 veritatis
338 3558 437 3624 habet
457 3559 699 3634 sententiarum,
720 3580 802 3642 quas
817 3557 1009 3623 Eustathius
1027 3556 1194 3644 proponit,

74 3659 178 3723 altera
204 3658 246 3723 de
268 3671 371 3747 trope.
415 3660 501 3726 Nam
524 3683 623 3745 quum
645 3661 742 3747 plene
765 3659 939 3725 dicendum
961 3670 1049 3725 esset
1069 3653 1194 3745 άρχοό-

75 3760 156 3836 doeg
166 3769 204 3823 ut
213 3759 428 3846 Λυκόοργος,
447 3759 682 3848 λευκοάπιορος
692 3784 722 3826 v.
734 3761 882 3826 Meinelr.
894 3761 988 3828 Com.
1001 3761 1113 3827 Τ.ΙΙΙ.
1123 3760 1194 3825 121.

72 3861 152 3926 Del.
181 3862 253 3925 121.
284 3857 468 3946 ὀλιχόωρος
499 3862 623 3945 (omiss.
652 3863 686 3928 in
709 3863 792 3948 Th.)
820 3863 931 3930 Schol.
957 3863 1059 3930 Dion.
1087 3883 1118 3926 r.
1140 3861 1194 3925 30.

74 3973 110 4024 et
138 3962 190 4025 ar.
220 3962 263 4025 aa
291 3961 370 4026 Phr.
394 3961 467 4026 su.
496 3962 608 4039 arata,
642 3961 746 4028 statut
778 3964 930 4029 μοιμοι
962 3973 1056 4049 eope
1086 3945 1195 4027 ιιοό
1280 3996 1284 4000 -

72 4058 126 4138 εἷς
146 4051 247 4128 ι’ἱιοο
269 4061 394 4126 facilius
416 4063 505 4146 quod
527 4064 613 4128 idem
631 4065 668 4128 fit
687 4078 762 4130 ante
781 4087 942 4131 consonas
961 4075 993 4128 et
1010 4072 1196 4144 constanter

74 4163 209 4245 quidem
229 4165 264 4228 in
279 4163 343 4229 hoo
360 4162 504 4250 epitheto
525 4159 728 4249 ἀρχιβάειος,
748 4160 1002 4250 οἱρχικάραυνος,
1020 4158 1193 4249 oioyirroug,¹

68 4264 199 4328 minore
226 4266 411 4330 constantia
438 4265 473 4330 in
497 4266 568 4331 aliis
596 4289 680 4352 quae
708 4267 751 4332 ad
774 4267 855 4334 Phr.
878 4265 951 4330 665.
974 4263 1128 4341 indicavi,
1151 4270 1196 4338 ,ut

126 4367 262 4415 Lousoi,
277 4369 367 4408 Pathol.
554 4395 561 4407 .
946 4367 988 4434 30
