2825 4809
1167 152 1188 199 0

287 375 352 439 DE
376 370 652 442 PAREOTASI.
699 372 738 441 C.
762 374 801 440 ll.
833 379 859 462 t.
881 376 912 441 2.
1088 382 1175 457 417·

60 564 102 630 29.
114 570 240 627 constat
246 574 326 626 'vcro
339 554 448 643 ἕρινός
459 556 517 625 καὶ
529 561 731 647 πλεονασμῷ
749 563 808 627 τοῦ
825 550 986 648 ἷέρινεός
996 560 1168 632 Choerob.

63 664 145 731 Ortlr.
159 663 231 729 199.
247 662 306 728 sed
321 660 360 726 ab
377 660 449 725 aliis
469 660 513 725 ad
530 682 699 749 syncopen
720 661 857 726 refertur
870 685 900 728 v.
912 662 952 728 P.
965 664 992 729 I.
1009 688 1037 731 e.
1049 668 1080 732 2.
1097 671 1122 753 ξ.
1131 666 1167 734 5.

63 788 117 850 quc
137 765 213 829 loco
235 760 350 844 λοχεός
373 772 406 827 et
434 760 551 827 similia
574 762 717 828 exhibui.
761 764 814 827 Ex
848 764 1011 830 femininis
1039 768 1169 853 primae

62 864 275 930 declinationis
302 863 367 928 huc
395 863 538 928 referunt
562 860 714 951 Νενρέας
739 857 810 931 ἀπὸ
837 869 897 952 τῆς
925 872 1040 953 νευρᾶς
1061 872 1166 935 πλεο-

60 969 165 1053 νασμῷ
194 970 254 1033 τοῦ
279 953 305 1030 ἶ
330 966 410 1029 EM.
439 964 518 1043 601,
552 965 603 1031 39.
639 966 698 1029 sed
728 987 828 1051 quum
857 967 900 1030 ad
925 960 1105 1054 ἇδελφειός
1135 979 1175 1035 et·

62 1062 194 1153 ἒρινειος
215 1065 418 1151 respicimus,
442 1064 602 1131 dubitatio
626 1065 773 1131 oboritur
793 1091 836 1132 ne
856 1067 938 1131 illud
962 1068 1082 1133 alicubi
1105 1092 1170 1157 pro

60 1163 180 1251 νενρεὶα
205 1166 326 1231 dictum
349 1167 405 1246 sit,
433 1170 523 1253 quod
547 1168 691 1255 speciem
713 1168 864 1254 adjectivi
885 1168 985 1234 habet
1006 1192 1080 1234 cum
1099 1172 1170 1259 sig·

60 1268 238 1333 sificatione
262 1268 460 1335 substantiae
480 1294 509 1335 v.
533 1270 652 1335 Parall.
675 1270 749 1335 354.
773 1271 851 1335 item
872 1280 910 1334 ut
931 1271 1049 1359 νηπιέῃ
1073 1271 1168 1337 femi-

60 1371 163 1437 ninum
186 1394 259 1437 csse
282 1372 423 1437 creditur
446 1372 595 1457 adjectivi
621 1368 789 1459 νηπίειος,
836 1372 926 1456 quod
955 1393 1060 1456 genus
1083 1372 1170 1437 anti·

59 1473 170 1539 neriae
192 1473 349 1538 illustravi
370 1499 403 1561 p.
426 1474 499 1540 360.
542 1472 715 1560 Euphorio
741 1494 842 1558 quum
868 1472 1033 1537 Arcadiae
1052 1472 1169 1539 urbem

59 1575 162 1662 Νὲδην
185 1576 458 1641 transnominaret
480 1575 608 1664 Νεδέην
627 1572 774 1639 Meinelr.
796 1572 904 1637 Anall.
936 1574 1006 1639 139.
1031 1574 1169 1640 diectasi

59 1699 130 1741 usus
155 1689 206 1742 est
226 1678 315 1743 haud
336 1679 464 1743 insueta
486 1674 678 1763 pracsertim
701 1675 736 1738 in
762 1674 915 1760 propriis.
960 1670 1043 1762 Γενή
1065 1675 1172 1741 Calli·

59 1778 186 1844 machus
221 1774 242 1843 a
270 1778 445 1845 thematico
478 1779 559 1863 γένω
600 1774 755 1841 derivavit
787 1775 904 1840 eodem
936 1774 1101 1840 intellectu
1132 1787 1176 1842 ut

60 1874 153 1965 γενεή,
177 1879 242 1945 hoc
263 1902 340 1945 vero
361 1880 441 1944 EM.
465 1878 542 1955 225,
571 1878 622 1943 30.
652 1888 740 1943 reete
770 1875 859 1940 ducit
887 1899 906 1939 a
931 1885 1048 1941 neutro
1077 1876 1174 1962 γένος

59 1988 90 2040 ut
119 1971 207 2063 εἶρος
236 1978 329 2069 doda,
360 1974 451 2058 εἶδος
481 1976 567 2045 ἰδέα.
614 1979 779 2062 Κεστρὲαι
811 1970 901 2055 εἶδος
928 1973 1054 2057 ἰχθύων
1074 1978 1169 2045 suid.

60 2071 362 2145 fortasse‘sumtum
400 2097 450 2147 est
485 2103 503 2145 e
530 2078 642 2147 Schol.
672 2076 775 2143 Arist.
804 2076 915 2141 Nubb.
947 2079 1020 2143 338.
1048 2074 1109 2160 οὐχ
1137 2073 1175 2169 oi¹

62 2173 155 2243 edroi·
179 2185 253 2258 τοῖς
280 2187 470 2267 κεστρεῦσιν
498 2178 532 2247 αἱ
561 2178 730 2263 κεστρὲαι·
766 2178 885 2241 sedin
915 2175 1042 2244 Comici
1074 2200 1174 2245 versu

63 2280 210 2366 scriptum
233 2290 283 2345 est
309 2286 454 2369 κεστρᾶν
471 2281 605 2366 τεμάχη.
649 2276 811 2362 Hesychii
830 2278 923 2344 locus
941 2273 1019 2367 Ὀχή
1041 2281 1174 2368 τρώγλη
1292 2308 1303 2327 ·

58 2380 159 2468 τροφή
183 2382 405 2468 suspicionem
428 2381 565 2469 praebet
587 2381 663 2457 duo,
685 2388 722 2443 ut
743 2402 853 2466 saepe,
876 2380 1012 2445 confusa
1027 2404 1174 2447 essevo-

58 2480 169 2545 cabula
190 2483 302 2569 specie
327 2482 452 2560 similia,
471 2477 548 2568 ὀχεή
572 2492 604 2546 et
629 2474 706 2569 ὅχή·
736 2504 812 2544 nam
841 2482 933 2566 quod
953 2481 1175 2548 Ruhnkenius

59 2582 165 2665 adjicit
184 2584 280 2648 Arati
304 2584 508 2671 exemplum,
532 2581 762 2646 subtraxerunt
784 2582 925 2649 Vossius
949 2596 981 2646 et
996 2584 1176 2648 Buttman-

56 2704 113 2747 nus
138 2679 200 2769 3χή
226 2684 262 2747 id
292 2695 342 2749 est
364 2680 494 2773 τρώγλη
521 2684 556 2748 in
578 2678 655 2769 ὀχεή
678 2691 850 2747 mutantes.
894 2682 962 2747 Pro
984 2684 1175 2749 accusativo

58 2778 167 2867 εἷρέας
189 2786 273 2849 Hes.
296 2782 361 2847 Th.
385 2784 456 2848 804.
470 2783 627 2856 nonnulli
639 2782 835 2847 Criticorum
858 2783 1094 2848 substituerunt
1107 2807 1176 2850 no·-

57 2872 116 2946 tius
139 2878 245 2967 εἴρας.
291 2886 360 2953 Sed
381 2886 612 2951 inconcussum
639 2883 781 2970 perstitit
815 2876 895 2973 ὅσχη
923 2885 1013 2970 apud
1034 2886 1176 2971 Hippo·

58 2995 174 3049 cratem
197 2987 329 3072 saepius
358 2987 514 3073 scriptum
536 3007 596 3073 pro
620 2980 733 3065 ὀσχὲα.
778 2983 949 3051 Celebrior
978 2985 1094 3050 notitia
1122 2994 1178 3050 est

57 3088 222 3151 nominum
254 3088 384 3173 generis
416 3086 543 3152 neutri:
577 3084 730 3170 δένδρεον
768 3083 803 3150 ἕν
819 3088 1034 3172 -πλεονασμῷ
1065 3072 1175 3153 roo}

57 3187 260 3273 Theognost.
285 3187 366 3254 Can.
393 3188 469 3266 127,
500 3186 551 3251 19.
582 3179 665 3251 ὤεον
698 3184 733 3249 ἐν
758 3187 961 3271 πλεονασμῷ
982 3173 1183 3253 coriaria&

55 3292 111 3354 τοῦ
133 3286 204 3355 οἷον
226 3311 259 3376 p.
285 3291 363 3368 121,
396 3290 446 3354 10.
473 3310 611 3374 quorum
637 3284 730 3349 illud‘
747 3284 776 3349 si
805 3307 846 3349 ex
874 3294 979 3349 aetate
1004 3290 1184 3351 auctor-unt

58 3390 280 3468 aestimamus,
322 3389 488 3474 antiquius
519 3402 569 3454 est
597 3384 758 3470 bisyllabo
792 3386 940 3471 δένδρον,
977 3409 1006 3450 v.
1028 3388 1174 3453 Bredov.

57 3488 140 3555 Dial.
165 3491 293 3556 Herod.
318 3513 352 3576 p.
374 3491 437 3555 251
462 3512 510 3575 sq.
540 3489 676 3552 alterum
699 3485 853 3551 desciscit
875 3510 896 3549 a
919 3488 1033 3573 regula
1055 3510 1178 3553 accen·

60 3596 117 3666 tus,
143 3612 242 3674 quem
265 3591 424 3657 Technici
447 3586 688 3655 abundantibus
712 3585 990 3672 praescribuntr).
1034 3588 1075 3652 ln
1099 3591 1172 3655 He-

59 3688 140 3753 siodi
169 3712 265 3755 versu
293 3694 374 3779 τῇδε
404 3689 467 3777 γὰρ
500 3684 617 3777 ἀξυλίῃ
646 3684 859 3754 accendisse
886 3683 991 3777 κήλεα
1012 3696 1099 3775 νηῶν
1115 3690 1178 3755 Fr..

60 3787 263 3879 CCXLVH.
289 3792 317 3857 si
340 3788 467 3879 ἆξνλίη,
490 3801 527 3855 ut
549 3787 659 3857 Schol.
676 3787 730 3864 ait,
745 3786 783 3853 τὸ
796 3788 842 3876 μὴ
856 3786 1055 3875 ξυλισθῆναι
1070 3790 1179 3873 signi*

59 3887 146 3968 licat,
178 3892 258 3957 silva
287 3892 450 3957 inea'edua
477 3889 670 3957 describitur
694 3888 730 3952 in
758 3910 824 3973 qua
850 3887 933 3966 ξύλα
954 3884 1029 3973 νήια
1057 3889 1182 3975 inopia·

129 4130 156 4195 t)
167 4129 275 4185 Nomen
287 4129 400 4201 plurale
412 4136 521 4183 tanturn
535 4126 567 4182 ui
586 4122 671 4197 ἄκρεα
690 4128 726 4180 ab
746 4124 881 4179 inusitato
902 4121 930 4177 zi
952 4117 1037 4194 dapar
1055 4094 1185 4180 ductumI

59 4209 210 4269 videtur-ut
222 4214 252 4271 ui
272 4220 385 4290 μέτρεα,
408 4233 465 4284 quo
485 4220 587 4286 poetae
606 4209 750 4267 christiani
770 4216 902 4273 utuntur,
923 4208 1126 4279 ametaplasto
1143 4188 1183 4280 fd

1143 4296 1161 4331 a
1173 4297 1185 4331 ν.

56 4300 167 4368 μέτρος.

113 4386 241 4437 Lobeak,
254 4388 347 4430 Pathcl·
548 4438 550 4445 Ι
922 4376 963 4442 27
