2825 4809
255 330 329 403 410
515 337 518 345 ’
607 317 929 389 mssluls'rfflo
958 318 1024 383 111.

254 502 407 583 τίκοοτός
435 502 641 582 τίκοοταῒος,
675 503 875 590 τριαίαοοτός
908 507 1155 585 τριακοσταίος·
1185 498 1263 568 οὕτω
1291 507 1334 571 καί

254 609 480 685 πολλοοταῑος
498 602 581 691 παρ’
602 603 764 693 Εὐβούλῳ
785 604 899 688 (Com.
916 605 973 669 Fr.
985 595 1234 688 V01.'111.271.)
1247 606 1335 691 Epio.

253 711 282 775 Ι.
313 709 394 785 368,
426 708 478 773 32.
509 728 593 792 quae
621 718 773 793 repetens
798 706 911 774 Schol.
930 706 1012 772 uer.
1037 706 1121 769 Hee.
1142 706 1192 769 32.
1216 706 1336 791 adjungit

254 810 358 875 simile
390 819 603 896 praeseptum
635 807 725 875 ἔστιν
760 801 843 875 {tito
871 805 984 893 τρίτον
1010 806 1067 871 καί
1092 798 1173 877 ἄλλο
1197 813 1335 888 τριταῖον·

255 914 402 978 ἐνταῦθα
425 910 463 976 δὲ
485 916 638 995 τριταῖον
662 903 784 999 (ἦμαρ)
808 906 881 976 αἰντί
901 912 962 975 τοῦ
978 906 1089 992 τρίτον
1111 904 1252 990 λέγεται,
1274 909 1336 973 sion

254 1012 416 1079 Pallados
435 1012 539 1077 Anth.
561 1014 626 1079 IX.
650 1014 723 1078 173.
746 1010 858 1092 στίχον
887 1016 1082 1091 τεταρταῖον
1112 1008 1196 1073 dixit
1220 1031 1273 1095 pro
1296 1014 1336 1076 τί·

256 1138 390 1199 ταρτον,
414 1123 456 1190 et,
479 1115 570 1198 quod
591 1113 781 1191 mirabilius,
801 1114 943 1179 Nonnus
958 1110 1074 1177 XLII.
1095 1110 1171 1175 467.
1191 1110 1337 1193 τριοααίοι

257 1214 415 1301 Χαρίτων
437 1238 498 1301 pro
517 1220 626 1302 τριῶν.
670 1217 727 1283 Ab
748 1216 801 1281 his
822 1213 991 1300 adjectivis
1017 1211 1260 1299 temporalibus,
1283 1214 1337 1295 qui-

255 1314 318 1381 bus
338 1315 459 1381 latinus
482 1339 588 1383 sermo
611 1328 713 1394 earet,
736 1317 893 1385 differrent
911 1338 1020 1383 rerum
1039 1314 1266 1398 hominumque
1285 1314 1337 1399 epi·

254 1416 346 1483 theta
373 1418 558 1483 eommunia
586 1419 778 1503 ε’ρτμναῖος,
805 1426 975 1504 βορτιαῖος
1002 1429 1063 1483 ete.
1089 1440 1123 1482 v.
1151 1416 1261 1483 Parsll.
1283 1418 1337 1480 319.

254 1519 385 1583 Horum
415 1519 479 1583 alin
501 1542 522 1584 a
542 1520 715 1606 primitivis
736 1521 821 1585 adeo
837 1519 921 1585 nihil
943 1520 1098 1585 differunt
1119 1531 1157 1585 ut
1181 1519 1338 1606 pleonasmo

254 1618 397 1685 adsoribi
424 1622 570 1707 possint;
599 1622 654 1687 alii
682 1644 758 1689 enm
783 1622 825 1686 iis
850 1621 1043 1687 commutari
1064 1621 1207 1708 possunt
1225 1622 1274 1686 sed
1287 1642 1338 1685 non

255 1721 406 1787 omnibus
445 1722 527 1789 loeis
566 1724 655 1789 velut
689 1720 827 1810 ἆκραῖοι
870 1716 982 1805 ἷίνοχτς
1012 1724 1122 1789 -Babn
1152 1723 1232 1790 Feb.
1253 1722 1336 1789 XCV.

254 1846 288 1909 p.
312 1824 366 1889 40.
387 1823 469 1891 nihil
485 1824 594 1890 differt
614 1824 655 1892 ab
678 1821 794 1910 ι’ίνιροι,
824 1826 884 1891 sed
910 1827 990 1892 0εοὶ
1019 1822 1160 1911 ἀκραῖοι
1186 1848 1249 1891 non
1266 1820 1338 1903 ίίκροι

253 1936 420 1991 vorantur.
462 1920 649 2011 Ἐραθραία
681 1924 842 1994 θάλαττα
872 1948 973 2013 saepe
1008 1927 1129 1991 dieitur
1156 1924 1276 2014 ἐρυθρά
1297 1924 1340 1989 sed

253 2026 420 2111 quaelibet
449 2028 547 2093 rutila
580 2028 747 2109 ίραθραῖα
778 2028 867 2092 dieta
898 2050 970 2095 esse
1002 2028 1138 2095 minime
1173 2036 1288 2093 eonstat
1311 2026 1340 2090 el.

251 2128 433 2194 Bernhard.
456 2130 499 2195 ad
517 2128 619 2193 Dion.
644 2128 739 2193 1127.
761 2127 944 2213 ίρημαίους
966 2126 1141 2213 καλάμους
1160 2127 1341 2197 Anulum

251 2228 336 2295 ΧΠ.
359 2228 423 2295 hoe
445 2240 495 2295 est
515 2230 640 2308 fistula,
664 2252 763 2313 quam
782 2229 902 2313 aliquis
922 2230 959 2294 in
980 2229 1158 2295 solitudine
1183 2231 1282 2303 inflat,
1303 2229 1341 2291 rix
1376 2245 1378 2264 ²

254 2331 425 2395 eonvenist
446 2328 592 2419 ἐρήμους
613 2331 695 2407 diei3
727 2331 906 2417 Oppianus
926 2332 1004 2396 Hal.
1020 2330 1083 2398 IV.
1102 2332 1179 2396 401.
1205 2330 1342 2415 conjunxit
1376 2369 1378 2394 ι

253 2441 407 2515 tanquam
426 2452 607 2517 synonyme
622 2431 786 2510 δειλαίαις
807 2433 879 2515 ἅμα
900 2429 1026 2511 δειλός,
1043 2433 1138 2517 quod
1152 2454 1267 2497 nomen
1280 2454 1342 2496 nou·

252 2532 333 2599 nulli
360 2533 403 2598 ad
428 2554 598 2619 syncopen
627 2541 785 2597 revocant
812 2556 842 2598 v.
865 2557 894 2600 o.
913 2535 956 2600 V.
982 2537 1009 2618 ξ.
1031 2534 1063 2599 3.
1094 2534 1155 2599 sed
1182 2534 1342 2621 plerumque

253 2634 416 2701 differunt.
437 2670 477 2683 --
514 2634 682 2721 singulos·
702 2633 829 2699 ratione
850 2656 870 2698 a
894 2635 968 2711 νέος
993 2634 1175 2699 derivatum
1196 2638 1343 2715 est'reipoc
1376 2641 1378 2702 i

253 2746 286 2801 et
305 2742 415 2822 ντῖρα,
439 2758 537 2819 quam
560 2738 728 2801 Homerus
747 2733 894 2818 γαστέρα
914 2732 1066 2818 νείαιραν
1090 2746 1192 2801 vocat
1211 2758 1230 2799 a
1249 2735 1305 2799 situ
1318 2742 1344 2795 ut

251 2832 375 2922 euripo
398 2846 431 2902 et
452 2858 538 2921 quae
560 2836 651 2923 aprid
674 2836 881 2921 Hesyohium
899 2836 1055 2958 leguntur
1079 2836 1216 2919 Υοτρία
1236 2834 1343 2908 νεολαία,

241 2934 383 3021 Ὓστρας
404 2934 546 3053 γαστήρ,
560 2933 703 3022 ’Όδαρος
725 2938 867 3022 (utems)
889 2937 1016 3024 γαστήρ
1037 2961 1069 3002 v.
1090 2938 1214 3004 Parall.
1230 2935 1344 3003 3071
1376 2957 1378 3040 }

253 3039 389 3105 diversis
411 3038 581 3124 principiis
602 3040 750 3124 profesta
771 3049 849 3104 sunt
869 3037 1058 3122 aperireque
1078 3050 1113 3103 et
1132 3036 1378 3142 ιτροιίοιίτεροι,Ι

252 3134 413 3225 ὀψίτερος
438 3150 472 3204 et
500 3134 714 3225 ὀψιαίτερος,
745 3163 784 3207 ae
810 3142 838 3206 si
867 3139 1109 3227 geutilieiorum
1130 3140 1284 3209 nonnulla
1301 3109 1378 3206 dol

252 3240 372 3327 plieem
399 3238 658 3307 terminationem
685 3230 887 3309 hebent-—
827 3268 883 3321 τος
904 3254 939 3309 et
961 3266 1069 3321 αιεας,
1099 3252 1137 3307 ut
1157 3239 1304 3326 Πατρτίς
1322 3245 1345 3299 tl
1376 3209 1378 3316 l

252 3338 465 3423 Harpessos,
505 3341 680 3427 Σναρφτύς
714 3354 748 3409 et
772 3341 1006 3432 Σκαρφαιενς,
1041 3343 1378 3442 diphthonguemou
1376 3395 1378 3426 ,

252 3443 452 3533 extrinsecus
467 3442 597 3525 adjecta
615 3444 674 3509 sed
691 3468 711 3509 a
725 3444 857 3511 nomine
875 3468 1047 3531 paragoge
1066 3445 1214 3511 derivata
1227 3442 1344 3512 videm
1376 3491 1378 3494 -

251 3680 329 3750 qued
351 3678 485 3751 seriptum
504 3684 548 3733 est
568 3680 649 3734 Dem.
668 3694 692 3732 α.
711 3678 782 3732 Min.
803 3680 864 3743 sse,
883 3681 923 3734 10.
943 3682 974 3755 τῇ
993 3681 1049 3751 μὲν
1061 3686 1221 3754 προτεραίᾳ
1237 3673 1343 3747 (ἑταίρα.)

250 3758 281 3839 τῇ
298 3765 331 3819 δὲ
348 3762 488 3837 ὑστεραίᾳ.
525 3764 657 3819 Seorsum
675 3768 706 3836 τῇ
724 3768 845 3838 προτέρᾳ
862 3763 953 3837 ἡμέρᾳ
970 3766 1060 3822 Theo
1073 3767 1109 3821 V.
1123 3770 1165 3821 75.
1185 3768 1259 3839 quod
1273 3764 1343 3816 Kree·
1376 3830 1378 3842 Ι

248 3868 333 3921 geres
352 3859 430 3907 reete
447 3858 556 3919 tuetur;
575 3866 628 3922 pro
645 3847 695 3919 τὴν
710 3856 882 3924 προτεραίαν
895 3850 978 3907 νύκτα
989 3853 1064 3908 Xeu.
1075 3853 1139 3924 (lyr.
1147 3852 1197 3910 lv.
1208 3856 1234 3916 2,
1242 3852 1265 3904 3.
1279 3847 1342 3902 eodo

249 3935 360 4009 aliquot
376 3936 552 4011 probabilius
569 3940 717 4009 προτέραν,
733 3936 821 4008 idque
835 3938 927 3992 solum
940 3945 1036 4010 aptum
1048 3946 1093 3993 est
1107 3938 1266 3994 nominibus
1277 3931 1344 3988 aete

248 4042 328 4090 num,
347 4042 435 4097 quare
453 4024 562 4078 Herod.
575 4020 628 4076 IX.
643 4023 668 4076 3.
687 4040 746 4077 non
763 4018 780 4091 ἡ
799 4020 928 4094 ὑστεραίῃ
947 4031 1076 4098 στρατηίη
1093 4024 1240 4097 scripsisse
1255 4022 1344 4073 videtur

247 4112 297 4163 sed
315 4112 394 4182 quod
413 4110 496 4165 codd.
515 4110 654 4181 praebent
672 4105 770 4179 ὑστέρη
788 4110 826 4163 of.
842 4109 986 4165 Sohaeser.
1005 4112 1044 4165 ad
1059 4110 1142 4167 Dem.
1161 4110 1198 4163 T.
1211 4109 1247 4163 IL
1258 4106 1345 4159 ittet

247 4195 276 4249 in
295 4195 428 4250 Aeschin.
441 4195 515 4249 Fals.
530 4196 594 4255 ³55,
610 4193 667 4246 123.
689 4195 721 4247 lv
739 4200 771 4267 τῇ
794 4201 914 4267 προτέρᾳ
937 4202 1117 4267 πρεσβείᾳ-
1129 4200 1160 4269 τῇ
1182 4194 1216 4249 st
1236 4190 1345 4261 ὑστεραία

242 4278 308 4349 jure
326 4280 480 4351 repositum
499 4287 543 4333 est
561 4277 672 4350 ὑστέρᾳ.
