2825 4809
147 362 195 425 uu
211 344 467 425 PROSTHESI
485 356 547 423 uu
568 356 833 423 uruuuusu
867 332 906 421 c.
922 355 950 421 1.
983 359 1009 441 s.
1023 356 1052 421 1.
1104 362 1150 433 rt

93 550 139 613 sive
157 539 283 625 σχελίδες
309 540 346 604 id
373 549 423 605 est
452 539 596 605 furcillae
619 539 788 617 bicornes,
822 538 940 625 quibus
971 539 1150 626 piscatores

93 648 146 714 retis
161 641 290 711 siccanda
312 641 489 719 sublevant,
513 641 634 707 similes
655 641 754 707 furcis
768 664 959 708 cancrorum
976 642 1044 707 sive
1059 645 1152 709 stelit

92 747 181 815 ethius
196 744 324 811 fortasse
345 766 464 810 nomen
486 744 634 820 sortitee;
661 744 762 830 vulgo
789 754 898 809 autem
918 741 1071 821 στάλικες
1091 766 1151 829 ap·

90 850 214 938 pellantur.
234 885 273 897 -
303 844 553 915 Choerobosous
583 845 663 913 Can.
691 845 766 913 305.
808 846 888 911 ΕΜ.
911 844 985 922 160,
1005 844 1034 909 7.
1057 842 1153 933 παρά

89 952 113 1017 ιὰ
128 954 187 1017 susi
206 947 323 1032 γίνεται
345 942 482 1026 σπάλαξ
502 946 558 1013 καὶ
580 948 781 1035 πλεονασμῷ
800 942 960 1025 ἀσπάλαξ
977 943 1034 1011 καὶ
1051 969 1153 1027 μετα·

87 1052 152 1119 θέσει
171 1044 317 1137 tastis}
326 1050 367 1127 ³),
390 1048 482 1131 cujus
501 1047 605 1113 forma
620 1048 719 1115 attica
736 1044 874 1131 σκάλοψ
893 1045 993 1111 verbo
1019 1041 1152 1113 σκάλλα

88 1172 195 1217 connexu
212 1150 306 1215 iidem
331 1149 407 1215 facit
428 1148 623 1240 bisyllabum
648 1148 690 1213 ab
719 1147 846 1234 origine
867 1148 1005 1234 propius
1026 1144 1152 1211 abesse.

86 1255 114 1319 lit
134 1252 165 1317 ab
189 1252 301 1317 eodem
327 1248 428 1317 σπάιυ
456 1250 599 1317 derivata
627 1262 703 1315 sunt
721 1244 898 1316 ’Άσιταλον
925 1253 1046 1325 σκῦτος
1068 1248 1151 1313 Hes.

87 1354 147 1436 quod
167 1352 298 1420 Vossius
325 1362 403 1438 apte
432 1374 506 1417 cum
534 1349 664 1419 σπάσον
686 1354 767 1419 cutia
788 1348 958 1415 contendit
978 1371 1009 1412 v.
1033 1347 1153 1413 Parall.

85 1478 105 1539 p.
121 1454 159 1519 80.
182 1452 332 1541 σπαίρειν
361 1464 394 1517 et
421 1451 624 1519 homericum
643 1448 822 1537 ἀσπαίρειν
843 1474 873 1517 v.
897 1448 1057 1515 Technol.
1081 1449 1153 1515 134.

86 1548 197 1631 άιοαλος
215 1550 311 1636 ἰχθύς
329 1556 411 1621 Hes.
435 1555 502 1621 sive
523 1554 587 1621 hoc
608 1554 670 1618 luit
690 1552 830 1640 piscium
850 1574 970 1619 nomen
990 1550 1153 1637 generale,

84 1655 142 1719 unde
159 1649 335 1733 iocularis
356 1655 466 1735 fluxit,
490 1656 557 1722 sive
579 1655 749 1743 proprium
772 1655 841 1739 ejus
862 1653 919 1739 qui
939 1649 1073 1740 σπάρος
1092 1673 1153 1737 ap·

84 1756 196 1841 pelatur3
217 1766 382 1842 postremo
406 1753 610 1835 ἇσπάλαθος
633 1750 768 1823 άκανθα
790 1756 886 1840 παρὰ
907 1752 945 1819 τὸ
967 1757 1058 1841 σπᾷν
1072 1750 1153 1817 ΕΜ.

83 1857 117 1919 cui
131 1857 302 1943 appositum
322 1870 373 1925 est
393 1855 601 1947 σφαλάσσειν
624 1879 772 1943 pungere
793 1879 824 1921 v.
847 1855 973 1923 Techn.
994 1854 1069 1919 247.
1097 1850 1153 1919 Ab

86 1957 164 2021 eodem
188 1964 262 2025 σπιῦ
291 1958 508 2043 (σπαράσσειν)
538 1958 697 2043 originem
727 1958 818 2023 ducit
839 1952 1037 2043 ἀσπάραγος
1058 1957 1096 2023 τὸ
1119 1957 1157 2037 ἐξ

86 2053 198 2125 luscos
226 2057 395 2147 φυόμενον
421 2056 524 2145 τραχύ
551 2060 633 2125 Ηεε.
682 2057 772 2125 Hinc
799 2054 975 2142 σπάραγος
1004 2078 1097 2127 camo
1120 2055 1156 2125 in

84 2158 504 2248 01οσε.εῐὲλειοσπάραγον,
527 2156 812 2247 ἇγριοσπάραγον.
861 2158 916 2225 Ι)ε
938 2156 1156 2242 ἀσπάζεσθαι

81 2260 169 2339 dubito,
189 2262 248 2329 etsi
271 2260 387 2327 Corsis
410 2262 453 2327 ad
472 2262 608 2327 Heliod.
632 2260 703 2327 175.
724 2271 870 2325 veterum
889 2260 1082 2327 sententiam
1102 2284 1155 2327 se·

81 2362 165 2444 quitur.
184 2402 223 2411 -
236 2358 444 2447 'itunlpvovl
467 2361 499 2430 oi
523 2365 559 2430 δὲ
581 2360 753 2449 σπλήνιον,
776 2359 914 2444 δύναμιν
935 2360 1003 2445 ἔχει
1023 2364 1157 2450 σπλῆνα

79 2460 157 2547 τήκειν
175 2464 289 2531 Diosc.
319 2464 403 2529 Mat.
431 2462 495 2529 IIP.
525 2486 552 2529 c.
587 2462 659 2529 151.
710 2461 797 2528 Cum
823 2460 958 2550 φάρυγξ
982 2473 1157 2551 cognatum

79 2572 111 2625 est
126 2562 288 2650 σφάραγος
311 2564 378 2629 sive
403 2558 616 2651 ἀσφάραγος,
648 2563 700 2631 cui
722 2564 933 2629 Herodianus
964 2587 1017 2651 ap.
1037 2566 1155 2633 zonat.

79 2686 99 2747 p.
116 2666 175 2731 303.
196 2666 296 2752 alpha
318 2664 554 2753 pleonastieum
581 2664 694 2730 tribuit
714 2690 744 2731 v.
764 2666 867 2731 Proll.
886 2666 960 2731 303.
1003 2665 1156 2732 Praeter·

77 2764 143 2831 mitto
166 2766 288 2856 σπιδής
315 2777 353 2831 et
385 2763 545 2852 ἀσπιδής,
575 2768 666 2851 quod
685 2767 743 2853 qui
764 2768 1000 2853 praetulerunt,
1030 2766 1072 2833 ab
1093 2768 1156 2834 alio

78 2867 203 2955 principio
223 2868 434 2935 arcessivisse
451 2867 612 2947 videntur,
636 2879 668 2935 et
685 2891 868 2956 pronomen
886 2870 1045 2935 aeolicum
1062 2894 1157 2957 ασφι,

76 2962 147 3055 irps.
173 3010 210 3023 ·-
244 2970 360 3036 Tertio
388 2978 462 3037 ante
489 2994 544 3037 oc:
573 2964 733 3054 άσταχυς,
760 2968 919 3060 ἀσταφίς,
941 2965 1114 3059 άστεροπή
1126 2977 1158 3057 ⁴)

77 3064 269 3158 ιἰοτράβηλος,
298 3084 472 3157 utrumque
501 3094 520 3135 a
551 3072 686 3157 στρέφοι
708 3072 797 3139 uude
814 3070 990 3156 στράπτεν,
1012 3071 1158 3159 στραβός
1202 3083 1207 3091 ’

76 3182 224 3241 transuerso
238 3186 342 3251 tueor,
366 3169 515 3261 ἅστράβη
529 3172 726 3261 ephippium
738 3172 1012 3251 transversarium,
1035 3168 1159 3261 ὀστρά-

76 3274 148 3353 γολος
165 3275 315 3343 vertebra
334 3299 364 3343 v.
387 3274 512 3341 Techn.
533 3276 586 3341 41.
607 3285 640 3341 et
661 3276 725 3341 elia
743 3297 828 3363 quae
851 3274 887 3341 in
904 3275 1006 3341 Proll.
1026 3274 1089 3341 140
1107 3297 1157 3361 sq.
1233 3268 1244 3289 ’

122 3544 143 3615 3)
154 3546 206 3603 Pro
234 3540 408 3603 άσπαλάνων
431 3544 512 3602 Paua.
537 3543 599 3603 VII.
622 3548 665 3612 24,
688 3546 713 3603 7.
752 3546 846 3618 Mosq.
864 3556 894 3603 et
910 3546 976 3604 Ald.
996 3546 1158 3621 σφαλάκων,

75 3634 129 3697 quod
144 3634 316 3689 Schubartus
333 3633 470 3705 probavit,
489 3632 537 3687 alii
558 3629 739 3705 ἀσφαλάνων.

121 3718 146 3786 l)
159 3719 230 3774 Plst.
245 3720 323 3775 Crat.
337 3722 398 3775 400.
417 3720 448 3775 C.
462 3714 586 3789 ἀστραπή
600 3722 708 3789 λέγεται
722 3716 763 3774 ὅτι
775 3707 926 3782 tolerinus
936 3724 1064 3794 sarpta,
1081 3720 1106 3779 si
1117 3722 1159 3782 sio

76 3800 162 3858 dixisset
173 3804 212 3859 ὅτι
223 3810 374 3879 στρέφεται
386 3809 434 3859 καὶ
446 3802 562 3875 στρεπτοὶ
574 3807 639 3873 ἐστι,
652 3804 772 3861 ridendo
782 3823 879 3861 verum
888 3805 1007 3863 dixisset
1015 3826 1041 3863 ν.
1050 3807 1158 3865 Testis

76 3886 103 3939 ll.
126 3888 234 3961 Proprie
263 3892 399 3961 loquutus
421 3899 464 3945 est
480 3891 616 3947 Pindarus
633 3892 715 3947 Nem.
734 3892 787 3947 IX.
806 3894 849 3945 tt.
875 3891 1031 3967 ἀστεροπὴν
1050 3896 1157 3956 tulate.

76 3970 147 4029 Orion.
170 3995 198 4047 p.
222 3979 265 4042 17,
291 3978 334 4033 23.
354 3973 506 4050 ἀσιεροπιὴ
528 3976 588 4033 κατ’
617 3975 759 4047 ἀποβολὴν
782 3980 830 4032 τοῦ
851 3966 1032 4054 ἷάσιερσπή.
1067 3977 1160 4051 Olim

74 4051 209 4127 Ἡρωδιανὸς
224 4064 258 4117 ἐν
281 4065 319 4133 τῷ
335 4066 399 4136 περὶ
418 4066 527 4131 παθῶν,
545 4066 624 4134 quod
641 4066 695 4121 hoo
713 4072 829 4119 auctore
841 4062 996 4134 iudignum
1027 4063 1159 4118 Ceterum

76 4144 180 4202 extribus
198 4148 380 4220 appellativis
399 4144 539 4222 κεραυνός,
559 4146 685 4221 στεροπή,
703 4146 811 4221 βροντή,
832 4152 1029 4205 confictasunt
1040 4146 1159 4203 totidem

76 4226 246 4289 fabricatorum
270 4230 507 4306 nomina’iipypc,
530 4231 677 4307 Σιερόπης,
699 4232 829 4309 Βρόντης
851 4254 915 4291 nam
931 4234 1036 4289 fulmen
1058 4232 1160 4291 dicitnr

76 4308 137 4385 iltis
150 4318 298 4395 κεραυνός,
315 4320 431 4393 Jupiter
447 4321 607 4392 fulgurator
624 4318 829 4397 ἀργινέραυνος.
