2825 4809
159 344 226 417 nn
246 345 518 418 rmsrnnsr
535 345 599 418 nr
621 307 898 420 scamnum.
922 345 961 418 o.
973 346 1001 416 1.
1024 349 1049 438 ς.
1060 346 1092 418 4.
1123 351 1199 434 557

88 556 160 601 esse
181 557 242 622 pro
264 532 357 621 χοροὶ
377 529 477 624 μάχη.
520 537 691 622 Frequens
713 559 790 604 vero
818 546 869 603 est
892 545 926 603 et
953 536 1115 624 periacilis
1138 538 1198 606 da·

88 637 144 702 tivi
170 636 345 722 singularis
374 660 449 705 cum
476 639 644 724 adjectivis
671 638 854 726 copulatio:
885 634 996 725 ὥςπερ
1024 638 1119 724 παρὰ
1141 643 1199 728 τὴν

76 729 171 826 Ἄρηι
193 737 327 826 δοτικὴν
348 736 475 824 γίνεται
496 734 690 830 ἀρηίφιλος,
715 737 802 808 οὕτω
825 737 919 826 παρὰ
941 737 980 806 τὸ
1004 738 1067 806 Διί
1088 740 1197 829 deips-

85 839 143 916 λος
162 839 243 904 EM
271 838 352 916 275,
380 839 411 904 6.
446 834 625 928 ἀρηΐφιλος
653 836 699 918 ὡς
727 837 937 928 χειρίσοφος,
974 836 1196 925 δουρίκτητος,

86 937 312 1026 δοτρίκλοιτος
332 964 365 1026 p.
381 940 453 1018 139,
472 941 524 1006 53.
567 943 698 1008 Horum
720 941 860 1027 primum
881 940 909 1004 si
931 940 1198 1026 andronymicum

85 1051 135 1104 est
161 1041 243 1124 (quo
264 1042 431 1110 Homerus
455 1064 522 1109 non
547 1043 661 1128 utitm)
690 1042 800 1108 divelli
827 1041 917 1108 nullo
950 1042 1048 1108 modo
1078 1052 1197 1128 potest,

86 1140 145 1206 sed
162 1143 356 1226 adjectivum
379 1167 512 1228 quoque
532 1167 600 1209 non
620 1144 713 1212 aliter
734 1142 884 1208 scribitur
907 1165 1004 1228 quam
1023 1138 1197 1231 ἀρηίθοος.

84 1241 151 1307 Pro
175 1244 240 1308 Δι’ὶ·
261 1244 361 1332 φίλος
382 1245 553 1312 Bekkerus
574 1245 725 1333 ὸιΐφιλος
752 1244 879 1330 posuit,
913 1244 1003 1330 quod
1026 1243 1095 1328 jam
1120 1243 1198 1310 olim

87 1354 234 1411 suaserat
254 1344 448 1432 Spitznerus
478 1348 520 1412 de
541 1348 635 1414 Vere.
657 1344 740 1410 Her.
760 1347 813 1412 43.
843 1357 979 1432 propter
1005 1346 1196 1432 productio-

84 1467 159 1512 nem
195 1448 470 1534 antepenultimas
505 1448 566 1516 sed
604 1459 723 1533 postea
755 1447 898 1514 deseruit
931 1458 1057 1512 retenta
1090 1458 1198 1514 tomen

85 1548 183 1614 codd
204 1550 435 1636 nonnullorum
455 1549 616 1637 scriptura
636 1550 698 1635 νέῳ
720 1542 964 1637 ἀρηικταμένφ,
989 1549 1079 1634 quod
1101 1549 1196 1618 Wol-

84 1650 147 1714 fius
168 1649 191 1715 l.
214 1673 243 1716 c.
268 1652 488 1718 necessarium
517 1675 590 1718 esse
615 1651 706 1716 ducit
736 1672 778 1716 ne
806 1650 879 1735 quis
903 1650 1081 1735 significari
1104 1661 1198 1737 putet

83 1753 187 1819 Morti
207 1757 320 1819 occiso.
363 1753 433 1820 Sed
447 1753 512 1820 hoo
532 1752 654 1820 nemini
671 1753 707 1818 iu
726 1763 867 1816 mentem
887 1752 996 1818 venire
1018 1763 1128 1838 potest
1137 1775 1196 1818 ne-

84 1874 149 1936 que
180 1867 248 1916 tam
273 1854 483 1940 scrupulosos
516 1855 616 1920 fuisse
642 1865 768 1920 veteres
799 1863 937 1940 apparet
967 1875 986 1918 e
1017 1853 1127 1922 Schol.
1156 1854 1196 1920 ΙΙ.

81 1953 187 2020 XXI.
213 1954 288 2020 301.
315 1953 432 2038 τεύχεα
464 1957 526 2022 tot·
552 1954 721 2039 κταμένων
750 1953 875 2042 αἰζηῶν
890 1990 932 2004 ·-
948 1945 1084 2037 ἄμεινον
1111 1953 1196 2021 κατὰ

81 2052 242 2122 διάλυσιν
263 2051 309 2134 ὡς
338 2047 415 2144 dopo
439 2055 623 2141 κταμένων·
651 2053 747 2124 οὐδὲν
774 2054 836 2141 γὰρ
857 2055 960 2124 πλέον
983 2053 1021 2119 ἐκ
1040 2060 1099 2142 τῆς
1119 2079 1196 2124 σνν-

78 2153 226 2234 stocos.
257 2157 300 2224 Id
319 2168 427 2222 tamen
448 2158 491 2222 ad
510 2158 593 2222 illud
612 2157 720 2222 minus
743 2155 911 2232 convenit3
935 2153 1098 2240 synthesis
1112 2154 1198 2222 enim

79 2255 148 2322 hoc
178 2259 343 2324 commodi
371 2259 467 2324 affert
496 2270 533 2324 ut
566 2257 736 2345 epitheton
764 2257 981 2342 distinguatur
1007 2279 1027 2322 a
1053 2257 1196 2343 genitivo

79 2358 237 2426 absoluto
259 2382 326 2445 quo
350 2360 494 2443 Quintus
516 2362 616 2426 utitur
638 2360 695 2428 lV.
714 2358 767 2426 29.
790 2363 846 2426 νῦν
870 2354 901 2424 d'
922 2353 986 2426 oto
1008 2357 1198 2446 φεύξεσθαι

66 2454 231 2542 Ἀχαιοὺς
250 2463 312 2529 δαῒ
332 2462 495 2546 κτομένοο
509 2458 677 2550 Ἀχιλῆος,
700 2460 758 2528 ubi
777 2481 950 2546 perperam
971 2460 1127 2545 scriptum
1148 2469 1199 2526 est

79 2561 308 2646 ὁαὶτταμένοο
333 2563 428 2648 quasi
456 2563 625 2650 epitheton
646 2573 734 2630 esset
761 2573 798 2626 ut
825 2562 850 2628 l.
872 2561 945 2626 630.
976 2571 1009 2624 et
1030 2558 1101 2626 Vll.
1125 2561 1196 2628 155.

77 2658 131 2740 ὡς
153 2660 302 2740 eobano
323 2664 546 2752 dahtsops'vpv
572 2664 622 2732 ἑνὶ
643 2659 755 2752 χάρμῃ
783 2674 817 2733 et
837 2663 947 2730 Noun.
972 2657 1101 2728 XXttl.
1125 2663 1196 2729 117.

77 2765 317 2847 δαϊκταμένων
338 2759 441 2852 φόνος
461 2759 580 2832 Ἰνδῶν.
633 2763 672 2830 ld
693 2774 802 2832 autem
824 2763 968 2850 disjungi
987 2762 1101 2848 nequit
1121 2764 1199 2848 quia

75 2865 227 2936 Nonuus
248 2863 388 2951 simplici
413 2865 474 2932 cat·
491 2887 560 2932 non
580 2865 690 2932 utitur.
726 2861 930 2955 Ἀρηίφατος
953 2876 986 2930 et
1016 2887 1100 2950 quae
1122 2877 1199 2953 post

75 2968 268 3033 Homerum
289 2967 493 3033 invaluerunt
514 2962 711 3055 doctoratus,
733 2967 915 3055 κηρίφατος
936 2989 957 3030 a
981 2966 1198 3052 disjunctione

75 3068 398 3153 vindiostadjectivi
415 3065 524 3157 φατός
542 3069 727 3148 insolentia,
754 3069 844 3153 quod
864 3069 1002 3134 fortasse
1024 3091 1065 3134 ne
1085 3071 1197 3158 Hesy-

77 3169 180 3236 chius
202 3170 335 3254 quidem
355 3169 478 3236 invenit
498 3171 558 3236 sed
577 3193 619 3236 ex
638 3170 803 3236 homerico
824 3165 1010 3259 ἆρηίφατος
1021 3171 1200 3258 exsculpsit

79 3269 201 3340 Φατοί
227 3275 417 3349 τεθνεῶτες.
475 3271 570 3337 Idem
605 3272 781 3344 dicendum
820 3280 871 3336 est
901 3271 942 3338 de
980 3273 1198 3360 δοΐσφαλτος.

77 3373 192 3454 Quod
221 3374 401 3448 secundum
429 3372 464 3438 in
490 3373 547 3438 illa
575 3374 799 3458 synthetorum
825 3373 1065 3441 enumeratione
1091 3374 1199 3442 locum

77 3476 215 3543 obtinet
232 3476 437 3564 χειρίσοφος,
458 3474 644 3542 Scholiasta
652 3475 754 3542 Dion.
777 3499 810 3562 p.
828 3475 901 3540 684.
921 3485 1000 3543 uota
1020 3477 1200 3543 connexius

77 3578 212 3666 signari
226 3577 324 3662 jubet
350 3599 393 3642 ne
417 3576 569 3642 audiatur
590 3577 676 3664 χειρὶ
703 3573 826 3663 σοφός,
858 3577 918 3640 sed
946 3586 1111 3645 auctorem
1132 3601 1200 3646 nou

78 3678 202 3746 subdit
225 3701 333 3765 neque
353 3677 449 3744 nobis
468 3677 610 3744 innotuit
631 3687 760 3764 praeter
781 3679 951 3764 proprium
971 3676 1197 3767 Χειρίσοφος·

77 3805 163 3848 nam
187 3780 222 3844 in
246 3781 388 3846 Lucian.
409 3779 507 3844 Rhet
533 3780 649 3846 Praeo.
677 3783 704 3865 ς.
729 3780 779 3845 17.
823 3779 1028 3848 Jacohitzius
1056 3802 1074 3846 e
1101 3779 1198 3846 codd.

78 3883 193 3951 edidit
211 3879 412 3970 χειρόσοφος
434 3881 632 3966 omninoque
658 3881 713 3947 hic
744 3879 871 3948 dativus
899 3904 967 3948 non
994 3881 1200 3967 componitur

80 4009 161 4053 cum
188 3983 323 4070 integris
353 3983 413 4047 sed
440 3983 618 4070 apponitur
644 3981 742 4046 utin
768 3982 856 4048 Plut.
886 3984 927 4050 V.
958 3981 1053 4049 Galb.
1081 3982 1198 4050 XXV.

81 4084 209 4164 ὁθιὸς
232 4079 332 4153 αὐτὸν
352 4083 439 4166 χειρὶ
463 4085 592 4169 ληπτὸν
613 4082 807 4169 παρέδωκε,
832 4084 921 4168 quod
941 4083 1132 4147 Herodotus
1156 4084 1198 4150 V.

82 4187 160 4253 106.
185 4185 347 4274 expressit
370 4184 562 4270 trisyntheto
588 4183 814 4269 ἐγχειρίθετον
833 4184 1055 4270 παραδοῦναι.
1094 4183 1198 4248 Prae-

82 4299 255 4379 ponuntur
275 4310 351 4354 vero
377 4285 432 4373 alii
456 4283 755 4368 monosyllahorum
778 4281 878 4349 dativi
899 4296 968 4349 tum
989 4283 1198 4380 substantivis
