2825 4809
78 301 80 307 ⁴
126 345 183 418 on
199 341 466 414 anatramsr
483 341 546 412 nn
565 340 841 414 scamnum.
864 339 962 420 cn.
981 345 1006 431 a.
1014 338 1046 410 4.
1072 339 1147 428 oro
1224 316 1227 320 ’

63 537 181 621 Dionys.
206 534 295 598 Antt.
316 530 382 596 XI.
407 531 459 597 20.
486 541 519 598 et
547 532 600 612 aii.
627 555 657 598 v.
681 530 818 600 Jacobs.
844 531 889 597 ad
913 531 988 598 Ael.
1017 553 1051 618 p.
1076 531 1147 599 158.

60 639 179 709 Bredov.
202 635 240 699 de
260 633 348 699 Dial.
370 633 496 699 Herod.
518 655 551 720 p.
563 633 626 700 279
646 656 694 719 sq.
717 633 826 699 differt
846 655 867 698 a
889 633 1049 723 declinato
1071 636 1148 704 τέο·
1213 712 1216 724 Ι
1255 652 1259 681 ¹

61 762 145 824 σαρες
163 737 216 802 καὶ
238 736 319 803 δέκα
340 739 415 824 νῆες
434 736 564 802 Andoc.
588 736 630 832 de
651 737 736 802 Red.
759 759 793 823 p.
806 737 860 813 22,
881 737 933 803 21.
957 737 1047 822 quod
1067 736 1148 804 Pol·
1196 793 1199 800 .

58 843 104 908 iux
121 840 145 904 I.
166 837 215 903 55.
238 836 298 903 sub
320 857 386 904 uno
408 849 544 904 accentu
566 838 663 905 scribi
685 839 781 923 jubet
800 838 860 904 sed
880 838 969 903 idem
989 837 1150 906 dirimitur

59 945 85 1007 in
102 943 174 1026 Lys.
197 940 256 1006 Or.
280 939 383 1022 XIX.
407 940 478 1017 156,
499 942 552 1006 47.
577 951 609 1006 et
635 941 707 1006 aliis
734 941 817 1006 iocis
831 940 888 1005 sad
910 939 990 1005 Phr.
1011 941 1076 1005 408
1097 963 1146 1026 sq.

57 1041 214 1128 designatis
236 1063 297 1107 nec
318 1065 391 1108 raro
412 1042 580 1106 invertitur
602 1043 681 1110 δέκα
702 1042 760 1109 καὶ
778 1041 935 1124 τέτταρες
951 1038 1089 1108 Aristot.
1101 1043 1147 1110 H.
1264 1060 1266 1069 ·

52 1137 127 1210 'dnn
147 1144 216 1209 lx.
231 1144 262 1209 9.
285 1167 319 1231 p.
329 1144 403 1209 596.
419 1167 449 1208 a.
472 1144 501 1208 8.
520 1141 724 1224 Ἑκκαίδεκα,
745 1144 835 1228 quod
857 1144 947 1230 apud
967 1145 1149 1210 Homerum

53 1271 107 1312 non
120 1246 235 1333 legitur
249 1245 314 1310 nisi
330 1247 547 1333 compositum
563 1242 866 1332 ἓκκαιδεκσίδωρος,
885 1246 1019 1311 diastasi
1037 1247 1149 1312 eximit
1228 1319 1243 1344 s

54 1349 221 1417 assimilatio
251 1371 432 1426 consonae3
465 1347 599 1414 dissolvi
624 1355 735 1433 potest
759 1369 828 1412 non
854 1347 1083 1426 assimilatum,
1112 1346 1150 1428 (ἐξ

51 1453 98 1517 καὶ
123 1453 216 1530 δέκα,
253 1451 344 1535 quod
370 1449 491 1516 Atticis
523 1472 696 1537 perperam
725 1447 838 1514 tribuit
866 1449 978 1516 Schol.
1006 1450 1147 1516 Lucian.

51 1554 144 1618 Prom.
171 1555 196 1637 ξ.
218 1553 271 1618 20.
298 1577 331 1640 p.
354 1552 406 1616 55.
432 1552 472 1617 Τ.
495 1552 556 1620 IV.
584 1553 636 1617 ed.
662 1549 780 1620 Jacob.
809 1550 847 1632 ἓξ
873 1552 929 1618 καὶ
956 1550 1037 1618 δέκα
1062 1542 1150 1633 sd}

49 1650 174 1731 ἆττικαῖς
203 1652 402 1742 ἐφυλάχθη·
425 1643 518 1721 οὗτοι
545 1652 608 1741 γὰρ
635 1651 692 1720 ἐπὶ
717 1657 776 1739 τῆς
798 1657 865 1717 τῶν
891 1645 1044 1739 ἀριθμῶν
1069 1677 1147 1720 συν-

49 1754 161 1830 δέσεως
184 1751 242 1819 τοὶ,
255 1754 333 1841 τέλη
356 1754 559 1843 φυλάττουσι
584 1758 648 1819 τῶν
670 1748 803 1819 ἁπλῶν·
832 1751 896 1820 hoc
919 1753 1007 1818 enim
1027 1753 1065 1820 fit
1087 1755 1147 1820 ad·

44 1853 169 1937 jectivis,
198 1877 287 1940 quae
314 1878 358 1922 ex
379 1854 537 1920 numerali
565 1865 610 1920 et.
624 1853 827 1920 substantivo
854 1854 1038 1941 composita
1061 1866 1147 1935 sunt,

48 1955 251 2042 σεντέμηνος,
273 1953 466 2041 ἑξμέδιμνος
482 1967 543 2023 etc.
562 1957 727 2022 numerale
747 1965 857 2020 autem
874 1977 942 2020 non
959 1956 1149 2024 distrahitur

45 2056 95 2120 nisi
115 2057 238 2123 omissa
262 2058 381 2145 copula
408 2056 446 2139 έξ
469 2059 566 2138 δέκα,
599 2058 786 2144 quodcum
807 2056 966 2123 similibus
988 2059 1149 2146 τέσσαρες

45 2159 126 2238 δέκα,
159 2161 264 2228 πέντε
293 2159 374 2226 δέκα
405 2160 524 2246 legitur
552 2160 586 2224 in
614 2159 718 2224 Insor.
746 2160 943 2226 Tauromen.
971 2182 1001 2225 v.
1027 2161 1147 2228 Franz.

41 2260 143 2346 Epigr.
166 2261 211 2326 N.
237 2262 290 2327 87.
314 2259 386 2327 001.
408 2263 454 2328 11.
466 2262 534 2326 :lim
557 2263 588 2339 3,
612 2262 662 2327 13.
685 2270 720 2326 et
740 2262 791 2339 17.
813 2285 846 2347 p.
868 2262 996 2326 227.-
1020 2257 1147 2331 'Evoca-

43 2359 167 2428 καίδεκα
185 2357 252 2452 ὑφ’
274 2361 327 2429 έν·
350 2359 538 2451 Πάμφιλος
555 2363 592 2431 δέ
609 2359 658 2439 εἰς
676 2363 752 2449 τρέα
773 2363 912 2453 διῄρησε
932 2362 1015 2453 μέρη
1034 2364 1146 2433 schol.
1228 2406 1230 2413 ·

39 2461 72 2526 Il.
83 2463 215 2532 XXIV.
232 2463 309 2530 496.
329 2464 391 2530 hac
412 2465 550 2530 fortasse
569 2464 694 2530 ratione
718 2465 835 2531 ductus
854 2467 945 2551 quod
964 2467 1001 2532 in
1023 2468 1091 2534 od.
1103 2469 1147 2537 V.

38 2563 101 2628 278.
116 2564 296 2631 intercedit
311 2565 497 2652 conjunctio
515 2561 601 2631 ἑπτὰ
623 2564 734 2632 δὲκαὶ
752 2565 844 2646 δέκα,
862 2568 915 2633 vel
933 2569 1011 2653 quia
1028 2581 1147 2655 poetae

37 2666 160 2762 antiquo
183 2668 326 2734 formam
348 2668 516 2755 propriam
538 2677 571 2732 et
594 2666 739 2732 nativam
757 2668 863 2752 magis
885 2671 1057 2736 convenire
1081 2695 1145 2760 pn·

36 2765 123 2834 tabat.
169 2769 245 2852 Qui
268 2791 370 2856 supra
391 2769 588 2836 vicenarium
611 2778 687 2834 sunt
711 2770 855 2849 numeri,
881 2770 1004 2857 ubique
1024 2772 1148 2841 habent

34 2881 177 2935 accentus
204 2870 321 2957 privos
343 2869 410 2938 δύω
432 2873 491 2938 καὶ
513 2867 619 2940 εἴκοσι
650 2871 718 2938 Οδ.
739 2871 804 2938 IX.
826 2873 900 2938 241.
929 2872 1070 2965 πίσυρες
1089 2880 1147 2945 καὶ

33 2966 129 3039 εἴκοσι
150 2972 260 3040 XVI.
281 2973 355 3038 249.
382 2986 415 3037 et
441 2972 540 3059 paulo
565 2983 643 3060 post
669 2971 738 3040 δύω
762 2975 820 3041 καὶ
844 2973 1059 3062 πεντήκοντα.
1101 2981 1147 3046 Et

32 3073 71 3138 sic
91 3097 152 3160 per
175 3076 301 3141 omnia
344 3077 501 3142 Detracta
522 3095 598 3142 vero
622 3075 742 3163 copula
760 3076 846 3140 redit
867 3077 1051 3164 parathesis
1071 3081 1145 3145 uni-

30 3183 86 3240 tate
107 3188 272 3244 acccntus
297 3177 478 3262 significata
505 3173 773 3265 εἰκοσιτέσσαρες
793 3189 854 3244 eto.
882 3179 1036 3264 idemque
1056 3181 1094 3245 fit
1117 3183 1147 3248 si
1225 3256 1230 3262 ,

30 3279 102 3344 ordo
130 3280 340 3345 convertitur
368 3281 554 3366 δεκατρεῖς,
585 3278 769 3360 δεκαοκτώ,
802 3279 1015 3364 εἰκοσιτρεῖς,
1046 3271 1146 3367 τρια·
1272 3289 1279 3304 “

26 3381 214 3448 κονταειττά
243 3382 347 3448 Diod.
372 3379 470 3448 XIV.
497 3381 548 3446 93.
577 3380 859 3468 ἐνενηκοντατρεῖς
886 3381 1027 3469 Dionys.
1051 3387 1145 3451 Antt.

27 3479 80 3547 IV.
103 3483 155 3548 19.
173 3506 276 3575 ἱ(ραιιε
301 3484 391 3572 apud
415 3483 613 3570 posteriores
637 3483 835 3570 praevaient.
884 3485 1012 3551 Eadem
1038 3487 1146 3552 cardi-

24 3583 103 3649 nalia
126 3607 207 3652 cnm
234 3585 433 3672 quibusdam
456 3585 664 3660 substantivis
680 3586 795 3670 juncta
815 3585 963 3669 locorum
983 3589 1066 3654 fiunt
1084 3613 1147 3657 no·

24 3686 104 3751 mina
136 3688 285 3776 propria
317 3688 460 3773 ideoque
493 3699 662 3756 accentum
693 3690 950 3776 compositorum
982 3692 1148 3780 accipiunt

22 3789 169 3856 sednon
198 3811 345 3878 semper.
390 3790 446 3857 Sic
472 3813 591 3858 nomen
616 3793 775 3858 montium
799 3792 1031 3874 Mauritaniae,
1062 3819 1145 3881 qnos

21 3887 128 3956 Latini
147 3895 282 3977 Septem
304 3897 420 3978 fratres
439 3904 560 3958 vocant
580 3916 609 3958 v.
625 3891 810 3960 Tzsehuolr.
833 3896 875 3960 ad
891 3897 972 3962 Mel.
993 3897 1069 3965 Vol.
1080 3897 1145 3964 ΠΙ.

18 3989 54 4056 P.
75 3995 103 4060 Ι.
131 3996 212 4062 138.
245 3994 280 4058 in
304 3995 393 4062 Edd.
421 3995 563 4080 antiquis
588 3995 728 4061 Ptolem.
751 3997 812 4065 IV.
840 3998 878 4086 l.¹
897 3994 1148 4088 Ἑπταέδελφοι

19 4095 183 4176 scribitur,
209 4095 250 4160 in
273 4097 368 4165 codd.
392 4097 557 4183 plerisque
577 4095 814 4188 Ἑπτάδελφοι,
836 4099 929 4184 quod
951 4099 1148 4167 Graahofius

18 4195 125 4267 divisit
154 4208 305 4268 accentu
333 4209 458 4262 mutato
480 4193 577 4264 ‘Ena'
605 4193 758 4289 ἀδελφοί.
809 4201 853 4267 Et
883 4202 929 4267 sio
957 4202 1022 4269 alia
1048 4203 1146 4289 hujus

18 4301 146 4388 generis
174 4297 288 4372 Ἑπτὰ
315 4296 422 4366 ὕδατα
450 4300 591 4388 Dionys.
619 4302 711 4366 Antt.
735 4302 762 4367 I.
790 4303 839 4374 14.
877 4309 976 4394 Τρεῖς
1001 4303 1147 4404 κεφαλαί
