2825 4809
258 297 335 430 112
606 345 929 417 DISSERTATIO
958 350 1026 416 111.

257 527 344 617 ὑμᾶς
367 535 458 620 σφᾶς
479 529 589 618 Epim.
602 530 632 598 Ι.
647 531 723 600 385.
743 543 776 600 et
791 533 973 614 Gndclt,
992 535 1043 603 10.
1078 535 1151 602 Hoc
1166 545 1325 608 comtum

258 655 342 712 ests,
364 633 472 720 σφέας
492 631 638 700 niumm
658 633 693 698 rs
711 635 804 702 nus.
815 636 862 702 11.
885 636 926 703 Ρ.
937 637 966 704 1.
985 658 1015 703 ο.
1027 637 1059 702 ν.
1076 639 1103 722 ς.
1113 637 1144 702 ν.
1165 636 1270 704 osan
1284 651 1325 708 a
1368 596 1369 675 λ

257 735 360 804 Haud
376 732 541 800 dissimilis
553 744 603 802 est
617 755 717 804 causa
729 738 933 825 pronominis
945 737 1177 824 interrogativit
1188 740 1326 808 τσῦτέαιοι
1369 758 1370 847 t

257 839 439 906 πανστικσῦ
457 830 666 923 dracomaria
680 835 720 904 τὸ
737 834 864 907 ὁτέοισι
883 832 952 907 ἀπὸ
970 845 1031 907 τοῦ
1046 835 1154 906 ὅτοισι
1168 840 1328 929 πλεονασμῷ
1369 858 1370 861 ’

256 939 319 1004 aas
342 925 465 1008 issu.
486 936 526 1002 u.
548 935 628 1006 xv.
649 937 725 1006 491.
745 939 801 1006 ou
823 940 987 1008 ornain
1010 940 1122 1006 usust
1144 944 1189 1028 ιο
1209 934 1328 1026 astu
1370 922 1371 1011 t

256 1039 430 1128 Πηνέλεῳ·
452 1035 492 1104 τὸ
514 1036 579 1124 γὰρ
600 1042 647 1126 τῷ
668 1039 755 1124 μετὰ
774 1039 814 1110 τὸ
831 1018 992 1127 midias
1014 1038 1082 1132 δ’τφ
1103 1037 1238 1130 διῃρέθη
1255 1033 1328 1119 tigri
1371 1084 1372 1131 p

256 1137 338 1208 ὅταν
359 1134 435 1207 dcco
453 1137 531 1206 Sch.
550 1138 620 1206 Od
634 1140 681 1206 Π.
698 1141 770 1208 114.
792 1143 849 1210 alii
869 1143 911 1210 ab
932 1145 1059 1220 aeolico
1079 1139 1152 1221 τίσς
1171 1141 1229 1207 hoc
1244 1150 1284 1206 cst
1295 1139 1331 1218 τίς

145 1235 161 1256 ¹
256 1241 364 1308 ionice
383 1241 547 1326 atticoque
565 1240 761 1308 declinatum
779 1265 853 1312 csse
869 1245 945 1333 τέῳ,
961 1246 1045 1314 τέων
1061 1240 1330 1319 scaunistrat

257 1343 437 1426 Quomodo
468 1352 586 1430 poetae
615 1365 797 1432 pronomen
821 1345 993 1413 relativum
1018 1341 1217 1411 dilataverint
1242 1338 1331 1428 ληςα

256 1445 340 1512 τέων
363 1444 508 1510 dicentes
530 1466 592 1533 pro
614 1437 655 1534 ἧς
676 1457 709 1512 et
730 1437 776 1512 ὧν
795 1447 831 1512 in
852 1446 959 1536 primo
977 1447 1086 1536 capite
1111 1443 1331 1534 expositumest

261 1544 453 1624 Τουτέοισι,
477 1547 568 1631 quod
588 1547 783 1616 Eustotlrius
807 1549 907 1628 1028,
932 1550 986 1616 44.
1009 1571 1078 1616 non
1100 1546 1178 1614 sutis
1198 1554 1263 1632 apte
1278 1565 1332 1609 cun

257 1643 385 1714 ὁτέοισι
408 1646 586 1734 componit,
610 1658 645 1714 et
665 1649 743 1718 huic
762 1661 985 1718 consentanea
1008 1647 1163 1727 τουτέων,
1187 1640 1287 1712 citior
1300 1643 1331 1706 ad

255 1751 377 1814 Buttm.
401 1747 475 1816 336.
496 1747 653 1814 adnotata
672 1750 831 1817 idiomata
858 1761 935 1818 sunt
960 1750 1159 1838 scriptorum
1184 1743 1329 1818 ionicorum,

257 1851 299 1914 od
326 1871 410 1936 quae
430 1873 498 1916 non
521 1849 728 1918 devertimus.
777 1853 846 1922 Sed
876 1853 1054 1920 afferuntur
1083 1848 1184 1916 etiam
1208 1843 1335 1910 nominum

256 1951 290 2016 in
312 1949 450 2038 singulis
475 1951 544 2018 iere
571 1949 701 2019 casibus
724 1954 940 2021 decrementa
983 1953 1133 2020 Primum
1155 1944 1275 2037 genitivi
1291 1939 1336 2022 ds

257 2077 321 2140 περ
345 2045 414 2122 int
439 2056 499 2142 τῆς
520 2059 650 2142 γενικῆς
671 2060 737 2122 τῶν
755 2057 992 2144 πληθυντικῶν
1009 2048 1175 2141 γερόντων
1190 2041 1339 2136 γαρσνιέαν,

258 2151 345 2220 οὕτω
367 2153 425 2219 καλ
446 2151 504 2220 ἐπὶ
531 2156 591 2242 τῆς
617 2159 749 2247 γενικῆς
774 2159 842 2222 τῶν
870 2152 985 2222 ἑνικῶν
1011 2149 1163 2240 τριάκων
1187 2146 1341 2236 archonti
1378 2238 1379 2241 Ἴ

256 2249 469 2341 apostatatos
490 2254 576 2320 κατὰ
598 2251 822 2336 πλεονασμόν.
866 2257 956 2345 Περὶ
980 2258 1106 2324 παθῶν
1127 2251 1207 2318 ΕΜ.
1228 2245 1290 2324 765,
1305 2243 1340 2308 34
1378 2264 1379 2305 ³

256 2355 333 2421 Hoc
353 2353 414 2418 viri
435 2375 556 2419 nomen
580 2363 630 2420 est
651 2378 671 2420 a
692 2355 921 2423 Grammaticis
942 2357 978 2422 io
1000 2357 1065 2422 alia
1086 2375 1189 2421 causa
1212 2356 1343 2417 enotatm
1379 2388 1380 2451 t

255 2479 286 2522 v.
312 2454 415 2521 Proll.
443 2453 517 2521 316.
554 2465 586 2521 et
614 2456 706 2522 Add.
734 2457 894 2524 Dativum
919 2459 1008 2524 idem
1033 2465 1196 2523 memorat
1219 2451 1289 2529 361,
1306 2449 1342 2513 21·
1379 2462 1380 2467 ’

258 2555 316 2625 ἐπὶ
339 2557 461 2623 λαέϊ-
471 2557 532 2634 tac
553 2555 637 2634 λαός
659 2557 720 2624 tat
738 2559 796 2627 καὶ
816 2561 1021 2648 πλεονασμῷ
1042 2542 1147 2628 aod}
1175 2554 1255 2625 λαέῖ.
1296 2545 1344 2617 Sed

256 2657 319 2724 hoc
342 2655 531 2724 diverticulo
553 2656 635 2722 nihil
654 2658 786 2727 utimur.
827 2659 961 2727 Etenim
981 2658 1184 2746 primitivum
1207 2657 1285 2730 λᾶας
1301 2649 1343 2714 du·

256 2760 384 2848 pliciter
404 2758 559 2824 declinari
580 2759 689 2846 potuit
709 2765 771 2827 τσῦ
793 2758 913 2840 λάασς,
936 2766 984 2850 τῷ
1009 2758 1108 2842 idai,
1137 2757 1256 2847 quibus
1275 2771 1345 2840 prat

255 2862 427 2928 valuerunt
455 2869 620 2926 contracta
649 2861 744 2941 λᾶος,
774 2862 849 2941 λᾶϊ,
881 2871 913 2929 et
940 2883 1019 2927 vero
1045 2861 1146 2928 ctiam
1170 2880 1231 2950 per
1247 2851 1347 2957 {psilon

255 2968 316 3031 τοῦ
339 2955 455 3042 λ’ἀισς,
485 2955 564 3028 λαλεῖ
589 2962 788 3028 admodum
810 2972 950 3049 quatuor
975 2972 1168 3030 neutrorum
1192 2961 1228 3028 in
1250 2984 1286 3038 ας
1307 2979 1348 3022 ex·

257 3062 402 3130 euntium
433 3066 541 3142 κῶας,
575 3054 680 3141 οὖδας
705 3073 767 3131 eto.
795 3064 888 3149 cnjus
919 3062 1147 3132 declinationis
1175 3083 1273 3128 unum
1290 3055 1349 3122 illud

256 3175 407 3252 superest
429 3161 470 3228 ab
491 3163 572 3228 EM.
591 3165 769 3230 memoriae
790 3165 952 3230 traditum.
995 3164 1110 3230 Alium
1138 3163 1281 3230 dativum
1304 3157 1351 3221 hot

255 3265 355 3330 modo
388 3273 519 3329 auctum
554 3265 690 3353 praebet
720 3265 889 3331 Maximus
913 3289 944 3331 v.v
970 3266 1046 3334 438.
1077 3263 1156 3352 φὼρ
1184 3263 1243 3331 εἰνὶ
1267 3257 1353 3348 popei

255 3362 368 3452 κόροιο
388 3369 444 3450 [ιιι
464 3369 500 3430 in
520 3367 625 3450 [ανον
645 3369 770 3434 incidet.
801 3368 930 3434 Eadem
944 3366 1050 3432 vocali
1065 3364 1238 3433 abundare
1249 3361 1352 3427 videtur

256 3465 458 3532 accusativus
480 3466 644 3556 participii
666 3467 762 3548 ξννλς
781 3463 951 3546 Ἐνυάλιος
972 3461 1030 3534 τόν
1053 3491 1090 3534 τι
1112 3465 1288 3532 κτανέοντα
1309 3484 1352 3523 κο-

255 3567 364 3637 aava.
407 3567 508 3633 Hunc
537 3567 591 3632 alii
619 3567 720 3633 futuri
744 3590 817 3634 esse
840 3569 967 3646 volunt,
998 3568 1053 3632 alii
1073 3566 1260 3655 praesentis
1284 3583 1351 3628 com·

254 3669 400 3735 mentioii
426 3692 457 3735 v.
486 3668 528 3734 ad
551 3671 673 3736 Buttm.
701 3668 756 3734 45.
784 3669 972 3756 aptissimus
1003 3690 1080 3734 vero
1105 3678 1164 3733 est.
1178 3665 1310 3732 aoristus
1325 3668 1350 3721 ut

254 3771 291 3838 in
320 3770 424 3838 Antia
452 3771 542 3839 XIV
543 3819 551 3835 .
576 3771 628 3837 32.
660 3779 692 3836 et
720 3771 772 3835 33.
800 3771 860 3836 τὸν
887 3772 1060 3840 κτείναντα
1081 3770 1242 3847 κατέκτα,
1268 3780 1354 3846 ncqut

254 3895 323 3940 non
343 3872 412 3938 veri
438 3871 541 3937 simile
565 3881 615 3938 est
636 3880 753 3958 poetas
775 3871 888 3960 epicos
911 3894 1012 3960 quum
1034 3867 1162 3937 κτανών
1184 3864 1291 3933 versui
1308 3883 1352 3948 ap·

254 3985 323 4041 tare
344 3997 412 4041 nou
433 3983 587 4063 possent,
614 3971 823 4039 substituisse
845 3975 998 4042 κτανέων.
1045 3968 1214 4054 Ἀχειρέες
1243 3985 1355 4034 cancro·

174 4121 180 4132 ·
255 4099 326 4142 rum
355 4075 525 4166 epitheton
552 4075 587 4141 in
612 4073 765 4142 Batrach.
801 4074 829 4140 si
862 4084 1033 4140 accentum
1059 4072 1095 4137 in
1120 4066 1356 4158 antepenultima

256 4175 405 4258 haberet,
433 4201 494 4264 pro
519 4171 652 4262 ἄχειρες
679 4176 824 4264 positum
846 4176 989 4242 dicerem
1008 4175 1233 4242 intercedente
1255 4168 1356 4256 σαῦλα

256 4289 485 4363 paroxytonon
508 4279 552 4343 ad
574 4273 708 4365 ἀχειρής
729 4279 849 4343 referre
870 4278 1019 4364 cogimur
1039 4276 1145 4342 adhuc
1163 4273 1298 4361 quidem
1315 4267 1358 4332 iu·
