2825 4809
227 345 303 424 dod
336 266 343 293 ³
585 336 906 416 DISSERTATIO
936 339 979 412 V.

225 529 379 602 XXVII.
406 531 480 599 383.
513 527 591 599 όσαι
605 535 680 599 ’τοῦ
710 527 805 609 έτους
834 519 919 617 ὧραι
950 528 1038 594 Plus
1069 526 1110 594 ds
1136 530 1209 595 Aer.
1235 531 1310 599 alien

226 633 440 704 0.v11.216.
463 634 504 700 Τ.
519 634 594 700 XII
613 636 709 699 Hutt.
733 631 793 699 sed
815 627 944 718 όσῶραι
967 631 1111 698 Thomas
1132 632 1313 720 reprehendit

228 748 260 803 et
290 736 438 802 consulto
467 736 668 802 Themistius
700 737 875 821 conjuncto
903 733 1098 822 apposuisse
1129 733 1246 799 videtur
1272 759 1312 801 se·

221 841 372 925 junctum
400 833 565 928 όσημέραι
587 838 645 905 καί
672 834 753 903 όσαι
776 827 862 922 ὧραι
887 835 1009 921 χρυσὸν
1031 831 1208 902 ἐπανιόντα
1228 830 1314 921 dorios

226 961 257 1006 v.
273 938 426 1005 DindorI.
448 939 490 1005 ad
512 939 572 1006 Or.
584 938 719 1007 XVIII.
732 937 805 1004 214.
828 959 895 1002 non
918 932 1063 1022 όσῶραι,
1087 955 1152 1022 quo
1173 936 1314 1004 inferiores

227 1050 362 1108 utuntur
385 1063 415 1106 v.
437 1039 591 1108 Boisson.
620 1041 664 1108 ad
687 1040 870 1106 Herodian.
900 1061 934 1126 p.
956 1037 1028 1104 103.
1072 1037 1237 1124 Nusquam
1255 1061 1314 1106 vero

226 1141 388 1229 reperitur
408 1142 602 1231 ποσημέραι
631 1153 664 1209 et
691 1142 894 1229 τοσημέραι,
925 1141 984 1206 sed
1008 1141 1120 1228 prisca
1141 1143 1315 1208 consuetudo

92 1251 105 1276 ²
227 1244 302 1308 tulit
340 1242 529 1309 adverbium
566 1244 657 1330 qnod
692 1265 767 1309 cum
806 1241 964 1308 similibus
1006 1252 1124 1308 tractat
1161 1241 1260 1311 Schol.
1286 1245 1316 1309 ll.

228 1343 363 1412 XXIV.
386 1343 460 1410 657.
492 1342 586 1412 πόσα
617 1345 703 1432 μέρη
736 1343 806 1412 ἐστὶ
838 1343 876 1412 τό
911 1348 1120 1432 ποσσῆμαρ,
1151 1343 1185 1412 ἓν
1208 1343 1266 1432 ’γὰρ
1287 1338 1316 1412 oi

230 1440 369 1512 δύναται
388 1437 476 1511 εἶναι
493 1444 579 1514 διότι
602 1439 766 1514 οῧδέποτε
787 1443 999 1529 πυσματικὸν
1016 1444 1122 1531 μέρος
1141 1439 1235 1532 λόγου
1252 1469 1315 1530 προ-

137 1524 145 1551 '
228 1541 388 1612 τάσσεται
410 1543 612 1636 ἐξῃρημένον
633 1552 694 1621 τοῦ
716 1542 890 1624 ποδαπός·
914 1545 957 1631 (v.
980 1546 1023 1611 ad
1043 1548 1100 1634 Aj.
1124 1549 1159 1634 p.
1173 1546 1254 1632 402.)
1271 1544 1313 1615 tto

229 1646 267 1714 δέ
290 1641 394 1713 πάλιν
420 1640 460 1713 οὐ
484 1643 639 1714 όάνυνται
665 1641 767 1715 εἶναι·
795 1642 922 1735 εἶρῆκει
950 1645 1014 1735 γὰρ
1040 1644 1080 1714 db
1102 1645 1197 1717 πόσα
1222 1643 1310 1736 ῆμυιυ.

225 1741 474 1833 ’ἐπορουμένου
504 1746 614 1815 τοίνυν
645 1743 751 1817 αι’ντοῢ
782 1744 918 1816 κάλλιόν
950 1747 1023 1815 ἐστι
1054 1748 1165 1836 λέγειν
1192 1745 1225 1816 b
1252 1742 1313 1815 sivo

229 1849 332 1935 μέρος
352 1845 471 1934 ὅμοιον
496 1853 544 1936 τῷ
570 1848 731 1939 ἐννῆμαρ,
755 1844 903 1938 ἑξῆμαρ,
926 1845 1092 1938 αὐτῆμαρ.
1139 1850 1241 1917 Nobis
1258 1849 1318 1915 haec

96 1949 108 1961 ”
229 1971 335 2038 paone
359 1949 476 2038 putida
498 1949 628 2018 videtur
656 1950 851 2017 consultatio
878 1950 938 2016 sed
964 1951 1178 2019 Herodianus
1203 1975 1262 2019 non
1282 1953 1319 2017 in·

229 2053 457 2139 tempestivum
483 2053 645 2138 judicavit
679 2073 848 2120 occurrero
883 2053 1084 2118 errantibus:
1120 2052 1323 2140 παραιτητέον

229 2155 308 2232 τοὺς
327 2154 413 2220 κατά
439 2152 590 2223 διάλυσιν
610 2151 905 2240 ἀναγινώσκοντας.
951 2153 1036 2220 Cum
1059 2149 1229 2244 αὐτῆμαρ,
1255 2153 1324 2240 quod
1382 2177 1383 2180 ¹

229 2255 328 2342 vulgo
355 2255 472 2321 dicitur
494 2251 690 2342 αὐθημερόν
713 2267 750 2324 ut
773 2251 932 2344 αὖθωρόν
958 2264 990 2322 et
1014 2249 1186 2338 αότόετες,
1215 2256 1323 2322 ceteris-

221 2377 297 2441 „qne
324 2355 596 2443 inseparabilibus
627 2359 663 2425 in
689 2360 770 2426 ΕΜ.
792 2359 870 2437 343,
896 2357 948 2425 50.
982 2357 1148 2423 confertur
1179 2360 1325 2446 πανῆμαρ,

231 2460 324 2544 eujus
346 2459 505 2547 scriptura
526 2470 735 2528 controversa
756 2461 862 2529 estin
882 2461 950 2527 Od.
967 2459 1068 2525 XIII.
1082 2459 1135 2524 31.
1159 2455 1240 2546 άνῆρ
1261 2449 1327 2546 ᾧτε

230 2564 392 2649 πανῆμαρ
418 2557 480 2646 βόε
507 2561 643 2651 ἕλκητον
670 2557 828 2651 άροτρον·
857 2585 934 2630 nam
960 2560 1203 2647 Aristophanes
1227 2554 1328 2626 οὐκέτ

231 2665 389 2732 συνθέσει
415 2658 502 2732 ἀλλὰ
524 2668 594 2732 πᾶν
618 2657 691 2733 εἶτα
716 2658 792 2732 κατ’
821 2661 912 2732 ἰδίαν
934 2661 971 2730 τὸ
995 2658 1099 2751 ῆμαρ,
1127 2663 1199 2728 sive
1223 2662 1251 2726 is
1274 2664 1328 2724 πᾶν
1381 2723 1382 2732 ,

231 2764 352 2852 corripi
380 2786 480 2852 posse
507 2766 633 2852 putavit
659 2776 696 2830 ut
725 2761 831 2845 άπαν,
860 2765 1018 2853 πρόπαν,
1048 2764 1116 2830 sive
1144 2754 1233 2853 (ἔνθ’
1256 2759 1329 2830 ἅπαν

231 2866 362 2955 scripsit
375 2869 418 2954 ι).
462 2867 503 2934 ln
526 2867 641 2952 Quint.
667 2866 710 2933 L.
732 2867 797 2934 ΠΙ.
821 2867 893 2934 713.
923 2857 1266 2954 άνεμοι-πανῆμαρ
1286 2859 1328 2926 nni
1383 2885 1384 2966 η

230 2967 331 3035 νύκτα
359 2970 454 3038 νέκυν
480 2966 784 3056 περιποιπνύοντες
812 2967 1040 3056 reponendum
1058 2976 1119 3033 est
1147 2971 1218 3036 πᾶν
1245 2958 1328 3053 ἦμαρ,

231 3071 321 3158 quod
343 3070 563 3140 Schneiderus
586 3070 746 3158 Oppiano
768 3069 912 3137 reddidit
929 3069 1006 3136 Hal.
1019 3070 1080 3140 IV.
1094 3069 1167 3136 178.
1190 3065 1242 3134 aiei
1260 3089 1329 3130 παν·
1383 3111 1384 3114 ,

168 3171 172 3180 '
231 3176 323 3258 ῆμαρ
349 3167 417 3238 ὑπὸ
444 3173 645 3260 γλαφυροῖσι
669 3176 805 3253 μυχοῖσι
827 3171 938 3254 κίχλαι
959 3158 1169 3250 ναιετάουσι,
1198 3167 1254 3234 ubi
1277 3187 1329 3230 non

230 3291 289 3356 per
313 3283 413 3339 totum
439 3276 519 3338 σίυυι
547 3273 710 3358 significat
738 3273 798 3340 scd
827 3270 940 3352 πάσας
968 3267 1096 3361 ἡμέρας
1123 3281 1162 3336 ut
1189 3269 1328 3358 Apollon-

231 3375 279 3441 Π.
303 3373 377 3441 530.
429 3372 514 3441 oum
545 3375 713 3460 adjectivis
746 3374 964 3463 compositum
997 3397 1125 3462 semper
1157 3373 1330 3465 corripitur:

231 3473 271 3542 τό
297 3478 366 3540 πᾶν
393 3472 630 3559 συντιθέμενον
657 3476 692 3545 έν
719 3471 803 3565 άρχῆ
830 3481 892 3564 τῆς
919 3475 1040 3556 λέξεως
1065 3476 1238 3543 συστέλλει
1260 3473 1330 3539 τόν

231 3572 439 3654 πανάθλιος,
459 3576 633 3666 πανίιρος,
652 3574 935 3664 παμπόνηροςῖ),
958 3577 1047 3662 πλὴν
1063 3581 1123 3644 τοῦ
1143 3573 1331 3649 πανάπυλος

300 3796 331 3866 d)
349 3791 393 3851 Ωἷ
408 3799 467 3853 πᾶν
485 3819 559 3871 ημαρ
582 3797 730 3870 proposuit
747 3795 890 3852 Nauckius
911 3795 940 3850 in
957 3795 1069 3866 Fragm.
1087 3793 1174 3850 Arist.
1193 3815 1222 3870 p.
1237 3795 1275 3848 53.
1294 3790 1330 3862 qui

230 3887 364 3958 πανῆμαρ
377 3884 443 3956 jure
457 3885 583 3940 damnari
600 3891 697 3947 censet
711 3883 816 3956 quippe
833 3883 868 3938 ab
886 3882 1016 3952 analogia
1030 3880 1212 3949 destitutum
1231 3882 1278 3935 sed
1289 3880 1331 3932 boc

231 3971 308 4026 idem
322 3971 377 4026 dici
391 3978 486 4042 potest
499 3975 535 4027 de
549 3975 690 4045 προῆμαρ,
703 3964 817 4045 πρόνυξ,
831 3963 973 4040 εἰνάνυχες
989 3967 1140 4039 multisque
1153 3968 1215 4023 aliis
1227 3964 1331 4024 homeri·

232 4074 329 4111 corum
345 4058 555 4113 vocabulorum.
580 4058 628 4129 [ln
646 4056 745 4123 Quinti
763 4057 828 4112 loco
846 4071 921 4111 nunc
938 4053 1094 4128 repositum
1110 4061 1167 4120 est,
1186 4056 1262 4126 quod
1277 4050 1330 4106 olin

234 4142 397 4211 suaseram]

214 4249 218 4254 ’
302 4229 332 4296 7)
344 4228 448 4285 Mirum
466 4247 516 4287 cur
531 4232 587 4287 boc
603 4228 723 4301 elegerit
739 4245 809 4302 pras
827 4227 922 4284 multis
938 4243 1056 4302 quorum
1072 4241 1202 4284 mensura
1220 4243 1253 4282 ex
1265 4239 1330 4277 versu

235 4313 424 4385 cognoscitur.
