2825 4809
250 315 326 390 302
413 315 417 322 ’
544 304 865 376 DISSERTATIO
894 305 941 372 Il.
984 307 1024 374 P.
1045 307 1073 373 Ι.

249 493 337 562 κατὰ
364 489 611 577 συοαίρεσινθ).
652 493 709 558 De
732 491 833 556 altero
854 490 965 558 Schol.
987 493 1065 558 Eur.
1086 493 1167 558 Hcc.
1187 491 1252 558 973.
1274 490 1324 564 ἀπὸ

249 600 308 663 τοῦ
333 599 420 672 σῶος
440 590 526 659 κατὰ
549 590 720 679 (raynaudo
742 589 869 676 γίνεται
893 595 970 669 σῶς.
1012 593 1219 658 Buttmannus
1240 604 1326 662 contra

249 696 285 762 in
307 697 449 763 Gramm.
471 693 500 758 Ι.
523 692 731 778 245.,ιιοοιιο
762 692 867 757 orasin
897 692 1038 756 admittit
1063 715 1167 779 neque
1192 717 1328 782 syncopen

251 796 311 864 sed
332 795 374 862 ab
396 794 564 880 adjectivis
585 793 765 859 obliteratis
782 788 862 873 ζαός
878 802 911 860 et
929 788 1013 872 σάος
1030 803 1192 860 contracta
1206 817 1268 862 esse
1284 795 1316 877 ζ’

252 909 285 964 et
305 900 388 976 σῶς,
411 895 487 960 hinc
508 904 618 959 autern
639 916 699 981 per
720 893 879 960 dieetasin
900 893 971 958 fieri
994 888 1079 974 ζωός
1100 904 1132 960 et
1151 898 1240 973 σῶος.
1273 897 1331 961 Ηοο

251 996 441 1084 anticipavit
456 994 649 1061 Eustathius
663 993 716 1071 63,
731 993 762 1059 6.
781 990 850 1062 ἀπὸ
872 998 933 1060 τοῦ
955 988 1038 1070 σάος
1058 991 1144 1062 κατὰ
1163 998 1266 1082 κρᾶσιν
1282 999 1331 1074 σῶς

250 1097 309 1165 καὶ
330 1091 572 1182 conprehensos
594 1098 655 1164 τοῦ
672 1083 699 1163 o
719 1099 817 1175 σῶος.
862 1095 932 1162 Sed
952 1093 1034 1160 haec
1056 1095 1204 1186 diectasis
1223 1105 1256 1160 ut
1272 1117 1331 1160 con·
1374 1135 1375 1142 .

251 1198 387 1264 cedatur
416 1195 612 1262 dictionibus
642 1195 781 1282 poeticis
809 1191 960 1280 πρώονες
985 1206 1046 1262 etc.
1078 1219 1190 1283 parum
1214 1197 1332 1262 convenit

252 1299 295 1364 ad
326 1298 408 1362 haec
439 1319 525 1380 quae
556 1297 592 1360 in
622 1317 828 1361 communem
854 1317 951 1360 usum
982 1306 1117 1383 recepta
1147 1305 1225 1361 sunt.
1271 1297 1330 1362 ldeo
1374 1303 1375 1341 ³

251 1397 434 1486 praeferam
456 1396 547 1482 quod
567 1397 602 1461 in
622 1397 703 1462 EM.
725 1397 797 1473 741,
818 1395 871 1462 56.
895 1396 1013 1463 dicitur
1033 1403 1124 1477 σῶος
1144 1419 1163 1461 a
1182 1392 1250 1464 σώω
1269 1397 1330 1462 den‘·
1374 1405 1375 1442 ἒ

250 1509 361 1564 vatum
382 1519 455 1562 esse
477 1506 515 1561 ut
535 1519 556 1560 a
576 1493 706 1585 ῥώσμαι
728 1492 927 1585 σοδόῤῥωος
951 1508 983 1563 et
1010 1498 1134 1585 pariter
1155 1521 1173 1562 a
1195 1493 1257 1580 ζώω
1275 1498 1331 1562 sub·
1374 1508 1375 1544 3

252 1599 424 1665 stantivum
442 1598 524 1678 ζῶον
540 1607 572 1661 et
587 1595 671 1677 ζωός
685 1597 880 1682 adjectivum
894 1608 1018 1664 mutato
1032 1609 1170 1685 propter
1185 1598 1332 1663 merismnm
1374 1609 1375 1645 l

252 1709 409 1775 arcentur
441 1695 518 1762 hinc
550 1707 660 1763 autem
687 1697 913 1784 monosyllaba
940 1700 996 1765 illa
1030 1700 1177 1766 extitisse
1205 1711 1268 1785 puto
1292 1697 1330 1762 vel
1374 1713 1375 1716 ’

253 1822 399 1887 syncope
425 1798 478 1863 vel
502 1798 595 1864 crasi.
639 1800 807 1864 Accentus
835 1800 942 1864 neutri
970 1811 1146 1888 repugnat.
1191 1800 1251 1867 Sed
1269 1821 1331 1863 non·
1374 1833 1375 1846 .

253 1902 334 1966 nulli
359 1910 530 1984 utramque
556 1899 766 1986 repudiantes
794 1901 837 1964 ad
867 1901 1032 1984 synizesin
1060 1925 1096 1968 se
1124 1905 1333 1975 odnverterunt3
1374 1923 1375 1936 ¹

252 2002 363 2072 Schol.
386 2001 426 2066 Il.
446 1999 545 2067 XVI.
566 1999 640 2064 445.
657 1996 876 2086 Ἀρίσταρχος
894 1999 1157 2085 μονοσυλλάβως
1180 2003 1245 2084 ζῶν,
1265 1993 1335 2067 dllot

254 2104 292 2170 de*
315 2101 413 2185 ζωόν,
445 2101 541 2166 sicuti
569 2100 605 2165 in
632 2100 697 2165 alio
723 2102 861 2166 Homeri
889 2103 963 2167 loco
991 2102 1155 2188 genitivus
1176 2100 1273 2191 ἥρωος
1291 2121 1334 2187 pro

252 2203 415 2290 bisyllabo
436 2211 487 2268 est
506 2224 537 2266 v.
560 2205 585 2287 ξ.
608 2201 638 2267 7.
661 2212 695 2266 et
714 2201 835 2268 herbae
856 2225 976 2268 nomen
997 2226 1071 2270 cum
1093 2205 1210 2270 eodem
1229 2203 1276 2267 illo
1294 2201 1334 2264 ad·

247 2306 369 2391 jectivo
397 2303 616 2389 compositum
642 2303 677 2367 in
701 2303 808 2368 Macri
833 2305 923 2370 Flor.
952 2306 992 2370 de
1013 2305 1118 2371 Herb.
1140 2305 1265 2372 XVlIl.
1285 2303 1334 2366 711.

253 2428 314 2492 pro
337 2404 523 2491 disyllabo:
544 2408 677 2471 dicimus
699 2407 860 2471 aridulam
878 2425 974 2488 qaum
987 2405 1133 2473 Graecus
1149 2411 1221 2472 dicit
1240 2409 1337 2470 circum
1374 2421 1375 2458 1

162 2529 168 2542 ¹
213 2589 223 2600 .
253 2507 321 2572 sive
348 2515 386 2571 ut
414 2503 566 2570 inlibris
594 2503 792 2589 quibusdam
822 2505 973 2571 scribitur
1000 2510 1133 2583 ciacon,
1168 2507 1224 2571 sed
1248 2503 1337 2572 Graeci

253 2630 337 2692 quos
368 2606 508 2693 legimus
541 2603 676 2670 herbam
708 2605 891 2671 fabulosam
923 2617 979 2672 aut
1011 2601 1133 2688 ἀείζων
1168 2616 1276 2673 vocant
1300 2612 1338 2666 eut
1374 2641 1375 2661 .

253 2706 391 2791 ἀείζωον
411 2718 550 2793 quatuor
572 2706 716 2792 syllabis.
761 2704 865 2791 Δμώς
886 2719 918 2774 et
939 2704 1033 2793 Τρώς
1051 2709 1122 2773 sine
1142 2708 1238 2774 dubio
1253 2704 1338 2794 primi-
1374 2727 1375 2730 ’

254 2809 321 2873 tiva
347 2818 423 2873 sunt
451 2818 488 2873 ut
510 2807 636 2891 antiqui
664 2808 794 2886 dicunt,
826 2804 939 2892 δμωός
961 2830 1038 2874 vero
1065 2819 1097 2874 et
1125 2807 1251 2894 Τρωός,
1278 2827 1339 2892 quac
1374 2826 1375 2865 t

254 2910 297 2974 ad
318 2908 519 2974 anadromen
539 2907 700 2986 referunt,
727 2907 1042 2976 metasohematismo
1065 2910 1290 2976 terminationis
1307 2905 1338 2971 el·
1374 2915 1375 2962 i

253 3011 339 3078 fecta
359 3010 444 3076 sicut
465 3008 557 3087 σίκυς
583 3019 616 3074 et
637 3011 729 3095 quod
749 3011 923 3078 Helladius
945 3011 1044 3079 Phot.
1068 3013 1142 3078 871.
1164 3007 1341 3100 reprehendit
1374 3029 1375 3066 t

253 3108 383 3191 σίκυος,
406 3104 522 3195 operris
544 3119 578 3174 et
598 3107 750 3194 σμινοός,
774 3109 863 3199 tyros
886 3123 918 3178 et
940 3109 1050 3197 ἷγνύα,
1069 3123 1190 3209 ο-οῐοοο.
1212 3151 1251 3161 --
1278 3111 1340 3176 Pro·

253 3233 375 3275 nomen
391 3210 456 3289 τίς,
476 3210 632 3295 quoniam
650 3222 758 3278 cetera
776 3212 1009 3301 interrogativa
1028 3211 1063 3278 in
1080 3239 1117 3293 ος
1137 3224 1265 3290 exeunt,
1284 3233 1340 3276 ana·

252 3311 362 3396 logiae
382 3311 570 3378 defensores
590 3313 690 3398 rigidi
712 3315 835 3380 aeolice
858 3326 890 3382 et
913 3316 1046 3401 antique
1066 3316 1139 3394 τιός
1157 3315 1273 3380 dictum
1291 3331 1342 3378 esse

254 3410 429 3499 perhibent
448 3424 565 3499 postea
587 3425 695 3480 autem
715 3415 767 3494 τίς
788 3416 873 3483 κατὰ
896 3413 1015 3494 πάθος
1032 3417 1112 3483 ΕΜ.
1128 3417 1200 3496 729,
1215 3417 1263 3482 27.
1292 3410 1343 3480 sed

253 3514 487 3579 nominativum
507 3515 613 3594 illum,
641 3516 698 3601 qui
719 3539 881 3601 nusquam
904 3517 1038 3602 legitur,
1067 3517 1175 3583 dativo
1197 3515 1255 3606 τίῳ
1274 3514 1343 3579 affin-

253 3637 333 3701 gere
359 3617 512 3681 videntur
537 3638 568 3680 v.
590 3616 732 3683 Ahrens.
760 3619 856 3684 Aeol.
881 3620 952 3685 127.
984 3619 1208 3706 proportionis
1238 3635 1342 3683 conser-

253 3716 383 3781 vandae
410 3738 524 3794 causa,
554 3710 667 3800 quam
681 3741 701 3782 a
726 3719 973 3804 pronominibus
996 3721 1182 3806 prototypis
1208 3742 1271 3784 non
1292 3737 1345 3812 maj

253 3839 401 3904 gnopere
423 3816 594 3902 exigimus.
617 3855 660 3865 —
694 3819 847 3886 Genitivo
872 3821 985 3886 tertiae
1009 3821 1234 3888 declinationis
1255 3821 1285 3884 in
1303 3837 1344 3889 σος

254 3919 386 3986 exeunti
408 3906 586 3986 alterum}
608 3918 705 3983 eximi
721 3943 827 4014 posse
847 3921 881 3986 in
901 3923 981 3988 ΕΜ.
995 3921 1068 4000 517,
1082 3921 1135 3988 25.
1158 3921 1344 4009 significatur,

321 4157 351 4225 9)
371 4156 418 4211 Sic
437 4154 521 4211 etiam
539 4157 669 4209 Eustath.
689 4156 749 4220 618,
766 4156 791 4208 9.
812 4163 841 4210 et
860 4157 1072 4214 Choeroboscus
1091 4157 1152 4231 ipse
1170 4157 1198 4211 in
1216 4159 1266 4212 hac
1283 4165 1347 4208 causo

254 4245 373 4308 utroque
392 4241 504 4296 nomine
522 4241 680 4311 promiscue
699 4239 795 4294 utitur.
