<?xml version="1.0" encoding="UTF-8"?>
<!DOCTYPE html PUBLIC "-//W3C//DTD XHTML 1.0 Transitional//EN"
    "http://www.w3.org/TR/xhtml1/DTD/xhtml1-transitional.dtd">
<html xmlns="http://www.w3.org/1999/xhtml" xml:lang="en" lang="en">
 <head>
  <title>
</title>
<meta http-equiv="Content-Type" content="text/html;charset=utf-8" />
  <meta name='ocr-system' content='tesseract 3.04.00' />
  <meta name='ocr-capabilities' content='ocr_page ocr_carea ocr_par ocr_line ocrx_word'/>
</head>
<body>
  <div class='ocr_page' id='page_1' title='image "./pathologiaegrae01lobegoog/pathologiaegrae01lobegoog_0625.png"; bbox 0 0 2825 4809; ppageno 0'>
   <div class='ocr_carea' id='block_1_1' title="bbox 290 344 1155 432">
    <p class='ocr_par' dir='ltr' id='par_1_1' title="bbox 290 344 1155 432">
     <span class='ocr_line' id='line_1_1' title="bbox 290 344 1155 432; baseline -0.003 -18"><span class='ocrx_word' id='word_1_1' title='bbox 290 347 357 414; x_wconf 87' lang='lat' dir='ltr'>nn</span> <span class='ocrx_word' id='word_1_2' title='bbox 382 346 673 421; x_wconf 73' lang='grc' dir='ltr'><strong><em>ιιυιιτιιτει.</em></strong></span> <span class='ocrx_word' id='word_1_3' title='bbox 710 345 751 412; x_wconf 86' lang='lat' dir='ltr'>o.</span> <span class='ocrx_word' id='word_1_4' title='bbox 767 345 813 414; x_wconf 88' lang='lat'>11.</span> <span class='ocrx_word' id='word_1_5' title='bbox 836 349 861 432; x_wconf 68' lang='grc' dir='ltr'>ι.</span> <span class='ocrx_word' id='word_1_6' title='bbox 878 344 909 412; x_wconf 80' lang='grc' dir='ltr'>ι.</span> <span class='ocrx_word' id='word_1_7' title='bbox 1084 350 1155 427; x_wconf 71' lang='grc' dir='ltr'>ιιι</span> 
     </span>
    </p>
   </div>
   <div class='ocr_carea' id='block_1_2' title="bbox 66 530 1158 1058">
    <p class='ocr_par' dir='ltr' id='par_1_2' title="bbox 66 530 1158 1029">
     <span class='ocr_line' id='line_1_2' title="bbox 70 530 1157 622; baseline -0.003 -23"><span class='ocrx_word' id='word_1_8' title='bbox 70 559 129 606; x_wconf 74' lang='lat' dir='ltr'>pum</span> <span class='ocrx_word' id='word_1_9' title='bbox 162 531 397 621; x_wconf 69' lang='lat' dir='ltr'><strong>praepositione</strong></span> <span class='ocrx_word' id='word_1_10' title='bbox 429 532 649 622; x_wconf 78' lang='lat' dir='ltr'>compositum</span> <span class='ocrx_word' id='word_1_11' title='bbox 681 530 910 606; x_wconf 75' lang='lat' dir='ltr'>crediderinrt3</span> <span class='ocrx_word' id='word_1_12' title='bbox 949 539 1043 617; x_wconf 79' lang='lat' dir='ltr'>petet</span> <span class='ocrx_word' id='word_1_13' title='bbox 1079 551 1157 604; x_wconf 80' lang='lat' dir='ltr'>vero</span> 
     </span>
     <span class='ocr_line' id='line_1_3' title="bbox 70 631 1158 727; baseline -0.003 -24"><span class='ocrx_word' id='word_1_14' title='bbox 70 657 245 727; x_wconf 76' lang='lat' dir='ltr'>pamnpmon</span> <span class='ocrx_word' id='word_1_15' title='bbox 266 657 340 700; x_wconf 86' lang='lat' dir='ltr'>esse</span> <span class='ocrx_word' id='word_1_16' title='bbox 362 644 399 702; x_wconf 88' lang='lat' dir='ltr'>ut</span> <span class='ocrx_word' id='word_1_17' title='bbox 420 631 579 721; x_wconf 75' lang='grc' dir='ltr'><strong><em>ἐκκλησία</em></strong></span> <span class='ocrx_word' id='word_1_18' title='bbox 599 631 807 720; x_wconf 71' lang='grc' dir='ltr'><strong><em>ἐκκλησιάζει</em></strong></span> <span class='ocrx_word' id='word_1_19' title='bbox 828 643 861 699; x_wconf 92' lang='lat' dir='ltr'>et</span> <span class='ocrx_word' id='word_1_20' title='bbox 879 633 952 710; x_wconf 85' lang='lat' dir='ltr'>alia,</span> <span class='ocrx_word' id='word_1_21' title='bbox 978 654 1063 716; x_wconf 89' lang='lat' dir='ltr'>quae</span> <span class='ocrx_word' id='word_1_22' title='bbox 1077 633 1158 717; x_wconf 83' lang='lat' dir='ltr'>quia</span> 
     </span>
     <span class='ocr_line' id='line_1_4' title="bbox 68 734 1155 824; baseline -0.004 -20"><span class='ocrx_word' id='word_1_23' title='bbox 68 737 183 824; x_wconf 75' lang='lat' dir='ltr'>simplici</span> <span class='ocrx_word' id='word_1_24' title='bbox 207 746 332 814; x_wconf 87' lang='lat' dir='ltr'>carent,</span> <span class='ocrx_word' id='word_1_25' title='bbox 355 736 476 822; x_wconf 83' lang='lat' dir='ltr'>pariter</span> <span class='ocrx_word' id='word_1_26' title='bbox 504 735 604 800; x_wconf 88' lang='lat' dir='ltr'>modo</span> <span class='ocrx_word' id='word_1_27' title='bbox 633 734 827 803; x_wconf 76' lang='lat' dir='ltr'>intrinsecus</span> <span class='ocrx_word' id='word_1_28' title='bbox 866 743 1027 820; x_wconf 75' lang='lat' dir='ltr'><strong>augentur</strong></span> <span class='ocrx_word' id='word_1_29' title='bbox 1055 735 1155 800; x_wconf 82' lang='lat' dir='ltr'>modo</span> 
     </span>
     <span class='ocr_line' id='line_1_5' title="bbox 67 834 1156 924; baseline -0.003 -19"><span class='ocrx_word' id='word_1_30' title='bbox 67 840 249 906; x_wconf 82' lang='lat' dir='ltr'>extrinsecus.</span> <span class='ocrx_word' id='word_1_31' title='bbox 292 837 406 924; x_wconf 80' lang='lat' dir='ltr'>Alphe</span> <span class='ocrx_word' id='word_1_32' title='bbox 423 848 457 901; x_wconf 89' lang='lat' dir='ltr'>et</span> <span class='ocrx_word' id='word_1_33' title='bbox 473 836 542 903; x_wconf 88' lang='lat' dir='ltr'>iota</span> <span class='ocrx_word' id='word_1_34' title='bbox 553 837 723 901; x_wconf 73' lang='lat' dir='ltr'>transverti</span> <span class='ocrx_word' id='word_1_35' title='bbox 735 859 851 923; x_wconf 86' lang='lat' dir='ltr'>parum</span> <span class='ocrx_word' id='word_1_36' title='bbox 869 834 1027 923; x_wconf 89' lang='lat' dir='ltr'>probatur</span> <span class='ocrx_word' id='word_1_37' title='bbox 1046 857 1156 902; x_wconf 83' lang='lat' dir='ltr'>exem·</span> 
     </span>
     <span class='ocr_line' id='line_1_6' title="bbox 66 932 1154 1058; baseline -0.003 -51"><span class='ocrx_word' id='word_1_38' title='bbox 66 943 110 1029; x_wconf 92' lang='lat' dir='ltr'>plo</span> <span class='ocrx_word' id='word_1_39' title='bbox 127 939 242 1006; x_wconf 86' lang='grc' dir='ltr'>ἱιιΕΜ</span> <span class='ocrx_word' id='word_1_40' title='bbox 256 940 328 1016; x_wconf 89' lang='grc'>172,</span> <span class='ocrx_word' id='word_1_41' title='bbox 342 932 573 1025; x_wconf 70' lang='lat' dir='ltr'>prolatos.</span> <span class='ocrx_word' id='word_1_42' title='bbox 549 962 595 1016; x_wconf 87' lang='grc' dir='ltr'>ως</span> <span class='ocrx_word' id='word_1_43' title='bbox 615 937 710 1058; x_wconf 81' lang='grc' dir='ltr'><strong><em>παρὰ</em></strong></span> <span class='ocrx_word' id='word_1_44' title='bbox 729 938 768 1004; x_wconf 85' lang='grc' dir='ltr'>τὸ</span> <span class='ocrx_word' id='word_1_45' title='bbox 788 932 900 1006; x_wconf 76' lang='grc' dir='ltr'><strong><em>πολλά</em></strong></span> <span class='ocrx_word' id='word_1_46' title='bbox 921 934 1046 1021; x_wconf 77' lang='grc' dir='ltr'><strong><em>γίνεται</em></strong></span> <span class='ocrx_word' id='word_1_47' title='bbox 1069 937 1154 1004; x_wconf 79' lang='grc' dir='ltr'><strong><em>πολ-</em></strong></span> 
     </span>
    </p>
   </div>
   <div class='ocr_carea' id='block_1_3' title="bbox 59 1132 1156 1633">
    <p class='ocr_par' dir='ltr' id='par_1_3' title="bbox 59 1132 1156 1633">
     <span class='ocr_line' id='line_1_7' title="bbox 63 1132 1156 1228; baseline -0.002 -20"><span class='ocrx_word' id='word_1_48' title='bbox 63 1145 192 1228; x_wconf 80' lang='grc' dir='ltr'><strong><em>διιρικῶς</em></strong></span> <span class='ocrx_word' id='word_1_49' title='bbox 218 1135 371 1219; x_wconf 79' lang='grc' dir='ltr'>τουτάκι,</span> <span class='ocrx_word' id='word_1_50' title='bbox 408 1136 495 1208; x_wconf 87' lang='grc' dir='ltr'><strong><em>ου’τω</em></strong></span> <span class='ocrx_word' id='word_1_51' title='bbox 526 1137 622 1227; x_wconf 80' lang='grc' dir='ltr'><strong><em>παρὰ</em></strong></span> <span class='ocrx_word' id='word_1_52' title='bbox 648 1137 687 1206; x_wconf 82' lang='lat' dir='ltr'>ad</span> <span class='ocrx_word' id='word_1_53' title='bbox 718 1132 803 1208; x_wconf 83' lang='grc' dir='ltr'><strong><em>αδιά</em></strong></span> <span class='ocrx_word' id='word_1_54' title='bbox 838 1135 957 1207; x_wconf 79' lang='grc' dir='ltr'><strong><em>αὐτάκι</em></strong></span> <span class='ocrx_word' id='word_1_55' title='bbox 986 1134 1156 1206; x_wconf 77' lang='grc' dir='ltr'><strong><em>καὶκατὰ</em></strong></span> 
     </span>
     <span class='ocr_line' id='line_1_8' title="bbox 61 1235 1152 1328; baseline -0.002 -19"><span class='ocrx_word' id='word_1_56' title='bbox 61 1237 209 1319; x_wconf 71' lang='grc' dir='ltr'><strong><em>ἀντίθεσιν</em></strong></span> <span class='ocrx_word' id='word_1_57' title='bbox 241 1235 362 1308; x_wconf 75' lang='grc' dir='ltr'><strong><em>αὐτίκα</em></strong></span> <span class='ocrx_word' id='word_1_58' title='bbox 389 1241 471 1308; x_wconf 91' lang='grc' dir='ltr'>ΕΜ.</span> <span class='ocrx_word' id='word_1_59' title='bbox 507 1241 586 1318; x_wconf 93' lang='grc'>172,</span> <span class='ocrx_word' id='word_1_60' title='bbox 618 1240 648 1304; x_wconf 82' lang='grc'>5.</span> <span class='ocrx_word' id='word_1_61' title='bbox 692 1240 779 1307; x_wconf 85' lang='lat' dir='ltr'>Nam</span> <span class='ocrx_word' id='word_1_62' title='bbox 805 1237 956 1322; x_wconf 76' lang='grc' dir='ltr'>δεκάκις,</span> <span class='ocrx_word' id='word_1_63' title='bbox 993 1235 1152 1328; x_wconf 76' lang='grc' dir='ltr'>ὀλιγάκις,</span> 
     </span>
     <span class='ocr_line' id='line_1_9' title="bbox 62 1337 1154 1428; baseline 0.004 -22"><span class='ocrx_word' id='word_1_64' title='bbox 62 1337 190 1420; x_wconf 83' lang='grc' dir='ltr'><strong><em>δισσάκις</em></strong></span> <span class='ocrx_word' id='word_1_65' title='bbox 217 1353 279 1408; x_wconf 85' lang='lat' dir='ltr'>eto.</span> <span class='ocrx_word' id='word_1_66' title='bbox 307 1355 384 1413; x_wconf 87' lang='lat' dir='ltr'>sunt</span> <span class='ocrx_word' id='word_1_67' title='bbox 417 1341 571 1409; x_wconf 86' lang='lat' dir='ltr'>adverbia</span> <span class='ocrx_word' id='word_1_68' title='bbox 597 1341 775 1407; x_wconf 85' lang='lat' dir='ltr'>numeralia</span> <span class='ocrx_word' id='word_1_69' title='bbox 806 1364 891 1427; x_wconf 85' lang='lat' dir='ltr'>quae</span> <span class='ocrx_word' id='word_1_70' title='bbox 921 1343 1154 1428; x_wconf 83' lang='lat' dir='ltr'>interrogativo</span> 
     </span>
     <span class='ocr_line' id='line_1_10' title="bbox 59 1438 1154 1532; baseline 0 -22"><span class='ocrx_word' id='word_1_71' title='bbox 59 1440 181 1521; x_wconf 78' lang='grc' dir='ltr'><strong><em>ποσάκις</em></strong></span> <span class='ocrx_word' id='word_1_72' title='bbox 206 1446 410 1532; x_wconf 85' lang='lat' dir='ltr'>respondent</span> <span class='ocrx_word' id='word_1_73' title='bbox 435 1443 554 1532; x_wconf 87' lang='lat' dir='ltr'>partim</span> <span class='ocrx_word' id='word_1_74' title='bbox 579 1438 691 1527; x_wconf 75' lang='lat' dir='ltr'>ysaraoi</span> <span class='ocrx_word' id='word_1_75' title='bbox 725 1443 793 1508; x_wconf 88' lang='lat' dir='ltr'>eive</span> <span class='ocrx_word' id='word_1_76' title='bbox 830 1443 990 1510; x_wconf 88' lang='lat' dir='ltr'>indefiniti</span> <span class='ocrx_word' id='word_1_77' title='bbox 1028 1444 1154 1512; x_wconf 86' lang='lat' dir='ltr'>numeri</span> 
     </span>
     <span class='ocr_line' id='line_1_11' title="bbox 60 1539 1155 1633; baseline 0.003 -24"><span class='ocrx_word' id='word_1_78' title='bbox 60 1543 157 1628; x_wconf 84' lang='lat' dir='ltr'>partim</span> <span class='ocrx_word' id='word_1_79' title='bbox 173 1545 267 1624; x_wconf 82' lang='lat' dir='ltr'>finiti,</span> <span class='ocrx_word' id='word_1_80' title='bbox 290 1569 375 1632; x_wconf 87' lang='lat' dir='ltr'>quae</span> <span class='ocrx_word' id='word_1_81' title='bbox 395 1540 516 1633; x_wconf 86' lang='grc' dir='ltr'><strong><em>μερικά</em></strong></span> <span class='ocrx_word' id='word_1_82' title='bbox 541 1553 715 1621; x_wconf 87' lang='lat' dir='ltr'>vocantur,</span> <span class='ocrx_word' id='word_1_83' title='bbox 745 1543 804 1610; x_wconf 84' lang='lat' dir='ltr'>sed</span> <span class='ocrx_word' id='word_1_84' title='bbox 829 1539 948 1612; x_wconf 78' lang='lat' dir='ltr'>udaian</span> <span class='ocrx_word' id='word_1_85' title='bbox 973 1545 1155 1633; x_wconf 84' lang='lat' dir='ltr'>temporale</span> 
     </span>
    </p>
   </div>
   <div class='ocr_carea' id='block_1_4' title="bbox 41 1643 1158 4066">
    <p class='ocr_par' dir='ltr' id='par_1_4' title="bbox 56 1643 1156 2035">
     <span class='ocr_line' id='line_1_12' title="bbox 58 1643 1155 1733; baseline 0.006 -26"><span class='ocrx_word' id='word_1_86' title='bbox 58 1655 100 1708; x_wconf 87' lang='lat' dir='ltr'>est</span> <span class='ocrx_word' id='word_1_87' title='bbox 115 1645 184 1711; x_wconf 87' lang='lat' dir='ltr'>item</span> <span class='ocrx_word' id='word_1_88' title='bbox 202 1657 239 1711; x_wconf 90' lang='lat' dir='ltr'>ut</span> <span class='ocrx_word' id='word_1_89' title='bbox 262 1643 400 1715; x_wconf 84' lang='grc' dir='ltr'><strong><em>τουτάκι</em></strong></span> <span class='ocrx_word' id='word_1_90' title='bbox 419 1647 510 1732; x_wconf 90' lang='lat' dir='ltr'>quod</span> <span class='ocrx_word' id='word_1_91' title='bbox 533 1645 646 1710; x_wconf 90' lang='lat' dir='ltr'>dorice</span> <span class='ocrx_word' id='word_1_92' title='bbox 665 1645 784 1710; x_wconf 88' lang='lat' dir='ltr'>dicitur</span> <span class='ocrx_word' id='word_1_93' title='bbox 805 1667 865 1733; x_wconf 91' lang='lat' dir='ltr'>pro</span> <span class='ocrx_word' id='word_1_94' title='bbox 887 1643 1155 1714; x_wconf 67' lang='lat' dir='ltr'>vizacenus</span> 
     </span>
     <span class='ocr_line' id='line_1_13' title="bbox 58 1746 1154 1835; baseline 0.005 -27"><span class='ocrx_word' id='word_1_95' title='bbox 58 1767 119 1812; x_wconf 83' lang='lat' dir='ltr'>vero</span> <span class='ocrx_word' id='word_1_96' title='bbox 138 1758 185 1812; x_wconf 88' lang='lat' dir='ltr'>est</span> <span class='ocrx_word' id='word_1_97' title='bbox 202 1747 440 1835; x_wconf 84' lang='lat' dir='ltr'>Epicharmum</span> <span class='ocrx_word' id='word_1_98' title='bbox 462 1757 495 1814; x_wconf 90' lang='lat' dir='ltr'>et</span> <span class='ocrx_word' id='word_1_99' title='bbox 516 1746 726 1833; x_wconf 78' lang='lat' dir='ltr'>Sophronam</span> <span class='ocrx_word' id='word_1_100' title='bbox 748 1770 808 1834; x_wconf 92' lang='lat' dir='ltr'>pro</span> <span class='ocrx_word' id='word_1_101' title='bbox 832 1748 1008 1832; x_wconf 76' lang='grc' dir='ltr'><strong><em>βαπτίζειν</em></strong></span> <span class='ocrx_word' id='word_1_102' title='bbox 1031 1749 1154 1814; x_wconf 79' lang='lat' dir='ltr'>dixisse</span> 
     </span>
     <span class='ocr_line' id='line_1_14' title="bbox 56 1845 1156 1928; baseline 0.005 -16"><span class='ocrx_word' id='word_1_103' title='bbox 56 1845 219 1928; x_wconf 67' lang='grc' dir='ltr'><strong><em>διστάζειν.</em></strong></span> <span class='ocrx_word' id='word_1_104' title='bbox 266 1851 321 1916; x_wconf 90' lang='lat' dir='ltr'>De</span> <span class='ocrx_word' id='word_1_105' title='bbox 343 1850 561 1915; x_wconf 77' lang='lat' dir='ltr'>transfusione</span> <span class='ocrx_word' id='word_1_106' title='bbox 586 1848 752 1914; x_wconf 88' lang='lat' dir='ltr'>literarum</span> <span class='ocrx_word' id='word_1_107' title='bbox 782 1875 804 1915; x_wconf 93' lang='grc' dir='ltr'><strong><em>α</em></strong></span> <span class='ocrx_word' id='word_1_108' title='bbox 826 1858 859 1914; x_wconf 86' lang='lat' dir='ltr'>et</span> <span class='ocrx_word' id='word_1_109' title='bbox 883 1873 901 1914; x_wconf 89' lang='grc' dir='ltr'><strong><em>υ</em></strong></span> <span class='ocrx_word' id='word_1_110' title='bbox 924 1871 1029 1916; x_wconf 88' lang='lat' dir='ltr'>sermo</span> <span class='ocrx_word' id='word_1_111' title='bbox 1052 1851 1156 1917; x_wconf 83' lang='lat' dir='ltr'>estin</span> 
     </span>
     <span class='ocr_line' id='line_1_15' title="bbox 56 1940 1153 2035; baseline 0.006 -25"><span class='ocrx_word' id='word_1_112' title='bbox 56 1947 114 2012; x_wconf 88' lang='lat' dir='ltr'>loco</span> <span class='ocrx_word' id='word_1_113' title='bbox 132 1949 290 2017; x_wconf 82' lang='lat' dir='ltr'>lacunoso</span> <span class='ocrx_word' id='word_1_114' title='bbox 312 1952 392 2019; x_wconf 90' lang='grc' dir='ltr'>ΕΜ.</span> <span class='ocrx_word' id='word_1_115' title='bbox 411 1952 463 2029; x_wconf 91' lang='grc'>71,</span> <span class='ocrx_word' id='word_1_116' title='bbox 480 1951 534 2016; x_wconf 88' lang='grc'>32.</span> <span class='ocrx_word' id='word_1_117' title='bbox 558 1943 737 2018; x_wconf 66' lang='lat' dir='ltr'>dinarium·</span> <span class='ocrx_word' id='word_1_118' title='bbox 761 1942 843 2015; x_wconf 78' lang='grc' dir='ltr'><strong><em>άλλο</em></strong></span> <span class='ocrx_word' id='word_1_119' title='bbox 867 1940 923 2015; x_wconf 81' lang='grc' dir='ltr'>οὖν</span> <span class='ocrx_word' id='word_1_120' title='bbox 946 1948 1016 2016; x_wconf 80' lang='grc' dir='ltr'><strong><em>ἐστι</em></strong></span> <span class='ocrx_word' id='word_1_121' title='bbox 1038 1945 1153 2035; x_wconf 80' lang='grc' dir='ltr'><strong><em>παρά</em></strong></span> 
     </span>
    </p>

    <p class='ocr_par' dir='ltr' id='par_1_5' title="bbox 46 2043 1156 3561">
     <span class='ocr_line' id='line_1_16' title="bbox 56 2043 1155 2141; baseline 0.003 -28"><span class='ocrx_word' id='word_1_122' title='bbox 56 2047 210 2135; x_wconf 59' lang='grc' dir='ltr'><strong><em>δειγμα(</em></strong></span> <span class='ocrx_word' id='word_1_123' title='bbox 193 2078 212 2119; x_wconf 93' lang='grc' dir='ltr'><strong><em>ο</em></strong></span> <span class='ocrx_word' id='word_1_124' title='bbox 250 2051 380 2141; x_wconf 81' lang='grc' dir='ltr'><strong><em>κίρκος,</em></strong></span> <span class='ocrx_word' id='word_1_125' title='bbox 430 2044 514 2120; x_wconf 74' lang='lat' dir='ltr'>dila</span> <span class='ocrx_word' id='word_1_126' title='bbox 553 2048 592 2118; x_wconf 86' lang='grc' dir='ltr'>τὸ</span> <span class='ocrx_word' id='word_1_127' title='bbox 632 2045 799 2119; x_wconf 80' lang='grc' dir='ltr'><strong><em>υλακτίων</em></strong></span> <span class='ocrx_word' id='word_1_128' title='bbox 839 2043 1014 2117; x_wconf 74' lang='grc' dir='ltr'><strong><em>δίυκτίιυν.</em></strong></span> <span class='ocrx_word' id='word_1_129' title='bbox 1088 2050 1155 2116; x_wconf 85' lang='lat' dir='ltr'>Hic</span> 
     </span>
     <span class='ocr_line' id='line_1_17' title="bbox 56 2148 1154 2240; baseline 0.005 -27"><span class='ocrx_word' id='word_1_130' title='bbox 56 2150 125 2215; x_wconf 90' lang='lat' dir='ltr'>enim</span> <span class='ocrx_word' id='word_1_131' title='bbox 144 2165 284 2240; x_wconf 86' lang='lat' dir='ltr'>apparet</span> <span class='ocrx_word' id='word_1_132' title='bbox 308 2155 349 2220; x_wconf 91' lang='lat' dir='ltr'>de</span> <span class='ocrx_word' id='word_1_133' title='bbox 372 2152 502 2220; x_wconf 91' lang='lat' dir='ltr'>duobus</span> <span class='ocrx_word' id='word_1_134' title='bbox 520 2152 576 2238; x_wconf 84' lang='lat' dir='ltr'>agi</span> <span class='ocrx_word' id='word_1_135' title='bbox 597 2151 785 2220; x_wconf 75' lang='lat' dir='ltr'>metathesis</span> <span class='ocrx_word' id='word_1_136' title='bbox 807 2148 993 2236; x_wconf 87' lang='lat' dir='ltr'>generibus,</span> <span class='ocrx_word' id='word_1_137' title='bbox 1016 2174 1154 2235; x_wconf 88' lang='lat' dir='ltr'>quorum</span> 
     </span>
     <span class='ocr_line' id='line_1_18' title="bbox 54 2251 1154 2340; baseline 0 -22"><span class='ocrx_word' id='word_1_138' title='bbox 54 2275 136 2318; x_wconf 92' lang='lat' dir='ltr'>unum</span> <span class='ocrx_word' id='word_1_139' title='bbox 165 2258 315 2336; x_wconf 76' lang='lat' dir='ltr'>vocalem</span> <span class='ocrx_word' id='word_1_140' title='bbox 343 2267 377 2322; x_wconf 89' lang='lat' dir='ltr'>et</span> <span class='ocrx_word' id='word_1_141' title='bbox 406 2277 585 2323; x_wconf 90' lang='lat' dir='ltr'>consonam</span> <span class='ocrx_word' id='word_1_142' title='bbox 614 2254 762 2337; x_wconf 87' lang='lat' dir='ltr'>ejusdem</span> <span class='ocrx_word' id='word_1_143' title='bbox 791 2251 934 2338; x_wconf 86' lang='lat' dir='ltr'>syllabae</span> <span class='ocrx_word' id='word_1_144' title='bbox 961 2254 1154 2340; x_wconf 79' lang='lat' dir='ltr'>transponit,</span> 
     </span>
     <span class='ocr_line' id='line_1_19' title="bbox 53 2354 1156 2442; baseline 0.002 -24"><span class='ocrx_word' id='word_1_145' title='bbox 53 2354 170 2424; x_wconf 83' lang='lat' dir='ltr'>alterum</span> <span class='ocrx_word' id='word_1_146' title='bbox 189 2359 323 2426; x_wconf 86' lang='lat' dir='ltr'>vocales</span> <span class='ocrx_word' id='word_1_147' title='bbox 346 2358 547 2424; x_wconf 86' lang='lat' dir='ltr'>diversarum</span> <span class='ocrx_word' id='word_1_148' title='bbox 568 2355 774 2441; x_wconf 84' lang='lat' dir='ltr'>syllabarum.</span> <span class='ocrx_word' id='word_1_149' title='bbox 818 2354 909 2422; x_wconf 84' lang='lat' dir='ltr'>Illius</span> <span class='ocrx_word' id='word_1_150' title='bbox 927 2355 1093 2442; x_wconf 76' lang='lat' dir='ltr'>specimen</span> <span class='ocrx_word' id='word_1_151' title='bbox 1105 2366 1156 2422; x_wconf 85' lang='lat' dir='ltr'>est</span> 
     </span>
     <span class='ocr_line' id='line_1_20' title="bbox 52 2454 1155 2545; baseline 0.002 -24"><span class='ocrx_word' id='word_1_152' title='bbox 52 2458 155 2539; x_wconf 84' lang='grc' dir='ltr'><strong><em>κρίκος,</em></strong></span> <span class='ocrx_word' id='word_1_153' title='bbox 188 2459 290 2545; x_wconf 90' lang='lat' dir='ltr'>hujus</span> <span class='ocrx_word' id='word_1_154' title='bbox 319 2459 455 2526; x_wconf 89' lang='lat' dir='ltr'>verbum</span> <span class='ocrx_word' id='word_1_155' title='bbox 488 2457 643 2525; x_wconf 84' lang='lat' dir='ltr'>creticum</span> <span class='ocrx_word' id='word_1_156' title='bbox 675 2457 766 2541; x_wconf 92' lang='lat' dir='ltr'>quod</span> <span class='ocrx_word' id='word_1_157' title='bbox 793 2454 981 2540; x_wconf 80' lang='lat' dir='ltr'>Hesychius</span> <span class='ocrx_word' id='word_1_158' title='bbox 1016 2457 1155 2525; x_wconf 84' lang='lat' dir='ltr'>servavit</span> 
     </span>
     <span class='ocr_line' id='line_1_21' title="bbox 47 2548 1154 2648; baseline 0.004 -28"><span class='ocrx_word' id='word_1_159' title='bbox 47 2548 181 2627; x_wconf 81' lang='grc' dir='ltr'><strong><em>Ἀίυκτεῖ</em></strong></span> <span class='ocrx_word' id='word_1_160' title='bbox 200 2557 348 2629; x_wconf 78' lang='grc' dir='ltr'><strong><em>ὑλακτεῖ.</em></strong></span> <span class='ocrx_word' id='word_1_161' title='bbox 391 2561 497 2648; x_wconf 87' lang='lat' dir='ltr'><strong>Apud</strong></span> <span class='ocrx_word' id='word_1_162' title='bbox 518 2560 660 2626; x_wconf 88' lang='lat' dir='ltr'>eumdem</span> <span class='ocrx_word' id='word_1_163' title='bbox 681 2552 943 2646; x_wconf 76' lang='grc' dir='ltr'><strong><em>ριοἈστυλάζει</em></strong></span> <span class='ocrx_word' id='word_1_164' title='bbox 963 2559 1062 2626; x_wconf 80' lang='grc' dir='ltr'><strong><em>λυπεῖ</em></strong></span> <span class='ocrx_word' id='word_1_165' title='bbox 1083 2552 1154 2642; x_wconf 81' lang='grc' dir='ltr'>(λδ-</span> 
     </span>
     <span class='ocr_line' id='line_1_22' title="bbox 50 2653 1153 2746; baseline 0.002 -24"><span class='ocrx_word' id='word_1_166' title='bbox 50 2656 104 2743; x_wconf 82' lang='grc' dir='ltr'><strong><em>ζει)</em></strong></span> <span class='ocrx_word' id='word_1_167' title='bbox 125 2661 210 2744; x_wconf 78' lang='grc' dir='ltr'><strong><em>μετὰ</em></strong></span> <span class='ocrx_word' id='word_1_168' title='bbox 241 2664 420 2746; x_wconf 69' lang='grc' dir='ltr'><strong><em>κλαυθμοῦ</em></strong></span> <span class='ocrx_word' id='word_1_169' title='bbox 448 2662 621 2746; x_wconf 84' lang='lat' dir='ltr'>corrigitur</span> <span class='ocrx_word' id='word_1_170' title='bbox 648 2653 843 2738; x_wconf 77' lang='grc' dir='ltr'><strong><em>δσταλάζει·</em></strong></span> <span class='ocrx_word' id='word_1_171' title='bbox 879 2656 932 2722; x_wconf 90' lang='lat' dir='ltr'>cui</span> <span class='ocrx_word' id='word_1_172' title='bbox 961 2657 1074 2724; x_wconf 85' lang='lat' dir='ltr'>similis</span> <span class='ocrx_word' id='word_1_173' title='bbox 1103 2669 1153 2724; x_wconf 89' lang='lat' dir='ltr'>est</span> 
     </span>
     <span class='ocr_line' id='line_1_23' title="bbox 49 2757 1152 2851; baseline 0.003 -28"><span class='ocrx_word' id='word_1_174' title='bbox 49 2763 200 2848; x_wconf 85' lang='lat' dir='ltr'>comnptio</span> <span class='ocrx_word' id='word_1_175' title='bbox 222 2759 388 2851; x_wconf 87' lang='grc' dir='ltr'><strong><em>Λυκάδης</em></strong></span> <span class='ocrx_word' id='word_1_176' title='bbox 409 2786 470 2850; x_wconf 93' lang='lat' dir='ltr'>pro</span> <span class='ocrx_word' id='word_1_177' title='bbox 492 2757 658 2848; x_wconf 80' lang='grc' dir='ltr'><strong><em>Λακύδης</em></strong></span> <span class='ocrx_word' id='word_1_178' title='bbox 678 2760 713 2824; x_wconf 90' lang='lat' dir='ltr'>in</span> <span class='ocrx_word' id='word_1_179' title='bbox 734 2758 831 2824; x_wconf 90' lang='lat' dir='ltr'>codd</span> <span class='ocrx_word' id='word_1_180' title='bbox 846 2757 976 2824; x_wconf 88' lang='lat' dir='ltr'>Aeliam.</span> <span class='ocrx_word' id='word_1_181' title='bbox 999 2759 1044 2823; x_wconf 93' lang='lat' dir='ltr'>H.</span> <span class='ocrx_word' id='word_1_182' title='bbox 1063 2760 1152 2826; x_wconf 89' lang='grc' dir='ltr'>Αιιιι.</span> 
     </span>
     <span class='ocr_line' id='line_1_24' title="bbox 48 2858 1151 2951; baseline -0.001 -24"><span class='ocrx_word' id='word_1_183' title='bbox 48 2861 113 2927; x_wconf 72' lang='lat' dir='ltr'>vn.</span> <span class='ocrx_word' id='word_1_184' title='bbox 132 2865 187 2931; x_wconf 87' lang='grc'>41.</span> <span class='ocrx_word' id='word_1_185' title='bbox 232 2867 289 2930; x_wconf 91' lang='lat' dir='ltr'>De</span> <span class='ocrx_word' id='word_1_186' title='bbox 308 2865 415 2951; x_wconf 91' lang='lat' dir='ltr'>epsilc</span> <span class='ocrx_word' id='word_1_187' title='bbox 444 2876 477 2931; x_wconf 91' lang='lat' dir='ltr'>et</span> <span class='ocrx_word' id='word_1_188' title='bbox 505 2874 559 2930; x_wconf 86' lang='lat' dir='ltr'>eta</span> <span class='ocrx_word' id='word_1_189' title='bbox 588 2860 751 2929; x_wconf 82' lang='lat' dir='ltr'>contraria</span> <span class='ocrx_word' id='word_1_190' title='bbox 782 2858 896 2925; x_wconf 88' lang='lat' dir='ltr'>dicunt</span> <span class='ocrx_word' id='word_1_191' title='bbox 915 2858 1028 2927; x_wconf 84' lang='lat' dir='ltr'>Schol.</span> <span class='ocrx_word' id='word_1_192' title='bbox 1049 2860 1151 2927; x_wconf 90' lang='lat' dir='ltr'>Dion.</span> 
     </span>
     <span class='ocr_line' id='line_1_25' title="bbox 49 2957 1154 3055; baseline -0.003 -26"><span class='ocrx_word' id='word_1_193' title='bbox 49 2963 177 3035; x_wconf 80' lang='lat' dir='ltr'>Gramm.</span> <span class='ocrx_word' id='word_1_194' title='bbox 207 2968 291 3046; x_wconf 83' lang='grc'><strong>793,</strong></span> <span class='ocrx_word' id='word_1_195' title='bbox 317 2968 370 3033; x_wconf 91' lang='grc'>21.</span> <span class='ocrx_word' id='word_1_196' title='bbox 404 2959 526 3055; x_wconf 75' lang='grc' dir='ltr'><strong><em>ἤρεμος</em></strong></span> <span class='ocrx_word' id='word_1_197' title='bbox 552 2965 611 3032; x_wconf 78' lang='grc' dir='ltr'>καί</span> <span class='ocrx_word' id='word_1_198' title='bbox 643 2961 729 3032; x_wconf 83' lang='grc' dir='ltr'><strong><em>κατὰ</em></strong></span> <span class='ocrx_word' id='word_1_199' title='bbox 758 2957 941 3046; x_wconf 67' lang='grc' dir='ltr'><strong><em>μετάθεσιν</em></strong></span> <span class='ocrx_word' id='word_1_200' title='bbox 970 2957 1092 3049; x_wconf 71' lang='grc' dir='ltr'><strong><em>ἔρημος</em></strong></span> <span class='ocrx_word' id='word_1_201' title='bbox 1121 2972 1154 3026; x_wconf 92' lang='lat' dir='ltr'>et</span> 
     </span>
     <span class='ocr_line' id='line_1_26' title="bbox 47 3057 1153 3157; baseline -0.002 -27"><span class='ocrx_word' id='word_1_202' title='bbox 47 3064 113 3131; x_wconf 85' lang='grc' dir='ltr'>ΕΜ.</span> <span class='ocrx_word' id='word_1_203' title='bbox 122 3069 198 3147; x_wconf 81' lang='grc'><strong>436,</strong></span> <span class='ocrx_word' id='word_1_204' title='bbox 221 3070 277 3134; x_wconf 83' lang='lat'>43.</span> <span class='ocrx_word' id='word_1_205' title='bbox 300 3066 424 3157; x_wconf 79' lang='grc' dir='ltr'><strong><em>ἐρημία</em></strong></span> <span class='ocrx_word' id='word_1_206' title='bbox 445 3061 528 3132; x_wconf 70' lang='grc' dir='ltr'>καθ’</span> <span class='ocrx_word' id='word_1_207' title='bbox 555 3061 742 3152; x_wconf 70' lang='grc' dir='ltr'><strong><em>ὑπέρθεσιν</em></strong></span> <span class='ocrx_word' id='word_1_208' title='bbox 762 3057 893 3149; x_wconf 78' lang='grc' dir='ltr'><strong><em>ἠρεμία.</em></strong></span> <span class='ocrx_word' id='word_1_209' title='bbox 926 3062 1022 3127; x_wconf 85' lang='lat' dir='ltr'>Haec</span> <span class='ocrx_word' id='word_1_210' title='bbox 1042 3065 1153 3130; x_wconf 80' lang='lat' dir='ltr'>cerbo-</span> 
     </span>
     <span class='ocr_line' id='line_1_27' title="bbox 48 3161 1153 3254; baseline -0.004 -22"><span class='ocrx_word' id='word_1_211' title='bbox 48 3186 107 3234; x_wconf 83' lang='lat' dir='ltr'>rum</span> <span class='ocrx_word' id='word_1_212' title='bbox 131 3184 178 3238; x_wconf 72' lang='lat' dir='ltr'>est</span> <span class='ocrx_word' id='word_1_213' title='bbox 206 3174 303 3254; x_wconf 75' lang='lat' dir='ltr'>eopia</span> <span class='ocrx_word' id='word_1_214' title='bbox 332 3189 432 3236; x_wconf 79' lang='lat' dir='ltr'>easta.</span> <span class='ocrx_word' id='word_1_215' title='bbox 488 3168 556 3234; x_wconf 89' lang='lat' dir='ltr'>Pro</span> <span class='ocrx_word' id='word_1_216' title='bbox 585 3163 793 3254; x_wconf 68' lang='grc' dir='ltr'><strong><em>θηλυμίτρης</em></strong></span> <span class='ocrx_word' id='word_1_217' title='bbox 829 3161 951 3228; x_wconf 87' lang='lat' dir='ltr'>librarii</span> <span class='ocrx_word' id='word_1_218' title='bbox 980 3162 1153 3247; x_wconf 80' lang='lat' dir='ltr'>aliquoties</span> 
     </span>
     <span class='ocr_line' id='line_1_28' title="bbox 47 3258 1154 3359; baseline -0.005 -27"><span class='ocrx_word' id='word_1_219' title='bbox 47 3269 239 3356; x_wconf 86' lang='lat' dir='ltr'>scripserunt</span> <span class='ocrx_word' id='word_1_220' title='bbox 261 3265 477 3359; x_wconf 69' lang='grc' dir='ltr'><strong><em>δηλάμητρις.</em></strong></span> <span class='ocrx_word' id='word_1_221' title='bbox 520 3265 738 3352; x_wconf 86' lang='lat' dir='ltr'>Peregrinum</span> <span class='ocrx_word' id='word_1_222' title='bbox 764 3274 814 3330; x_wconf 83' lang='lat' dir='ltr'>ert</span> <span class='ocrx_word' id='word_1_223' title='bbox 836 3258 940 3330; x_wconf 78' lang='grc' dir='ltr'><strong><em>Ἰνδία</em></strong></span> <span class='ocrx_word' id='word_1_224' title='bbox 964 3261 1154 3350; x_wconf 79' lang='grc' dir='ltr'><strong><em>μεσημβρία</em></strong></span> 
     </span>
     <span class='ocr_line' id='line_1_29' title="bbox 46 3363 1155 3451; baseline -0.003 -19"><span class='ocrx_word' id='word_1_225' title='bbox 46 3369 238 3451; x_wconf 83' lang='grc' dir='ltr'><strong><em>Μακεδόνες</em></strong></span> <span class='ocrx_word' id='word_1_226' title='bbox 259 3373 343 3437; x_wconf 86' lang='lat' dir='ltr'>Hes.</span> <span class='ocrx_word' id='word_1_227' title='bbox 367 3369 431 3435; x_wconf 92' lang='lat' dir='ltr'>hoc</span> <span class='ocrx_word' id='word_1_228' title='bbox 455 3379 506 3436; x_wconf 88' lang='lat' dir='ltr'>est</span> <span class='ocrx_word' id='word_1_229' title='bbox 522 3364 646 3434; x_wconf 77' lang='grc' dir='ltr'><strong><em>Ἐνδία.</em></strong></span> <span class='ocrx_word' id='word_1_230' title='bbox 690 3367 723 3435; x_wconf 88' lang='grc' dir='ltr'><strong>Ε</strong></span> <span class='ocrx_word' id='word_1_231' title='bbox 743 3364 872 3430; x_wconf 90' lang='lat' dir='ltr'>turbido</span> <span class='ocrx_word' id='word_1_232' title='bbox 892 3364 981 3429; x_wconf 77' lang='lat' dir='ltr'>fonte</span> <span class='ocrx_word' id='word_1_233' title='bbox 1004 3363 1155 3430; x_wconf 87' lang='lat' dir='ltr'>haustum</span> 
     </span>
     <span class='ocr_line' id='line_1_30' title="bbox 46 3460 1154 3561; baseline -0.006 -25"><span class='ocrx_word' id='word_1_234' title='bbox 46 3471 171 3540; x_wconf 85' lang='lat' dir='ltr'>dixerim</span> <span class='ocrx_word' id='word_1_235' title='bbox 194 3475 289 3561; x_wconf 92' lang='lat' dir='ltr'>quod</span> <span class='ocrx_word' id='word_1_236' title='bbox 310 3473 390 3540; x_wconf 87' lang='lat' dir='ltr'>EM.</span> <span class='ocrx_word' id='word_1_237' title='bbox 414 3471 493 3549; x_wconf 83' lang='lat'>631,</span> <span class='ocrx_word' id='word_1_238' title='bbox 515 3470 568 3534; x_wconf 89' lang='grc'>49.</span> <span class='ocrx_word' id='word_1_239' title='bbox 596 3476 707 3533; x_wconf 89' lang='lat' dir='ltr'>narrat</span> <span class='ocrx_word' id='word_1_240' title='bbox 728 3461 896 3552; x_wconf 79' lang='grc' dir='ltr'><strong><em>δρμασται</em></strong></span> <span class='ocrx_word' id='word_1_241' title='bbox 919 3460 989 3532; x_wconf 76' lang='grc' dir='ltr'>ἀπὸ</span> <span class='ocrx_word' id='word_1_242' title='bbox 1011 3469 1071 3533; x_wconf 84' lang='grc' dir='ltr'>τοῦ</span> <span class='ocrx_word' id='word_1_243' title='bbox 1093 3460 1154 3550; x_wconf 82' lang='grc' dir='ltr'><strong><em>ἆρ-</em></strong></span> 
     </span>
    </p>

    <p class='ocr_par' dir='ltr' id='par_1_6' title="bbox 42 3561 1157 3861">
     <span class='ocr_line' id='line_1_31' title="bbox 43 3561 1157 3673; baseline -0.007 -33"><span class='ocrx_word' id='word_1_244' title='bbox 43 3568 156 3655; x_wconf 76' lang='grc' dir='ltr'><strong><em>μόζιυ“</em></strong></span> <span class='ocrx_word' id='word_1_245' title='bbox 134 3600 323 3673; x_wconf 87' lang='grc' dir='ltr'><strong><em>ηρμσσμαι,</em></strong></span> <span class='ocrx_word' id='word_1_246' title='bbox 343 3571 382 3640; x_wconf 87' lang='grc' dir='ltr'>τὸ</span> <span class='ocrx_word' id='word_1_247' title='bbox 399 3569 509 3661; x_wconf 89' lang='grc' dir='ltr'><strong><em>τρίτον</em></strong></span> <span class='ocrx_word' id='word_1_248' title='bbox 520 3566 690 3659; x_wconf 87' lang='grc' dir='ltr'><strong><em>η’ρμοσται</em></strong></span> <span class='ocrx_word' id='word_1_249' title='bbox 706 3561 928 3654; x_wconf 70' lang='grc' dir='ltr'><strong><em>ὖιτερδέσει“</em></strong></span> <span class='ocrx_word' id='word_1_250' title='bbox 915 3564 1082 3654; x_wconf 86' lang='grc' dir='ltr'><strong><em>άρμησται</em></strong></span> <span class='ocrx_word' id='word_1_251' title='bbox 1098 3563 1157 3632; x_wconf 80' lang='grc' dir='ltr'>καί</span> 
     </span>
     <span class='ocr_line' id='line_1_32' title="bbox 43 3661 1156 3768; baseline -0.004 -29"><span class='ocrx_word' id='word_1_252' title='bbox 43 3678 178 3768; x_wconf 76' lang='grc' dir='ltr'><strong><em>συστολῇ</em></strong></span> <span class='ocrx_word' id='word_1_253' title='bbox 192 3679 254 3744; x_wconf 74' lang='grc' dir='ltr'>τοῦ</span> <span class='ocrx_word' id='word_1_254' title='bbox 275 3701 296 3764; x_wconf 91' lang='grc' dir='ltr'><strong><em>η</em></strong></span> <span class='ocrx_word' id='word_1_255' title='bbox 311 3671 491 3761; x_wconf 83' lang='grc' dir='ltr'><strong><em>δρμασται,</em></strong></span> <span class='ocrx_word' id='word_1_256' title='bbox 507 3671 599 3757; x_wconf 89' lang='lat' dir='ltr'>quod</span> <span class='ocrx_word' id='word_1_257' title='bbox 612 3669 723 3757; x_wconf 84' lang='lat' dir='ltr'>potius</span> <span class='ocrx_word' id='word_1_258' title='bbox 746 3665 788 3734; x_wconf 86' lang='lat' dir='ltr'>ab</span> <span class='ocrx_word' id='word_1_259' title='bbox 810 3661 942 3755; x_wconf 83' lang='grc' dir='ltr'><strong><em>ερμάζω</em></strong></span> <span class='ocrx_word' id='word_1_260' title='bbox 959 3667 1156 3734; x_wconf 87' lang='lat' dir='ltr'>declinatum</span> 
     </span>
     <span class='ocr_line' id='line_1_33' title="bbox 42 3769 1155 3861; baseline -0.004 -22"><span class='ocrx_word' id='word_1_261' title='bbox 42 3786 93 3841; x_wconf 88' lang='lat' dir='ltr'>est.</span> <span class='ocrx_word' id='word_1_262' title='bbox 113 3778 210 3844; x_wconf 85' lang='lat' dir='ltr'>Inter</span> <span class='ocrx_word' id='word_1_263' title='bbox 222 3796 332 3854; x_wconf 81' lang='lat' dir='ltr'>voces,</span> <span class='ocrx_word' id='word_1_264' title='bbox 350 3795 436 3860; x_wconf 88' lang='lat' dir='ltr'>quae</span> <span class='ocrx_word' id='word_1_265' title='bbox 449 3772 608 3860; x_wconf 78' lang='lat' dir='ltr'>asyllaba</span> <span class='ocrx_word' id='word_1_266' title='bbox 622 3797 664 3861; x_wconf 87' lang='grc' dir='ltr'>κη</span> <span class='ocrx_word' id='word_1_267' title='bbox 680 3771 840 3847; x_wconf 75' lang='lat' dir='ltr'>crimmum,</span> <span class='ocrx_word' id='word_1_268' title='bbox 858 3769 1003 3856; x_wconf 85' lang='lat' dir='ltr'>positum</span> <span class='ocrx_word' id='word_1_269' title='bbox 1019 3780 1069 3835; x_wconf 90' lang='lat' dir='ltr'>est</span> <span class='ocrx_word' id='word_1_270' title='bbox 1082 3775 1155 3856; x_wconf 87' lang='grc' dir='ltr'>Κη-</span> 
     </span>
    </p>

    <p class='ocr_par' dir='ltr' id='par_1_7' title="bbox 41 3867 1158 4066">
     <span class='ocr_line' id='line_1_34' title="bbox 43 3867 1157 3961; baseline -0.01 -16"><span class='ocrx_word' id='word_1_271' title='bbox 43 3875 155 3961; x_wconf 81' lang='grc' dir='ltr'><strong><em>ρνβίων</em></strong></span> <span class='ocrx_word' id='word_1_272' title='bbox 167 3879 253 3946; x_wconf 88' lang='grc' dir='ltr'>ΕΜ.</span> <span class='ocrx_word' id='word_1_273' title='bbox 266 3877 340 3955; x_wconf 82' lang='grc'>512,</span> <span class='ocrx_word' id='word_1_274' title='bbox 358 3877 387 3941; x_wconf 97' lang='grc'>7.</span> <span class='ocrx_word' id='word_1_275' title='bbox 401 3875 460 3941; x_wconf 89' lang='lat' dir='ltr'>sed</span> <span class='ocrx_word' id='word_1_276' title='bbox 481 3875 637 3942; x_wconf 74' lang='lat' dir='ltr'>refellitur</span> <span class='ocrx_word' id='word_1_277' title='bbox 656 3873 770 3939; x_wconf 86' lang='lat' dir='ltr'>addito</span> <span class='ocrx_word' id='word_1_278' title='bbox 784 3871 909 3939; x_wconf 83' lang='lat' dir='ltr'>Cratini</span> <span class='ocrx_word' id='word_1_279' title='bbox 927 3893 1022 3937; x_wconf 85' lang='lat' dir='ltr'>versu</span> <span class='ocrx_word' id='word_1_280' title='bbox 1035 3880 1068 3936; x_wconf 88' lang='lat' dir='ltr'>et</span> <span class='ocrx_word' id='word_1_281' title='bbox 1084 3867 1157 3935; x_wconf 88' lang='lat' dir='ltr'>aliis</span> 
     </span>
     <span class='ocr_line' id='line_1_35' title="bbox 41 3965 1158 4066; baseline -0.004 -25"><span class='ocrx_word' id='word_1_282' title='bbox 41 3977 192 4066; x_wconf 77' lang='lat' dir='ltr'>locis¹⁶).</span> <span class='ocrx_word' id='word_1_283' title='bbox 229 3981 324 4045; x_wconf 91' lang='lat' dir='ltr'>Idem</span> <span class='ocrx_word' id='word_1_284' title='bbox 342 4003 377 4066; x_wconf 89' lang='lat' dir='ltr'>p.</span> <span class='ocrx_word' id='word_1_285' title='bbox 390 3978 441 4057; x_wconf 87' lang='grc'>87,</span> <span class='ocrx_word' id='word_1_286' title='bbox 456 3970 523 4043; x_wconf 86' lang='lat'>6.&#39;</span> <span class='ocrx_word' id='word_1_287' title='bbox 503 3972 670 4066; x_wconf 87' lang='grc' dir='ltr'><strong><em>αμύρητον</em></strong></span> <span class='ocrx_word' id='word_1_288' title='bbox 688 4001 728 4043; x_wconf 88' lang='grc' dir='ltr'>το</span> <span class='ocrx_word' id='word_1_289' title='bbox 716 3967 991 4042; x_wconf 81' lang='grc' dir='ltr'><strong><em>άτέλεστον·”</em></strong></span> <span class='ocrx_word' id='word_1_290' title='bbox 956 3996 1084 4062; x_wconf 90' lang='grc' dir='ltr'><strong><em>ειρηται</em></strong></span> <span class='ocrx_word' id='word_1_291' title='bbox 1108 3965 1158 4048; x_wconf 85' lang='grc' dir='ltr'><strong><em>είς</em></strong></span> 
     </span>
    </p>
   </div>
   <div class='ocr_carea' id='block_1_5' title="bbox 39 4204 1161 4378">
    <p class='ocr_par' dir='ltr' id='par_1_8' title="bbox 39 4204 1161 4378">
     <span class='ocr_line' id='line_1_36' title="bbox 104 4204 1159 4290; baseline -0.009 -17"><span class='ocrx_word' id='word_1_292' title='bbox 104 4220 153 4288; x_wconf 77' lang='grc'>16)</span> <span class='ocrx_word' id='word_1_293' title='bbox 164 4220 216 4274; x_wconf 85' lang='lat' dir='ltr'>De</span> <span class='ocrx_word' id='word_1_294' title='bbox 227 4228 346 4276; x_wconf 76' lang='lat' dir='ltr'>accentu</span> <span class='ocrx_word' id='word_1_295' title='bbox 363 4235 437 4290; x_wconf 84' lang='lat' dir='ltr'>quaa</span> <span class='ocrx_word' id='word_1_296' title='bbox 449 4215 520 4270; x_wconf 84' lang='lat' dir='ltr'>dicit</span> <span class='ocrx_word' id='word_1_297' title='bbox 535 4214 651 4270; x_wconf 78' lang='lat' dir='ltr'>turbata</span> <span class='ocrx_word' id='word_1_298' title='bbox 662 4219 728 4268; x_wconf 83' lang='lat' dir='ltr'>aunt</span> <span class='ocrx_word' id='word_1_299' title='bbox 745 4215 770 4268; x_wconf 76' lang='lat' dir='ltr'>sl</span> <span class='ocrx_word' id='word_1_300' title='bbox 785 4207 825 4284; x_wconf 77' lang='grc' dir='ltr'>μὴ</span> <span class='ocrx_word' id='word_1_301' title='bbox 843 4204 899 4283; x_wconf 81' lang='grc' dir='ltr'><strong><em>ίίρα</em></strong></span> <span class='ocrx_word' id='word_1_302' title='bbox 916 4204 1070 4284; x_wconf 77' lang='grc' dir='ltr'><strong><em>περιεκτικὴ</em></strong></span> <span class='ocrx_word' id='word_1_303' title='bbox 1085 4207 1159 4264; x_wconf 76' lang='grc' dir='ltr'><strong><em>ἐστιν</em></strong></span> 
     </span>
     <span class='ocr_line' id='line_1_37' title="bbox 39 4293 1161 4378; baseline -0.006 -22"><span class='ocrx_word' id='word_1_304' title='bbox 39 4299 128 4360; x_wconf 78' lang='grc' dir='ltr'><strong><em>ἔννοια</em></strong></span> <span class='ocrx_word' id='word_1_305' title='bbox 138 4305 228 4362; x_wconf 83' lang='grc' dir='ltr'><strong><em>ἕνεκα</em></strong></span> <span class='ocrx_word' id='word_1_306' title='bbox 239 4302 387 4378; x_wconf 66' lang='grc' dir='ltr'><strong><em>ἐμφάσεως</em></strong></span> <span class='ocrx_word' id='word_1_307' title='bbox 397 4306 446 4360; x_wconf 77' lang='grc' dir='ltr'>καὶ</span> <span class='ocrx_word' id='word_1_308' title='bbox 459 4299 544 4372; x_wconf 76' lang='grc' dir='ltr'><strong><em>ὑγιῶς</em></strong></span> <span class='ocrx_word' id='word_1_309' title='bbox 555 4295 694 4371; x_wconf 74' lang='grc' dir='ltr'><strong><em>ὀξύνεται,</em></strong></span> <span class='ocrx_word' id='word_1_310' title='bbox 714 4315 798 4371; x_wconf 88' lang='lat' dir='ltr'>quem</span> <span class='ocrx_word' id='word_1_311' title='bbox 810 4302 957 4354; x_wconf 84' lang='lat' dir='ltr'>accentum</span> <span class='ocrx_word' id='word_1_312' title='bbox 974 4293 1062 4352; x_wconf 81' lang='lat' dir='ltr'>habet</span> <span class='ocrx_word' id='word_1_313' title='bbox 1073 4313 1161 4368; x_wconf 79' lang='grc' dir='ltr'>κηρυ-Ι</span> 
     </span>
    </p>
   </div>
   <div class='ocr_carea' id='block_1_6' title="bbox 0 0 1418 4809">
    <p class='ocr_par' dir='ltr' id='par_1_9' title="bbox 0 0 1418 4809">
     <span class='ocr_line' id='line_1_38' title="bbox 0 0 1418 4809; baseline 0 0"><span class='ocrx_word' id='word_1_314' title='bbox 0 0 1418 4809; x_wconf 95' lang='lat' dir='ltr'> </span> 
     </span>
    </p>
   </div>
  </div>
 </body>
</html>
