2825 4809
539 846 710 955 ορατ.

248 1138 252 1151 1
351 1025 410 1102 De
442 1028 667 1104 metathesi
693 1030 885 1133 μνογνία.

411 1496 829 1584 PROOEMIUM.

146 1747 351 1831 Metathesis
376 1763 444 1828 sive
467 1761 673 1850 hyperthesis
695 1785 816 1828 nomen
838 1785 936 1850 quam
958 1764 1022 1830 late
1043 1771 1180 1850 vagetur

74 1888 142 1952 prae
165 1865 281 1932 ceteris
304 1865 448 1931 ostendit
460 1864 658 1951 Apollonius
679 1865 714 1930 in
735 1867 904 1954 prooemio
928 1865 1072 1951 syntaxis
1093 1865 1178 1931 αΠ.

74 1968 98 2032 8.
120 1968 202 2054 (14.)
232 1968 291 2033 ubi
322 1968 363 2034 de
390 1966 647 2053 consequutione
676 1967 842 2034 literarum
872 1968 1002 2034 disserit
1027 1967 1116 2032 hunc
1146 1967 1180 2030 in

73 2071 396 2151 ιαοδιιαιεστοιχεῖα
425 2065 681 2154 ὑπερτίθενται,
715 2064 812 2157 ἡνίκα
841 2067 860 2156 ἡ
890 2067 1014 2155 καρδία
1043 2069 1177 2154 κραδία,

73 2170 161 2255 παρὰ
179 2169 219 2237 τὸ
242 2167 357 2236 σκέπια
379 2167 418 2236 τδ
440 2171 566 2246 σκέπας
586 2168 644 2234 καί
662 2165 804 2248 τιέσκος·
825 2164 984 2240 ἀλλὰκαὶ
1002 2167 1179 2254 συλλαβαί,

72 2266 160 2358 ἡνίκα
184 2269 222 2337 τὸ
249 2267 409 2356 ἐξαπίνης
436 2269 612 2357 ἐξαίφνης,
642 2269 680 2337 τὸ
704 2261 829 2356 ἷίρινρεν
850 2263 992 2357 ιῖίρορεν·
1016 2267 1099 2339 ἀλλὰ
1124 2270 1181 2336 καί

72 2369 183 2452 λέξεις,
208 2370 266 2438 δ’τε
287 2365 307 2458 ἡ
330 2365 511 2456 οἷνοφδρος
532 2373 573 2458 γῆ
593 2372 769 2458 φερέοικος
787 2369 928 2456 λέγεται,
946 2372 983 2438 σί
1001 2395 1037 2438 τε
1059 2365 1180 2456 ἀνδρό-

72 2498 156 2556 γυνοι
181 2466 374 2559 γδνανδροι·
401 2465 488 2538 ἀλλὰ
513 2468 570 2537 καί
593 2465 688 2556 λόγοι
717 2471 814 2550 ,Τὰς
839 2474 899 2552 μέν
922 2465 1179 2558 δίραθρίψασα

71 2569 206 2640 τεκοῦσά
228 2577 287 2638 τε“
301 2608 345 2619 -
366 2566 480 2650 ,,Είσιο
503 2567 554 2637 ίεν
575 2570 633 2638 καί
656 2568 786 2662 ὑπέρβη
810 2571 923 2640 λάϊνον
945 2569 1077 2641 οδδόν“.
1111 2575 1179 2638 Εε-

73 2673 140 2737 dem
164 2673 291 2739 ratione
321 2673 380 2738 sed
408 2672 566 2761 exemplis
595 2673 707 2762 paullo
738 2674 872 2740 diversis
902 2672 1058 2738 ambitum
1084 2671 1180 2759 hujus

71 2775 209 2860 regionis
232 2773 387 2840 describit
399 2775 568 2840 Maximus
583 2775 751 2841 Planudes
773 2776 808 2840 in
821 2775 1040 2842 Grammatiea
1061 2800 1094 2862 p.
1108 2776 1179 2841 110.

71 2876 192 2942 Anecd.
220 2875 355 2943 Bachm.
384 2875 425 2942 Τ.
447 2877 493 2943 ΙΙ.
521 2889 555 2943 et
582 2878 741 2966 Append.
767 2877 876 2964 Etym.
907 2876 996 2944 Gud.
1022 2876 1099 2954 660,
1128 2877 1180 2942 20.

72 2974 302 3058 μετατίθενται
330 2983 479 3060 στοιχεῖα
508 2978 630 3064 κραδία
659 2977 798 3066 καρδία,
829 2971 981 3063 ἀτραπός
1010 2972 1179 3061 ἀταρπός,

72 3075 238 3164 σφδγανον
260 3073 446 3168 φάσγανον,
480 3074 594 3166 ὀλίγος
622 3079 735 3165 λοιμός
751 3080 800 3166 ¹),
830 3073 995 3145 ἀλλὰκαὶ
1017 3078 1180 3161 συλλαβαὶ

72 3169 138 3243 οἷον
153 3179 318 3265 λακέρυζα
337 3175 356 3269 ἡ
374 3178 538 3266 κελάροζα
556 3181 612 3248 καὶ
628 3178 840 3270 κεκρίκμαλος
858 3173 875 3248 δ
896 3179 1179 3267 κροπτοκέιμαλος.

77 3275 121 3345 Οὐ
137 3278 201 3368 μὴν
220 3275 305 3348 ἀλλὰ
322 3281 381 3347 καὶ
399 3282 504 3362 λέξεις
520 3280 760 3365 μετατίθενται
777 3272 848 3348 οἷον
867 3275 902 3348 εί
916 3305 966 3358 τις
983 3278 1042 3358 τὰς
1060 3279 1182 3362 σεμνᾶς

72 3379 152 3459 θεας
167 3381 256 3460 θεὰς
272 3378 395 3465 σεμνάς
414 3381 505 3468 λέγοι
523 3382 636 3451 καὶτὸ
658 3389 753 3451 θεῖον
772 3375 901 3467 δίπορον
921 3375 1052 3467 δίπυρον
1068 3386 1180 3448 θεῖον·

73 3475 91 3566 ἦ
110 3483 168 3570 γὰρ
188 3485 452 3572 καθωμιλημένη
474 3487 608 3570 γλῶσσα
630 3482 664 3550 έν
686 3481 800 3572 ἐκείνῳ
818 3485 878 3568 μὲν
896 3483 935 3550 τὸ
956 3477 1077 3567 σεμνάς
1096 3507 1182 3569 προ-

72 3575 188 3662 τάττει,
220 3581 256 3648 έν
282 3584 319 3650 δέ
344 3581 478 3663 τούτοις
502 3584 542 3651 τὸ
569 3590 675 3652 θεῖον.
723 3583 790 3652 Τὸν
815 3580 890 3651 ἴσον
916 3585 952 3652 δέ
976 3578 1182 3664 τρόπονκαὶ

72 3676 161 3767 λόγοι
181 3683 420 3766 μετατίθενται
444 3681 488 3764 ὡς
510 3685 548 3753 τὸ
570 3680 773 3769 καλούμενον
795 3691 906 3774 σχῆμα
929 3681 1180 3772 πριοθδσιερον,

73 3774 140 3847 οἷον
164 3781 227 3864 „oi
256 3780 291 3852 δ’
319 3780 474 3852 ὄίνεσάν
499 3812 541 3854 τε
568 3784 698 3866 πύλας
725 3787 794 3854 ’καί
820 3781 997 3854 ἀπῶσαν
1024 3782 1182 3872 ι’νγῆαςα

73 3883 150 3962 μετὰ
175 3885 238 3973 γὰρ
264 3884 303 3954 τὸ
326 3881 532 3978 ἀπωσθῆναι
555 3887 633 3966 τοὺς
656 3882 801 3972 μοχλοὺς
827 3885 972 3956 ἀνίενται
1001 3884 1035 3953 αἱ
1065 3881 1181 3953 πύλαι.

138 4126 163 4194 1)
181 4127 292 4180 Eodem
312 4127 442 4198 exemplo
463 4124 593 4196 (nequis
613 4131 775 4199 corruptum
792 4123 887 4196 putet)
913 4121 1000 4177 utitur
1017 4121 1181 4176 Eustathius

73 4209 114 4273 λδ,
125 4213 147 4265 5.
165 4211 257 4282 ὀλίγος
274 4209 382 4296 its-1765,
403 4209 515 4273 ὄλισθος
531 4216 646 4272 λοῖσθος
661 4220 689 4266 et
704 4215 763 4279 143,
777 4214 819 4268 21.
839 4205 931 4282 λοιγδς
946 4206 1022 4284 παρὰ
1040 4205 1069 4264 τὸ
1088 4206 1182 4282 δλίγας

73 4302 213 4365 μεταθέσει
231 4302 282 4356 τοῦ
300 4319 315 4357 ο
333 4295 371 4361 ὥς
388 4314 477 4374 φασιν
496 4300 526 4356 οἱ
541 4300 664 4355 παλαιοί.
