2825 4809
143 309 196 375 Dll
207 303 461 372 PROSTHESI
475 305 538 371 ΕΤ
551 303 818 372 APHAERESI.
836 301 980 371 0.v111.
992 306 1057 392 §.ia
1083 311 1155 384 169

82 495 120 560 vel
140 515 190 579 pro
210 494 247 578 νῆ
268 489 317 554 vel
337 512 398 576 pro
419 487 452 568 ἴς
474 489 596 555 dictum
620 510 710 565 esse,
742 486 924 574 Gigantum
947 489 1079 555 nomine
1103 492 1157 558 vel

81 594 220 678 terrigenas
248 591 295 656 vel
331 587 543 677 ἶφιγινήτοσς
583 587 761 675 significari
801 589 968 654 crederem
1004 603 1156 678 correpta

81 693 186 778 quaein
204 689 336 778 simplici
359 691 462 776 longa
485 701 544 768 ast,
567 689 701 776 syllaba.
738 686 891 774 Δίδυμος
912 690 1007 778 παρὰ
1028 693 1065 760 τὸ
1093 695 1154 762 δύο
1232 751 1240 760 .

80 793 335 878 ἕνδσιλασιασμῷ
353 792 435 857 ΕΜ.
465 792 540 870 272,
569 792 622 857 34.
652 791 713 858 sed
739 790 833 856 addit
859 785 881 878 ἢ
909 792 1005 877 παρὰ
1034 793 1072 860 τὸ
1103 793 1156 874 δίς

78 893 122 956 boc
138 902 178 956 est
194 901 228 956 ut
248 888 412 977 τρίδυμας,
433 891 648 979 τετραδσμσς,
671 913 812 978 quorum
833 891 1016 959 terminatio
1040 895 1155 962 nescio

77 1004 153 1056 ubam
175 991 366 1078 paragogica
392 990 434 1057 sit
460 1015 502 1057 an
524 993 748 1078 significabilia
770 1003 808 1058 ut
827 993 862 1058 in
883 993 984 1059 latino
1009 1002 1153 1080 taruenni-

76 1096 404 1175 adamaremus,
433 1091 498 1158 boc
526 1104 576 1159 est
597 1095 862 1179 conjunctionem
886 1107 919 1162 et
939 1095 1154 1182 συνδυασμόν

74 1193 194 1280 indicans.
233 1193 390 1259 Proxima
412 1204 489 1260 sunt
507 1195 670 1280 Hesychii
690 1199 834 1274 Κνῶνστς
856 1193 1010 1264 κνώδαλα
1033 1207 1066 1262 et
1089 1195 1155 1264 Ili-

76 1306 142 1379 ινσψ
158 1292 278 1382 θηρίον,
301 1295 392 1380 quod
414 1295 555 1362 Guietus
581 1295 784 1382 duplicatum
804 1307 913 1383 putat,
945 1294 1102 1380 Μίμαλις
1129 1295 1151 1384 ἡ

74 1395 228 1481 νῦνΜῆλας
244 1419 274 1460 v.
296 1397 416 1461 Parall.
439 1396 492 1462 95.
521 1397 744 1484 Μιμορτσβία
769 1399 849 1475 ναῦς
870 1396 905 1463 ἐν
925 1385 949 1485 ἦ
972 1388 1151 1482 ἅνθρωποι

73 1492 211 1580 βεβήκασιν
239 1507 273 1561 et
300 1493 508 1585 Μσρταβάτη
540 1492 560 1586 ἦ
583 1493 836 1582 ἀνθρωπσβάτη
859 1499 941 1573 ναῦς
963 1495 1004 1562 cf.
1026 1496 1149 1562 Parall.

74 1591 106 1655 80.
128 1590 226 1674 Σίνδις
251 1598 357 1684 γέρων
384 1607 417 1663 et
442 1597 611 1675 Σισίνόιας
637 1598 750 1685 γέρων.
785 1595 906 1662 Notius
939 1605 990 1662 est
1018 1594 1152 1684 σισύρα,

74 1692 170 1774 quodsi
183 1717 253 1760 oram
266 1696 363 1776 σίσσς
378 1719 618 1784 comparamus,
634 1717 825 1784 paragogae
842 1696 987 1782 speciem
1001 1698 1150 1784 praebet,

73 1792 291 1884 biennales,
325 1799 537 1886 anadiplosis.
581 1798 770 1884 Σίσυμβρσν
797 1798 865 1863 sive
892 1794 1088 1885 σισύμβριον
1103 1805 1154 1879 ⁸²)

72 1893 182 1960 menthae
199 1898 327 1984 species
344 1900 483 1967 fortasse
500 1922 521 1965 a
537 1898 749 1980 similitudine
766 1899 927 1981 saturejae
944 1897 1012 1962 sive
1023 1898 1151 1966 cunilae

72 1994 252 2077 denominata,
287 2022 372 2084 quae
398 1997 537 2087 θύμβρα
567 1999 700 2077 dicitur;
729 2021 804 2063 nam
835 1998 963 2064 Plinius
991 1997 1074 2064 XX.
1097 1999 1151 2066 94.

73 2094 235 2177 sisymbrium
268 2101 417 2166 silvestre
450 2124 470 2165 a
503 2100 700 2185 quibusdam
733 2098 958 2184 thymbraeum
990 2100 1151 2186 appellari

74 2195 161 2276 scibit,
184 2201 292 2266 cunila
320 2211 429 2268 autem
456 2202 492 2266 in
519 2201 630 2268 Glosa.
654 2196 966 2288 (immolestatum
992 2200 1150 2268 redditur.

73 2294 98 2359 si
116 2298 212 2388 τιτθή,
239 2312 279 2366 ut
309 2301 536 2381 Grammaticis
565 2302 692 2389 placet,
726 2325 747 2366 a
771 2297 850 2369 doira
880 2300 1060 2367 derivatum
1089 2314 1149 2382 est,

72 2398 278 2488 quodpropter
300 2403 445 2488 syllabae
468 2403 587 2489 prioris
609 2424 794 2470 mensuram
817 2401 1092 2482 addubitavimus,
1116 2404 1152 2470 id

70 2497 140 2564 multo
161 2503 262 2588 magis
293 2503 456 2591 suspicari
475 2503 553 2570 lieet
571 2504 613 2570 de
636 2505 795 2588 adjectivo
824 2500 939 2583 τιθός,
965 2504 1056 2589 quod
1081 2527 1154 2572 eam

69 2601 175 2687 corripit⁶
185 2615 216 2668 et
236 2626 376 2692 compar
398 2603 498 2669 habet
522 2602 671 2689 αἶ’γιθσς,
701 2607 731 2670 si
752 2595 816 2670 boe
834 2604 923 2670 idem
945 2605 1031 2671 valet
1053 2615 1152 2690 atque

69 2694 212 2790 αἱνιθὴλας
237 2716 271 2771 et
299 2705 341 2771 ab
373 2704 490 2771 eodem
515 2705 616 2770 verbo
646 2704 725 2772 θάω
753 2705 972 2792 compositum
994 2716 1045 2772 est
1070 2728 1151 2793 sup·

68 2821 150 2882 pressa
166 2806 272 2871 vocali
293 2805 420 2882 nativa3
441 2806 531 2872 unde
548 2817 703 2891 sequetur
721 2807 823 2874 hocce
838 2806 973 2872 verbnm
988 2829 1056 2873 non
1072 2829 1151 2894 pro-

67 2901 142 2982 priam
162 2907 303 2993 sugendi
330 2917 362 2971 et
389 2928 522 2972 succum
548 2907 642 2974 lactis
671 2907 853 2995 praebendi
882 2908 942 2974 sed
965 2911 1152 2994 generalem

66 3003 215 3071 nubieandi
242 3008 517 3094 significationem
545 3007 700 3074 habuisse
727 3018 759 3076 et
789 3009 866 3073 hinc
887 3006 1021 3074 fluxisse
1042 3011 1151 3076 notio·

66 3123 118 3167 nem
139 3107 250 3174 cicuris
282 3119 317 3174 et
344 3111 523 3186 mansueti;
551 3105 754 3198 ἡμεροῦνται
781 3109 844 3195 γὰρ
871 3112 912 3197 τῇ
937 3112 998 3194 τῆς
1023 3114 1164 3199 τροφῆς,

66 3205 212 3279 μεταδόσει
237 3209 296 3275 καὶ
322 3209 364 3274 τὰ
387 3207 661 3297 σκυθρωπότατα
682 3215 749 3278 ταῖν
773 3208 902 3296 θηρίων
922 3208 1011 3274 Plus
1035 3209 1150 3298 Symp.

66 3301 120 3368 Vll
137 3307 165 3385 4,
184 3309 215 3375 6.
260 3311 299 3377 Si
321 3309 402 3378 haec
426 3333 495 3376 non
515 3310 563 3376 ita
584 3320 677 3388 sunt,
699 3308 799 3389 τιθός
821 3333 841 3376 a
863 3309 1020 3376 societate
1043 3313 1152 3400 dupli-

67 3415 178 3474 tatomm
203 3415 366 3480 removeri
399 3424 540 3501 oportet
597 3408 796 3494 Τιθύμαλσς
833 3412 984 3498 auspicor
1015 3423 1153 3499 propter

65 3510 195 3587 quandam
216 3537 294 3580 cum
313 3512 425 3599 thymo
448 3511 707 3582 convenientiam
735 3509 799 3576 hoc
829 3534 950 3578 nomen
972 3513 1152 3600 accepisse.

65 3603 160 3675 Suidae
174 3614 320 3699 glossam
337 3610 391 3680 Ἕκ
409 3620 572 3693 τιτυννῶν,
593 3611 630 3680 ἐκ
647 3614 771 3696 μικρᾶς
789 3607 921 3700 ἡλικίας
935 3612 1153 3682 Ruhnkenius

65 3711 262 3798 corrigendam
281 3718 409 3784 censuit
431 3716 469 3784 ἐκ
490 3717 628 3792 τσννῶν,
651 3712 712 3778 sed
733 3711 905 3810 intercedit
927 3714 1071 3782 Zonaras
1097 3722 1156 3784 Τι-

65 3817 160 3889 τνμναῦ
177 3823 301 3905 μικρᾶς
321 3815 463 3907 ἡλικίας.
496 3815 594 3882 Nunc
616 3836 718 3879 unum
738 3823 840 3880 restat
860 3841 879 3882 o
901 3815 1036 3881 micron.
1069 3813 1156 3901 Γόγ-

64 3966 368 3991 Ἢ

115 4062 156 4132 ³²)
167 4072 330 4144 Σίσνμρρσν
347 4070 376 4125 in
387 4067 527 4137 Meleagri
545 4066 668 4122 carmine
684 4065 804 4138 primam
821 4069 934 4122 brevem
951 4067 1038 4121 habet
1056 4072 1086 4119 ut
1103 4067 1155 4120 du·

63 4141 154 4209 limito
169 4154 277 4226 poseit3
295 4156 409 4227 longam
423 4173 469 4226 ap.
482 4152 655 4210 Nicandrum
672 4151 744 4222 legis
763 4152 890 4217 oblitum,
909 4150 963 4206 nisi
981 4156 1157 4223 σίσσνμβρον

65 4231 160 4301 scripsit.
