2825 4809
137 329 201 400 DE
222 331 494 422 PARATHIISI
511 332 582 398 ΕΤ
597 330 873 400 SCRIPTURA.
900 331 938 399 C.
958 329 980 398 I.
1004 333 1029 418 ξ.
1045 329 1076 398 3.
1102 335 1183 436 551]

148 524 174 607 ξ.
207 521 240 586 3.
282 518 338 586 Ab
370 519 567 608 appositioio
581 523 613 605 1)
650 520 772 611 Ἕλλης
813 515 937 598 πόντος
976 519 1180 604 Apollonius

71 621 305 708 synt.111.1‚
331 621 405 687 298.
429 623 532 708 (303.)
560 622 716 688 discernit
743 622 917 710 compositi
946 621 1050 694 simile
1071 612 1176 700 Διός-

70 747 164 810 κορος
184 723 236 788 his
257 723 378 790 verbisr
400 722 604 793 τὰπλεῖστα
626 727 692 790 τῶν
713 728 823 812 μερῶν
843 727 904 791 τοῦ
926 718 1024 807 λόγου
1043 721 1179 810 διαίτης

70 822 214 902 ένιόσεως
233 821 272 891 τό
298 823 481 907 μοναδικόν
501 827 560 914 τῆς
587 823 709 904 λέξεως
736 819 937 911 ὑπαγορεύει
966 824 1117 892 τουτέστι
1139 822 1178 890 τὸ

70 923 102 991 ’ἑν
121 924 223 1013 μέρος
242 929 301 992 τοῦ
324 920 424 1012 λόγου
445 919 542 1004 εἶναι,
565 917 586 1015 ἢ
609 924 667 992 διὰ
687 929 747 1016 τῆς
769 929 873 1014 μονῆς
893 927 953 992 τοῦ
974 923 1070 992 τόνου
1089 920 1173 1020 καθῗ

71 1026 208 1094 ἕκαστον
228 1022 350 1114 μόριον
375 1024 414 1095 τὸ
438 1025 554 1095 δισσὸν
581 1023 738 1112 ἐμφαίνει
765 1031 831 1094 τῶν
859 1025 988 1107 λέξεων.
1037 1024 1084 1094 Τὸ
1114 1023 1177 1112 γὰρ

68 1126 150 1206 Διὸς
171 1122 270 1215 κόρος
291 1123 559 1214 παροξυνόμενον
579 1126 639 1211 μὲν
665 1126 724 1215 τὴν
749 1125 876 1216 γενικὴν
898 1125 964 1210 ἔχει
988 1123 1061 1214 ἰδίᾳ
1083 1151 1178 1193 νοου-

68 1227 166 1314 μένην
189 1225 309 1313 ὅμοιον
330 1219 369 1293 όν
389 1233 440 1318 τῷ
456 1227 636 1308 Διὸςυίός,
654 1222 992 1312 προπαροξονόμενον
1009 1226 1045 1294 δὲ
1061 1222 1180 1312 ὅμοιόν
1214 1246 1223 1256 ·

72 1330 140 1397 ε’στι
161 1332 209 1415 τῷ
229 1323 422 1416 Διόγνητος,
444 1325 665 1415 Διόδοτοςῦ).
713 1327 760 1395 Τὸ
793 1326 830 1396 δὲ
858 1320 892 1394 εὖ
923 1331 989 1394 νοῶ
1016 1323 1075 1403 δύο
1105 1324 1178 1410 ἔχον

68 1427 325 1518 περισπωμένας
346 1425 504 1517 ὁμολογεῖ
525 1430 584 1520 τὴν
606 1425 800 1516 παράθεσιν
819 1427 876 1494 καὶ
901 1427 939 1494 τὸ
953 1424 1073 1516 Ἕλλης
1094 1422 1178 1494 πόνω

68 1555 133 1608 τος.
181 1531 245 1595 His
279 1530 488 1596 adumbratur
520 1531 643 1618 duplex
669 1529 908 1615 conjunctionis
936 1551 1060 1615 genus,
1090 1529 1180 1614 qnod

67 1653 166 1718 supra
187 1631 377 1716 designavi3
399 1655 500 1698 unum
522 1633 661 1720 simplex
688 1642 721 1698 et
748 1633 907 1698 uniforme
930 1653 989 1717 per
1012 1631 1181 1716 synthesin

67 1729 259 1820 Διόγνητος,
282 1734 419 1799 alterum
439 1734 637 1822 bipertitum.
681 1733 767 1800 Nam
794 1733 821 1798 si
843 1733 967 1820 Apollo
1000 1733 1052 1797 vel
1081 1732 1180 1801 alius-

65 1835 112 1900 vis
136 1835 233 1903 Jovis
254 1836 341 1902 filius
363 1836 450 1914 Διὸς
471 1833 571 1924 κόρος
591 1846 649 1902 aut
670 1833 755 1914 Διὸς
775 1839 859 1912 παῖς
880 1845 1029 1911 vocatur,
1051 1833 1130 1898 item
1152 1834 1180 1900 si

63 1937 221 2002 Dioscuri
241 1936 328 2016 Διὸς
348 1933 410 2004 οἶοί
431 1938 572 2005 Theoor.
595 1938 716 2004 XXH.
740 1937 811 2002 137.
835 1946 892 2000 aut
911 1935 1040 2002 inverso
1067 1935 1181 2004 ordino

63 2042 185 2122 κοῦροι
207 2033 295 2121 Διός
316 2039 397 2104 Eur.
417 2041 470 2106 El.
494 2039 567 2106 985.
594 2063 634 2105 ea
662 2036 845 2128 parathesis
873 2047 922 2103 est
945 2036 1125 2124 impropria
1145 2048 1182 2104 ut

55 2138 180 2227 Ἕλλης
199 2133 308 2225 πόρος
337 2148 370 2204 et
389 2135 514 2218 πόντος
528 2137 655 2230 Ἕλλης.
698 2139 840 2226 Propria
864 2162 941 2204 vero
968 2138 996 2204 si
1025 2136 1179 2207 Castores

61 2239 275 2311 nominantur
295 2235 490 2327 Azagarion,
520 2265 605 2326 quae
630 2243 696 2309 duo
727 2241 860 2307 nomina
892 2239 1093 2307 cousuetudo
1119 2263 1179 2327 pro

63 2365 134 2408 uno
154 2352 294 2428 usurpat
314 2342 434 2407 amissa
453 2344 562 2410 nativa
584 2343 838 2433 significatione,
872 2342 908 2409 id
930 2342 1021 2428 quod
1041 2342 1182 2409 maxime

60 2454 206 2531 apparet
229 2465 270 2507 ex
289 2443 369 2508 Eur.
391 2444 468 2510 Hel.
490 2445 563 2510 292.
586 2444 632 2512 τώ
653 2449 713 2513 τοῦ
734 2444 822 2522 Διὸς
841 2443 879 2512 δέ
898 2441 1064 2531 λεγομένω
1077 2447 1180 2522 Διος-

60 2542 165 2631 κόρω,
191 2544 244 2622 oui
265 2544 402 2613 similem
424 2547 569 2635 speeiem
589 2546 712 2613 habent
734 2568 899 2614 servorum
923 2545 1055 2612 nomina
1081 2546 1181 2613 latina

59 2649 218 2728 Lacipor,
240 2647 396 2730 Publipor
417 2671 437 2712 a
459 2671 563 2735 puero
585 2649 768 2735 composita
791 2658 828 2712 ut
847 2647 1035 2713 Priscianus
1058 2647 1104 2710 ait
1120 2650 1180 2715 VI.

59 2749 98 2824 9,
128 2747 205 2814 251.
235 2749 339 2834 (700.)
389 2751 572 2836 Utramque
600 2751 761 2817 rationem
793 2748 963 2816 confundit
988 2735 1181 2816 Eustathius

60 2851 168 2928 1323,
194 2849 246 2915 57.
274 2848 477 2939 Στησίχορος
505 2851 593 2939 λέγει
619 2851 706 2931 Διὸς
733 2847 866 2938 αοόροις
892 2852 1067 2936 βασιλεῦσι
1095 2846 1177 2918 καθ’

57 2943 77 3016 6
87 2948 181 3033 Διὸς
201 2945 302 3038 κοόρη
318 2945 503 3040 Ἀφροδίτη
528 2951 564 3019 ἓν
583 2951 776 3040 παραθέσει
790 2949 888 3031 ἐστίν,
913 2950 994 3028 ὥςτε
1012 2943 1087 3020 κατ’
1105 2948 1181 3029 ἕξο-

55 3047 120 3140 χήν
140 3075 218 3116 τινα
229 3046 433 3138 Διόςκουροι
451 3053 619 3132 συνθέτως
641 3049 674 3120 oi
696 3057 754 3142 τῆς
764 3049 888 3141 Λήδας
911 3075 971 3140 pro
997 3074 1061 3137 quo
1089 3051 1181 3128 1686,
1240 3066 1242 3072 ’

55 3151 112 3216 58.
145 3151 269 3217 rectius
297 3153 345 3218 sio
374 3152 454 3218 dicit
482 3148 515 3219 oi
543 3149 744 3241 Διόςκουροι
766 3148 843 3220 κατ)
875 3152 1043 3240 ἐξαίρετον
1070 3151 1183 3234 ἔχουσι
1245 3152 1249 3161 ’

55 3251 97 3318 τό
123 3245 210 3338 ripis
233 3250 392 3339 λέγεσθαι
418 3253 651 3340 συγκειμένας·
674 3247 783 3332 ἄλλως
803 3251 916 3337 μέντοι
936 3253 971 3320 έν
989 3253 1183 3341 παραθέσει
1235 3274 1244 3285 ·

53 3351 192 3420 πολλοί
214 3351 365 3438 ἐλέγοντο
392 3357 453 3418 τοῦ
473 3352 559 3432 Διὸς
579 3362 704 3442 κοῦροι.
747 3355 861 3422 Minus
897 3343 1048 3422 distincte
1073 3357 1182 3444 Apol·
1265 3371 1268 3380 ’

51 3455 173 3522 lonius
196 3455 291 3542 Synt.
312 3456 375 3522 IV.
404 3453 434 3519 6.
456 3454 530 3520 316.
560 3455 601 3523 τοὶ
629 3455 666 3522 ε’νι
695 3451 755 3524 δύο
785 3454 919 3524 τελείων
947 3456 1183 3543 συντεθειμένα

49 3556 146 3642 μετὰ
174 3560 235 3645 τῆς
253 3553 414 3643 συνούσης
436 3552 564 3635 τάσεως
585 3551 755 3645 πρόδηλον
782 3553 849 3638 ἔχει
871 3555 928 3645 τὴν
950 3553 1109 3625 σύνθεσιν
1130 3583 1183 3632 κεν,

50 3652 246 3747 ραςιμόρος,
270 3653 451 3748 ἓωςφόρος,
475 3651 652 3736 ἇστυόναξ,
668 3653 918 3744 τερατοσκόπος
929 3659 971 3745 ⁹),
989 3654 1182 3746 Διόςκορος.

130 3827 165 3895 7)
179 3826 262 3881 Finxi
274 3828 329 3883 hoo
341 3843 443 3881 nornen
455 3828 491 3881 ad
505 3827 716 3897 significandam
729 3826 891 3898 parathesin
901 3847 907 3896 ς
919 3827 1088 3882 eontrarium
1102 3843 1180 3880 oom-

45 3919 241 3989 poaitiotam
254 3913 358 3969 dieitur
374 3913 458 3968 Varr.
473 3915 505 3968 L.
519 3915 552 3968 L.
565 3913 644 3968 VIII.
663 3915 706 3968 ³3.
725 3931 753 3985 p.
769 3913 826 3967 119.
844 3914 917 3985 (436.
932 3916 975 3968 ed.
992 3913 1111 3984 Speng.)
1129 3930 1182 3984 pro

48 4019 118 4074 qno
131 4000 166 4056 in
178 4000 278 4072 paneis
291 4002 376 4055 codd.
390 4004 592 4073 rompoattom
603 3998 738 4071 seriptum
750 4005 802 4053 est.

129 4088 166 4155 8)
181 4087 230 4142 Sio
242 4085 271 4141 in
285 4089 348 4142 ood.
363 4085 466 4158 legitur
477 4105 530 4159 pro
539 4081 693 4164 Διόςδοτος,
706 4085 785 4155 quod
798 4101 856 4138 non
868 4081 1024 4139 invenimus
1035 4087 1086 4140 sed
1098 4088 1182 4140 modo

43 4173 239 4246 'adjectivum
252 4169 398 4234 διόςδοτος.

93 4307 98 4314 ,
129 4261 166 4328 9)
179 4259 236 4314 Ρτο
250 4254 465 4329 τερατοςσκόνιος
476 4258 611 4330 seriptum
624 4264 668 4312 est
682 4263 713 4310 ut
729 4253 852 4331 προστάς
863 4276 915 4330 pro
928 4250 1071 4332 προςστιίς,
1084 4249 1185 4314 δίστο-

43 4367 109 4424 μος
123 4354 186 4401 eto.
200 4363 227 4399 v.
239 4344 374 4417 Prolegg.
390 4345 429 4402 17.
