2825 4809
271 340 350 417 276
455 403 460 411 .
567 340 889 413 Dasumiano
918 344 964 411 ΙΙ.
1007 344 1048 411 Ρ.
1070 342 1099 412 1.

268 527 440 611 -perativue
461 528 517 595 πεί
538 530 657 592 aeide(
690 525 815 604 Σίαλος
839 528 877 594 τὸ
903 528 1007 606 σάλος
1030 529 1069 594 id
1087 541 1137 595 eet
1153 534 1246 601 salira
1260 539 1345 607 Hem.

273 629 362 695 dian.
384 627 495 713 Epio.
517 628 589 693 123.
614 638 647 691 et
669 627 726 695 elii
745 629 836 713 apud
851 630 911 695 Du
928 628 1034 715 Cang.
1056 632 1143 697 unde
1161 633 1253 715 σαλίς
1270 662 1344 709 tener

268 730 448 807 adimens,
479 738 643 815 epulator,
675 730 717 795 de
739 750 807 814 quo
829 752 924 797 aeone
946 733 1044 799 alatri
1065 734 1109 799 ad
1126 735 1178 819 Aj.
1200 760 1229 822 p.
1248 739 1308 806 237.
1323 767 1345 809 v.

267 834 373 901 Proll.
398 832 469 897 106.
491 831 567 897 adu.
582 833 614 897 4.
655 828 886 911 Ψαθονιλόιιος
901 855 962 919 pro
980 832 1213 918 ψιαθοιιλόκος
1228 839 1345 911 Stnt'zin

268 935 363 1003 Diui.
394 934 491 999 Alex.
528 956 562 1019 p.
598 931 671 999 125.
703 932 797 1001 ntea
826 956 868 999 ex
897 933 1010 1001 charta
1034 937 1203 1023 Bongiana.
1246 943 1345 1011 Eodem

266 1038 372 1103 modo
405 1035 593 1123 Stephanus
625 1057 746 1102 nomeu
777 1034 903 1101 insulae
935 1047 1126 1125 eorruptum
1154 1062 1222 1110 eeee
1248 1058 1346 1112 censet:

269 1138 441 1207 Δονουσία
464 1140 565 1225 νῆσος
586 1134 636 1215 εἷς
662 1131 703 1225 ἢν
724 1135 889 1215 Διόνυσος
913 1135 974 1225 τὴν
988 1134 1165 1228 Ἀριάδνην
1184 1140 1344 1227 διεκόμισεν.

259 1232 390 1308 ’Ἔοικεν
422 1233 479 1308 οὖν
498 1235 672 1307 ,Διονυσία
705 1228 793 1304 εἶναι
821 1237 907 1303 κατὰ
941 1239 1176 1328 παραφθορὰν
1201 1243 1345 1311 Δονοοοίο.

266 1341 342 1411 Sed
361 1341 526 1427 graviores
549 1350 700 1406 auctores
719 1339 893 1411 Donusam
914 1349 1047 1417 vocant,
1070 1340 1125 1406 oui
1141 1342 1237 1409 simile
1254 1363 1344 1409 nomeu

267 1442 359 1509 mbie
388 1442 562 1528 Sioyoniae
585 1442 761 1508 Δονοῦσσα
790 1462 811 1503 a
839 1439 1004 1506 nonnullis
1030 1445 1201 1511 Γονοῦσσα
1225 1444 1281 1511 eive
1297 1452 1318 1509 Γ
1317 1473 1343 1511 ο-

266 1541 390 1611 νόεσσα
403 1570 406 1579 ’
420 1542 620 1609 eoribobatur
647 1540 688 1607 oi.
714 1539 834 1605 Lens.
857 1541 964 1613 Arist.
985 1542 1061 1610 244.
1110 1543 1153 1617 [d
1172 1544 1261 1630 igitur
1276 1547 1343 1611 vela

266 1643 431 1711 fertilitate
455 1644 517 1711 ooli
541 1645 675 1712 ductum
696 1651 747 1709 eet
768 1644 971 1711 commutatio
1000 1643 1103 1711 literis
1130 1632 1155 1731 J
1178 1656 1211 1711 et
1232 1636 1297 1715 dut
1311 1652 1342 1733 p}

266 1747 309 1836 δῇ
332 1756 393 1811 eto.
415 1746 467 1813 rel
489 1770 510 1811 a
527 1744 669 1811 motibus
695 1754 815 1820 terrae,
833 1745 932 1817 uude
951 1745 1046 1811 loeus
1068 1746 1203 1830 quidam
1219 1747 1278 1816 Deli
1293 1770 1340 1810 uo·

264 1869 341 1913 rnen
372 1848 509 1934 Τρέμιον
537 1846 706 1933 eooepieoe
734 1846 836 1913 fertur
861 1869 891 1911 v.
913 1845 1114 1914 Baohmaun.
1141 1849 1185 1915 ad
1203 1849 1273 1934 Lye.
1289 1849 1344 1922 lot.

263 1949 368 2015 Hand
390 1948 525 2034 dignum
548 1956 682 2015 auotore
698 1947 796 2014 refert
812 1946 924 2016 Schol.
939 1948 980 2012 ΙΙ.
996 1947 1025 2013 Ι.
1040 1947 1117 2013 567.
1132 1941 1255 2027 daucos
1262 1943 1343 2032 Ἡρα

264 2049 395 2129 deutris.
411 2049 507 2136 παρὰ
535 2049 572 2115 τὸ
602 2045 715 2115 lainam
740 2044 813 2114 κατ’
842 2045 993 2139 ἔλλειψιν
1018 2053 1077 2118 σοῦ
1106 2038 1133 2117 ι.
1174 2049 1346 2136 Ineptiesiue

263 2173 340 2219 vero
364 2149 476 2219 Sohol.
498 2150 611 2238 Apoll.
639 2150 673 2217 Ἰ.
696 2150 770 2220 938.
800 2145 929 2233 ίσθμός
956 2172 999 2215 ex
1027 2146 1179 2235 είςιομιίς
1205 2152 1345 2219 conflatu

217 2274 220 2279 ·
263 2252 343 2319 dicit
369 2276 400 2319 v.
427 2252 529 2317 Proll.
560 2253 610 2319 14.
662 2250 813 2319 Certiora
839 2251 910 2317 iota
936 2254 1103 2337 praeteriti
1129 2255 1271 2341 exempla
1293 2264 1347 2317 eunt
1382 2261 1383 2328 ᾗ

260 2353 416 2440 βώσεσθε
439 2347 510 2421 ἀντὶ
532 2356 592 2421 τοῦ
613 2348 784 2433 βιώσεσθε
800 2352 914 2421 Sobel.
928 2355 1043 2441 Apoll.
1061 2354 1090 2420 Ι.
1110 2355 1184 2423 685.
1201 2366 1233 2421 et
1247 2356 1345 2441 οωιιᾷν,

261 2454 457 2534 ewardum,
479 2449 644 2523 Είσωπία
665 2450 787 2541 ἡσυχία
805 2455 889 2519 Ηεο.
911 2476 1052 2539 quornm
1074 2458 1216 2543 primum
1235 2454 1347 2539 utepud

259 2557 441 2625 Pindarum
469 2555 627 2641 seriptum
656 2554 748 2639 est¹)
775 2555 822 2619 ita
850 2556 1040 2643 perduravit
1065 2555 1101 2624 iu
1129 2558 1237 2624 media
1259 2564 1348 2630 eene,
1381 2608 1383 2610 >

259 2670 296 2735 ut
315 2660 375 2727 Du
396 2657 544 2743 Congius
567 2657 674 2734 docet,
695 2655 861 2741 hodieque
881 2657 929 2723 eie
950 2658 1069 2723 dicitur
1088 2656 1281 2736 σιοπαίνειν,
1299 2680 1347 2723 σο-

258 2757 387 2844 ααρός,
418 2759 539 2825 omissa
563 2758 669 2823 vocali
697 2780 782 2842 quae
806 2768 839 2823 et
860 2759 957 2843 hujus
975 2759 1128 2828 voeabuli
1150 2771 1184 2827 et
1206 2756 1348 2846 synonymi

230 2875 233 2881 '
257 2856 334 2950 σιγή
355 2859 497 2927 maxime
517 2859 652 2946 proprie
673 2869 708 2924 et
726 2860 836 2927 nativa
856 2860 994 2927 videtur.
1038 2859 1117 2951 Λήν
1140 2862 1215 2929 λίαν
1231 2864 1303 2927 Ηεε.
1315 2859 1348 2921 H.

256 2961 445 3051 Stephanus
475 2983 641 3047 syncopae
669 2960 831 3039 attribuit,
859 2962 1000 3031 Guietue
1024 2985 1101 3030 vero
1124 2983 1201 3029 cum
1221 2960 1348 3051 epitetieo

255 3064 299 3133 λά
322 3064 463 3142 oonlert,
486 3063 578 3148 eujus
598 3063 661 3127 alia
681 3063 744 3129 fuit
763 3063 868 3129 forma
889 3063 933 3130 λε’.
967 3067 1024 3133 Ex
1041 3064 1278 3131 inclinamentis
1295 3083 1349 3126 ver·

254 3166 383 3233 balibue
413 3164 477 3231 huo
506 3164 712 3230 referendum
737 3176 796 3230 eet.
819 3165 1028 3253 participium
1056 3165 1208 3243 {auduini
1234 3162 1350 3253 generis,

256 3268 297 3333 do
318 3289 384 3352 quo
408 3264 485 3333 soh.
507 3266 621 3352 Apoll.
642 3265 707 3331 111.
731 3266 803 3331 753.
833 3271 893 3332 τοῦ
914 3266 1013 3334 δείδω
1035 3265 1279 3351 παρακείμενος
1297 3260 1347 3330 λεί-

254 3370 326 3447 δεα,
361 3362 422 3454 ἀφ’
457 3356 496 3434 οὗ
527 3366 649 3455 μετοχὴ
685 3365 772 3435 κατὰ
806 3365 977 3455 συγκσπῆν
1009 3364 1147 3446 δειδιίς,
1186 3368 1307 3434 δειλοῖο
1317 3362 1349 3446 ²).

254 3466 542 3552 Quemadmodum
562 3467 663 3553 igitur
689 3464 787 3545 ἑστός
817 3466 935 3532 dieitur
957 3490 1118 3555 oppressa
1136 3468 1248 3555 stirpis
1267 3462 1347 3530 vocali

253 3569 441 3659 principali,
464 3569 511 3633 ita
532 3592 593 3656 pro
616 3566 727 3647 δεδιός
745 3568 811 3635 diei
832 3569 941 3655 potuit
961 3566 1068 3648 δειλός.
1107 3569 1213 3652 Quod
1233 3578 1268 3633 ut
1285 3588 1350 3631 nun·
1376 3649 1377 3658 ἵ

253 3695 350 3759 quam
372 3670 552 3735 admissum
572 3670 679 3749 fuerit,
702 3693 764 3736 neo
785 3670 892 3756 magis
909 3667 1038 3759 σοφός’,
1068 3681 1178 3736 tamen
1200 3670 1284 3735 haud
1300 3664 1349 3729 illi·
1376 3725 1378 3756 t

249 3810 417 3825 ffl-

321 3876 349 3944 1)
373 3874 551 3932 Hermaeum
581 3874 611 3929 iu
638 3873 759 3931 Dissert.
797 3871 971 3929 Emendatt.
999 3876 1124 3945 quiaque
1154 3888 1249 3927 εοεαε.
1277 3864 1349 3923 itud.

247 3958 498 4020 MDCCCXLVII.
523 3967 551 4017 et
573 3962 628 4015 hoe
652 3976 669 4012 a
692 3958 814 4015 librariis
838 3958 998 4031 profectum
1028 3965 1124 4014 censet
1151 3964 1182 4011 et
1210 3959 1351 4016 σωνιαίνειν,

247 4050 325 4121 quod
342 4046 500 4119 Hesychius
520 4063 535 4099 e
554 4044 746 4117 Xenophonte
767 4046 859 4099 affert.
895 4044 1003 4113 Σωπᾷν
1021 4061 1037 4097 a
1053 4042 1100 4098 Du
1116 4042 1227 4113 cangio
1245 4042 1353 4097 affertur,

245 4138 379 4194 Σωπαῖος
397 4130 578 4187 Atheniensis
597 4132 632 4185 ab
654 4130 780 4184 Isocrate
800 4136 978 4184 memoratur.

314 4219 346 4287 λ)
358 4220 470 4290 Σμινρᾷ
488 4222 534 4271 καὶ
552 4218 650 4287 δειλαίᾳ
669 4218 751 4290 (μονῇ
768 4214 824 4269 Dio
837 4216 915 4270 (laea.
929 4214 1018 4271 Exeo.
1030 4214 1093 4269 Vat.
1104 4214 1138 4268 X.
1153 4216 1214 4269 142.
1227 4214 1272 4268 ed.
1285 4209 1349 4280 Lipa-

246 4304 283 4358 αι’.
302 4306 339 4357 ελ
357 4306 461 4361 nunu.
478 4306 536 4357 tto.
