2825 4809
147 386 199 455 na
219 380 425 451 smaoeu
448 378 593 449 numa
616 380 838 451 voonms.
868 379 908 449 c.
919 381 947 447 1.
970 384 996 468 c.
1007 381 1039 446 4.
1061 386 1137 459 229

76 585 118 641 eto.
141 571 176 635 ad
198 588 353 655 syncopen
379 568 480 633 Drac.
505 566 576 633 175.
619 568 729 654 Hujus
758 578 866 633 autem
894 568 1024 656 generis
1051 552 1136 633 non·

74 674 137 740 nulla
153 672 182 736 in
199 691 369 736 sermonem
390 670 595 735 insinuarunt
602 693 611 745 ;
632 666 776 755 καμμύω
802 664 873 737 ἀπὸ
895 673 955 735 τοῦ
976 665 1138 754 accepite
1230 672 1234 679 '

75 774 135 842 κατὰ
157 767 307 861 συγκοπήν
332 770 497 837 choerob.
518 771 607 838 Dict.
622 770 695 837 524.
720 770 899 860 Moschop.
923 771 1045 839 Sched.
1065 769 1136 836 140.

73 886 95 941 et
110 869 295 957 ἆκᾶμμαστος
316 874 400 938 Hes.
423 864 540 959 ὄμβων
568 872 605 940 ἐκ
625 876 683 939 ’τοῦ
709 868 843 959 dociliter
866 872 919 958 ¹⁶)
947 870 1036 938 κατὰ
1058 893 1137 957 συγ·

72 974 150 1064 acopo
166 970 205 1053 ὡς
225 966 376 1058 ἄμπωτις
395 973 520 1060 Phnyn.
536 976 627 1062 App.
642 975 692 1040 12.
706 976 854 1060 'quorum
875 974 957 1039 illud
974 994 1138 1058 nusquam

71 1078 157 1163 legitur
184 1076 243 1141 nisi
271 1086 473 1141 contractum
507 1086 544 1140 ut
576 1076 765 1141 femininum
799 1071 891 1165 ἔμβη
917 1085 949 1140 et
969 1067 1139 1159 ’Ἀμβαινα

70 1172 231 1265 ἆναδενδρᾶς
250 1179 331 1243 Hes.
356 1177 415 1243 sed
435 1178 562 1263 integre
585 1172 772 1265 Ἀναβώδες
791 1180 931 1263 βαθμοῦ
949 1168 1039 1254 εἶδος
1054 1176 1138 1239 Hes.

69 1280 115 1343 Pro
130 1274 268 1363 ἄμπωτις
285 1302 363 1345 vero
390 1279 521 1366 saepius
543 1270 715 1358 ἀνάπωτις
736 1290 772 1345 ut
794 1273 970 1370 καταμύῳ,
999 1298 1139 1362 quorum

71 1381 182 1467 exempla
207 1381 323 1468 collegi
352 1382 395 1446 ad
421 1382 501 1447 Phr.
523 1381 596 1447 340.
624 1375 778 1467 ἀμβολᾶς
802 1378 961 1467 Xenoph.
991 1371 1139 1464 c'z'yxlspc

70 1482 256 1547 alterautra
278 1479 514 1548 κατακλίνεται
535 1477 553 1548 ὁ
577 1478 774 1572 κυβερνήτης
792 1482 879 1547 Ρο11.
891 1482 919 1547 Ι.
931 1481 983 1545 90.
1010 1478 1140 1546 Eadem

69 1578 178 1646 libertate
203 1582 252 1645 usi
281 1592 359 1646 sunt
386 1581 529 1648 Comici:
559 1577 713 1669 ἄγχάσκω
741 1583 895 1649 Pherecr.
926 1583 983 1648 Fr.
1007 1604 1041 1669 p.
1064 1580 1139 1646 947.

70 1678 205 1765 καββαλών
226 1684 358 1770 Amips.
381 1684 453 1749 706.
479 1684 597 1769 quibus
623 1685 751 1750 accedit
776 1686 911 1770 vulgare
933 1677 1141 1768 παράπαγας

69 1777 207 1869 αᾶρααγος
226 1784 261 1849 id
283 1796 335 1850 est
357 1786 508 1872 pessulus
532 1810 551 1851 a
571 1786 670 1852 verbo
689 1782 853 1875 appamia,
880 1795 913 1850 et
934 1805 1020 1869 quae
1040 1802 1140 1846 voca·

70 1880 112 1944 len
125 1906 276 1969 nunquam
299 1899 494 1975 recuperant
507 1882 624 1973 ὅμπυξ
644 1897 677 1953 et
695 1884 954 1973 acapasptgss).
974 1886 1031 1952 Sic
1042 1882 1141 1949 etiam

70 1983 146 2067 topica
164 1988 331 2070 quaedam·
343 1989 496 2069 ¹formam,
531 2013 596 2075 qua
616 1988 716 2053 semel
739 1989 867 2074 signata
887 1998 978 2066 sunt,
1007 1986 1042 2051 in
1064 2007 1140 2073 per·

71 2094 165 2165 petum
181 2091 400 2156 retinuerunt:
423 2092 665 2174 Parstrymonia
684 2090 776 2177 regio
788 2089 948 2155 Thraciae
959 2088 1033 2154 Liv.
1058 2079 1142 2171 ’Ἅμ-

73 2190 153 2270 (tpoooc
170 2201 200 2255 et
222 2187 346 2281 Ἅγχόη
368 2192 470 2259 Proll.
492 2193 566 2257 416.
590 2203 686 2276 atque
713 2192 946 2277 andronymica
968 2187 1142 2273 Παρμενί-

72 2284 115 2372 dp,
124 2282 310 2376 Παρμένων.
346 2295 448 2377 Quod
467 2317 545 2360 vero
558 2294 746 2381 Stephanus
760 2305 871 2359 narrat
887 2288 1018 2362 Siciliae
1037 2313 1141 2375 quan·

67 2385 117 2453 lau
132 2392 236 2459 urbem
259 2394 420 2483 Ἓξγυιον
440 2406 590 2462 vocatam
618 2418 690 2462 csse
713 2395 769 2462 διὰ
796 2395 835 2463 τὸ
857 2392 896 2475 (ἐξ
917 2388 1038 2480 ἀγυιὰς
1058 2389 1144 2473 ἔχειν

67 2488 158 2559 laidet
173 2497 361 2563 Meinekius
383 2499 456 2564 271.
501 2500 542 2563 In
565 2488 654 2564 exitu
676 2498 872 2583 subjungam
892 2496 1026 2561 nomina
1046 2516 1144 2581 pere·

64 2592 138 2673 gu'na,
157 2619 296 2681 quorum
312 2600 405 2685 origo
420 2601 536 2687 procul
554 2625 573 2665 a
590 2600 796 2687 cognitione:
821 2593 1022 2681 Ἀλμανικός
1038 2597 1143 2661 Anth.

63 2690 131 2761 xlv.
152 2699 218 2765 148.
236 2700 298 2765 ubi
322 2711 429 2766 tamen
453 2696 678 2786 Ἅλαμανικός
699 2700 880 2789 praefertur
909 2721 929 2762 a
950 2699 1144 2775 Schaeicr03

63 2798 213 2887 Τιβαρηνοί
236 2794 296 2879 οὓς
316 2797 412 2888 ἡμεῖς
437 2799 622 2888 Τιβρανούς
642 2801 754 2889 φαμέν
773 2803 867 2869 Eust.
891 2801 933 2867 ad
954 2803 1055 2869 Dion.
1071 2802 1146 2868 767:

61 2894 165 2985 Salapia
182 2902 338 2969 Etruriae
363 2902 441 2969 urbs
460 2904 501 2970 ab
523 2905 681 2993 Appiano
704 2904 777 2971 civ.
800 2904 828 2970 I.
851 2904 903 2968 52.
925 2902 1065 2970 Scinio
1084 2902 1153 2968 vo?

60 3008 141 3078 ocur,
170 3003 301 3069 incolae
333 3004 368 3069 in
398 3006 538 3070 nummis
570 3002 740 3071 Σαλπινοί
770 3029 800 3070 v.
821 3006 987 3070 Mannert.
1021 3005 1146 3089 Geogr.

61 3098 87 3163 Τ.
104 3102 158 3169 lx.
179 3107 209 3171 2.
233 3106 395 3193 Salapina
416 3108 511 3194 palus
533 3106 701 3194 Lycophr.
716 3108 787 3197 129.
811 3108 931 3193 quibus
947 3106 1025 3171 addi
1037 3114 1148 3193 potest

60 3203 197 3288 antiquum
216 3208 348 3294 Ephesi
369 3231 499 3286 nomen,
523 3210 613 3294 quod
635 3207 823 3297 Stephanus
834 3206 1004 3294 Σάμορνα,
1027 3208 1147 3275 Strabo

56 3300 162 3388 Σμύρνα
184 3310 333 3395 appellat
360 3333 390 3375 v.
413 3310 577 3375 Alexand.
607 3311 649 3375 ad
679 3310 796 3396 Sibyll.
818 3313 861 3379 V.
889 3310 963 3377 305.
993 3317 1030 3374 ut
1051 3314 1149 3398 praei

57 3412 151 3471 teneam
170 3408 341 3496 Apollinis
368 3412 466 3497 Lycii
499 3433 683 3497 cognomen
710 3414 967 3499 vulgatissimum
993 3411 1028 3476 in
1050 3412 1147 3478 codd.

56 3502 194 3596 lycophr.
216 3513 293 3578 920.
316 3509 472 3601 Πατρεύς
492 3513 600 3579 scribi.
644 3510 764 3581 Παιάν
779 3508 973 3581 Eustathius
991 3514 1083 3593 1275,
1094 3515 1147 3581 40.

57 3626 85 3669 tx
101 3604 239 3679 Παιάὼν
262 3616 431 3680 concisum
454 3616 567 3679 statuit
600 3638 665 3701 quo
698 3639 795 3681 nemo
825 3640 904 3681 usus
928 3625 992 3695 est,
1024 3626 1057 3683 et
1078 3638 1150 3683 om-

58 3887 68 3907 ν
106 3814 146 3883 ts)
157 3816 279 3872 Rectius
292 3824 436 3889 oxytonon
449 3817 478 3872 in
499 3818 564 3872 EM.
577 3819 621 3884 81,
635 3820 660 3873 8.
675 3813 788 3886 ἀναβῶν
799 3822 845 3873 καὶ
858 3816 991 3889 ἀναβάσει
1004 3824 1052 3875 τοῦ
1068 3815 1149 3875 τόνου

54 3914 67 3947 s
116 3919 137 3956 ν.

65 3903 147 4055 picit)
162 3984 311 4061 Ἄμπηρος
321 3992 522 4062 πεπηρωμένος
534 3990 603 4045 Hes.
618 3990 740 4045 sortasse
753 3999 869 4063 aposta
882 3991 987 4047 dictum
1000 3998 1058 4057 est3
1078 3985 1152 4063 ”Ass

55 4071 132 4133 scalea
143 4076 169 4127 oi
183 4078 242 4128 τῶν
263 4076 373 4131 παίδων
391 4072 607 4149 ἐπιμελούμενοι
624 4076 800 4132 laconicum.
817 4078 875 4133 Pro
895 4075 1062 4148 daappsidpr
1075 4073 1148 4127 Poll.

54 4151 82 4205 ll.
93 4158 145 4213 120.
167 4160 484 4235 Bekkerusdmcpddpr.
507 4162 773 4234 Διαμηάξΐοήαεεθ
791 4182 809 4219 a
828 4158 1049 4231 dearanpyuirae
1064 4158 1094 4213 ld
1106 4164 1151 4211 08¹1*
1239 4204 1244 4216 .

54 4238 225 4315 διαναπείρειν
250 4250 411 4319 transfigere
433 4257 465 4303 ut
486 4246 515 4303 in
530 4248 663 4321 Aeschyli
680 4250 745 4306 loco
768 4254 862 4322 σφῆνα
880 4243 1006 4317 διαμπὰξ
1028 4249 1151 4319 στέρνων

53 4324 223 4389 πασσαὶεῦειν
236 4340 265 4387 el
276 4334 347 4391 aliia.
