2825 4809
480 277 493 311 ἱ

119 381 169 448 Du
185 375 299 442 ALIIS
317 369 555 442 SYNCOPAE
580 371 857 440 GENERIBUS.
882 371 920 439 O.
938 371 966 436 Ι.
984 373 1010 458 ξ.
1021 371 1052 437 2.
1076 378 1151 452 353
1215 371 1220 380 '
1256 405 1258 416 ·

82 553 123 631 καί
138 557 258 649 τροπήν,
287 582 425 645 quorum
452 557 621 624 nominum
651 567 825 643 utrumque
854 557 888 622 in
914 579 977 622 usu
1006 571 1154 628 versatur

80 665 122 731 sed
130 662 240 728 alterius
254 661 346 748 origo
362 671 442 727 nota
460 670 519 738 est,
536 659 668 725 alterius
689 657 866 745 opinabilis
879 654 962 747 πιδή
980 659 1002 725 i.
1015 684 1046 745 q.
1059 659 1149 752 πηγή

79 777 104 830 nt
117 760 196 852 αἴγλη
216 759 367 852 αἶγλήεις,
391 756 475 851 αὐδή
495 755 640 851 αὖδήεις,
659 755 741 850 τιμή
756 756 886 849 τιμήεις
903 771 964 827 cto.
986 762 1151 829 indidem-

73 889 126 952 que
142 859 240 933 arduico
262 874 294 930 et
313 861 425 931 1111111111
447 863 469 927 i.
493 887 524 949 q.
547 860 689 951 πηγαίζαν
709 885 740 928 v.
763 861 889 928 Techn.
902 863 974 928 107.
984 865 1016 948 ⁸)
1056 865 1153 948 Quo-

75 968 149 1032 modo
167 964 296 1050 igitura
317 960 436 1052 φοινός
455 966 559 1031 oritur
579 958 740 1053 φοινήεις,
762 986 781 1028 11
803 961 919 1052 φοίνιξ
940 987 1016 1031 vero
1040 992 1152 1056 φοινι-

75 1065 153 1144 κίας,
184 1066 227 1131 sic
252 1067 380 1131 illorum
415 1067 648 1152 adjectivorum
674 1065 773 1152 stirps
806 1065 919 1130 ultima
948 1067 1062 1133 eadem
1092 1069 1153 1138 sed

76 1168 196 1233 derivatio
216 1168 353 1234 discreta
374 1177 433 1233 est.
476 1169 561 1234 Item
583 1167 725 1253 syllabae
748 1154 814 1256 ςῖαῗ
819 1167 1004 1253 exemplum
1022 1169 1156 1236 affertur

74 1271 187 1334 unicum:
212 1267 373 1358 γλαφυρίς
400 1268 458 1336 καὶ
484 1270 570 1335 κατὰ
601 1266 771 1356 σαγκσπὴν
802 1267 928 1354 γλαηίς,
955 1262 974 1336 ὃ
999 1269 1156 1357 σημαίνει

75 1369 164 1458 σμίλην
187 1362 208 1458 ἢ
234 1368 325 1459 ῥίνην
350 1363 371 1459 ἢ
400 1364 529 1457 ίίρυγμα
559 1371 635 1454 (scr.
669 1361 788 1456 ἷίραγα)
815 1370 895 1436 ΕΜ.
923 1371 1003 1450 233,
1033 1371 1063 1436 8.
1116 1371 1154 1442 Si

73 1473 131 1536 lctis
149 1471 238 1538 rebus·
258 1472 353 1536 inniti
374 1471 464 1550 libet,
487 1495 549 1558 pro
570 1471 733 1560 γλαφυρίς
754 1471 986 1538 assumendum
1010 1485 1060 1539 est
1080 1495 1155 1539 ver-

73 1572 127 1636 bum
144 1568 237 1658 γλάω,
257 1569 396 1660 γλάφω,
408 1574 497 1639 unde
518 1571 600 1638 illud
622 1571 857 1658 lapidariorum
875 1597 995 1641 nomen
1014 1575 1155 1662 produci

71 1675 151 1759 potuit
166 1684 200 1738 ut
219 1697 239 1738 a
260 1670 358 1758 σμᾶω
380 1672 511 1764 σμηρίς.

132 1779 154 1860 η.
173 1777 202 1840 2.
246 1775 535 1858 Quemadmodum
548 1775 697 1841 nonnulli
716 1775 876 1860 adjectivo
889 1773 1059 1864 κερατόεις
1071 1781 1155 1850 duas

71 1876 150 1941 literas
169 1878 349 1943 decessisse
372 1887 542 1964 putarunt,
576 1877 624 1943 sic
653 1877 749 1942 etiam
777 1879 857 1946 ΕΜ.
880 1878 960 1957 550,
989 1881 1041 1947 20.
1064 1887 1157 1963 κῶας

71 1974 170 2056 aduror
188 1978 245 2044 καὶ
266 1983 452 2066 παραγωγῇ
474 1976 657 2044 κωααίδιον
678 1976 735 2044 καί
753 1983 903 2067 σαγαοπῇ
926 1985 984 2048 τοῦ
1007 1971 1052 2049 αἱ
1073 1981 1155 2050 κασί-

71 2078 134 2157 11ιαν,
154 2081 241 2164 quod
270 2091 363 2169 patet
392 2079 542 2168 proxime
566 2101 585 2142 a
606 2082 674 2156 κῶς
702 2079 836 2145 ductum
861 2103 950 2159 esse3
981 2093 1014 2148 et
1043 2083 1155 2152 Schol.

71 2175 128 2261 Ιηα.
145 2181 213 2247 247.
239 2175 352 2267 ἅμμος
373 2183 526 2269 συγκαπῇ
546 2179 582 2245 ἐκ
600 2185 662 2246 τοῦ
673 2172 819 2265 ἄμαθος,
847 2184 938 2267 quod
949 2206 1157 2272 paragogum

71 2288 104 2342 est
121 2291 152 2344 ut
175 2278 349 2367 ψάμαθος
376 2306 406 2347 v.
428 2284 529 2350 Proll.
553 2282 605 2349 35.
633 2282 803 2369 nihiloque
833 2285 1050 2372 opportunius
1081 2289 1181 2365 111·ς-’

66 2375 144 2467 diupo
168 2377 186 2450 ὃ
211 2379 375 2468 ὃύςβααος
404 2383 498 2470 παρὰ
526 2383 565 2451 τὸ
595 2380 799 2474 δαςβατήρης
829 2385 863 2452 ἓν
896 2391 1047 2476 σσγαοπῇ
1075 2387 1156 2454 ΕΜ.

66 2481 122 2560 291,
139 2486 188 2550 43.
215 2486 301 2553 illud
331 2485 416 2550 enim
442 2485 512 2551 sine
539 2485 640 2551 dubio
669 2486 830 2552 aeolicum
858 2498 907 2553 est
935 2511 994 2575 pro
1018 2489 1159 2578 δαςηρης

64 2581 78 2646 1.
96 2608 120 2670 q.
141 2583 310 2676 δαςχερής,
334 2587 387 2653 cui
412 2589 609 2654 contrarium
635 2583 753 2675 εέήρης
771 2617 812 2643 =
833 2582 973 2677 εὗχερής.
1017 2590 1159 2676 Epsilon

65 2699 294 2774 consequente
321 2693 358 2755 νῦ
381 2689 528 2756 destituit
554 2711 669 2755 vocem
699 2711 720 2752 a
741 2689 895 2754 Leonida
916 2689 994 2755 Tar.
1024 2689 1057 2754 in
1085 2691 1158 2777 epi-

62 2809 170 2871 gramm.
192 2792 307 2858 fictam
327 2787 603 2876 ὖπασυθμίδιος·
623 2815 701 2856 uam
722 2799 759 2854 ut
785 2813 805 2854 a
829 2785 958 2878 ποιμήν
981 2790 1160 2876 ποιμένισς

64 2890 96 2953 sio
114 2915 131 2956 a
148 2889 288 2982 πυθμήν
305 2895 396 2979 juste
419 2904 452 2958 et
480 2917 522 2958 ex
544 2893 659 2958 ordine
682 2893 863 2958 derivatum
889 2899 938 2956 est
959 2894 1158 2975 παθμένιος,

62 2992 129 3058 unde
147 2994 290 3081 amplius
313 2994 452 3081 produci
474 3004 605 3080 poterat
625 2990 850 3078 παθμενίδαας
871 3001 908 3056 ut
941 2983 1082 3080 ίίρθριος
1103 2988 1161 3091 dg:

62 3092 174 3177 θηίδιας
193 3098 300 3163 Proll.
322 3097 397 3164 356.
432 3096 492 3163 sed
524 3119 544 3161 a
571 3118 668 3161 versu
694 3094 869 3181 respuitur.
905 3091 1091 3158 Literarum
1119 3119 1160 3183 ην

62 3193 199 3264 deiectum
220 3199 437 3267 Grammatici
456 3222 524 3264 non
541 3197 784 3263 inobservatum
794 3195 1012 3281 reliqueruntt
1032 3194 1159 3286 Μέσση

61 3297 126 3364 κατὰ
146 3298 318 3391 σαγκσπήν
339 3301 455 3390 Steph.
479 3300 532 3366 cui
552 3298 724 3366 Berkelius
748 3291 942 3384 ἆσσκοπήν,
964 3306 1002 3361 ut
1023 3319 1044 3362 a
1066 3297 1160 3365 Stra·

61 3393 126 3465 bone
140 3413 286 3482 vocatur,
311 3403 479 3491 supponit,
504 3402 564 3468 sed
590 3411 622 3467 et
644 3400 755 3468 Schol.
779 3399 818 3464 Il.
843 3398 890 3464 Π.
913 3398 986 3464 581.
1015 3396 1161 3488 Μέσσην

61 3497 103 3584 τὴν
120 3501 301 3593 Μεσσήνην
322 3504 411 3592 λέγει
435 3499 610 3593 συγκόψας
630 3501 670 3570 τὸ
693 3495 810 3586 ὄνομα.
859 3501 958 3569 Valet
978 3521 1055 3568 vero
1076 3521 1161 3567 neu·

112 3721 229 3789 ³)Eust.
244 3725 307 3789 697,
319 3723 362 3778 33.
384 3721 414 3778 τὸ
426 3719 537 3778 πιδῦειν
552 3719 614 3777 κατ’
635 3717 791 3790 ἐναλλαγὴν
810 3717 934 3789 α1ολακίγν
952 3721 982 3776 ἐκ
999 3723 1047 3776 τοῦ
1065 3721 1161 3790 πηδᾷν

61 3809 208 3881 γίν11αιιῖη1’
223 3799 260 3864 οὗ
273 3812 321 3862 nal
332 3803 471 3864 πιδύεσσα
481 3806 498 3878 ἡ
509 3804 651 3879 κάθυγρος
661 3810 710 3860 καὶ
721 3802 848 3875 [Indiam.
868 3807 926 3862 sed
938 3802 1045 3866 παϋίεας
1054 3823 1160 3877 repug-

61 3894 200 3971 nat-canoni
218 3893 255 3951 τὰ
269 3881 365 3956 είς-εἶς
378 3892 592 3967 peravarum&
609 3894 765 3964 ἐπιδέχειαι
783 3898 855 3966 τρεῖς
871 3887 1049 3965 παραλὴξεας·
1068 3887 1084 3958 ἢ
1102 3889 1160 3966 γὰρ

59 3978 87 4043 τῷ
96 4001 110 4047 η
119 3977 308 4053 παραλήγειαι
320 3976 336 4047 ἢ
349 3969 424 4052 roffio,
436 3986 560 4042 σπανίως
570 3980 602 4035 dl
614 3982 652 4050 τῷ
664 3968 687 4034 o]
699 3979 766 4032 ΕΜ.
780 3977 823 4044 34,
834 3979 876 4031 34.
906 3977 964 4032 Pro
975 3973 1117 4050 βαρύεσσα
1128 3975 1161 4034 in

59 4059 230 4122 Andromachi
243 4065 372 4122 versibus
386 4067 486 4134 Galen.
504 4065 538 4119 Τ.
551 4063 631 4119 XIV.
645 4066 687 4119 to.
701 4063 792 4119 facilis
812 4071 855 4118 est
868 4062 1006 4119 correctio
1018 4057 1161 4137 βαηὸεσσα

58 4144 415 4225 1βαρόειςασγλανόειςν.
435 4151 538 4206 Parall
557 4152 615 4204 335.
633 4157 693 4206 not.
714 4152 755 4204 16.
775 4145 886 4204 Σίεσσα
901 4148 976 4204 idem
996 4164 1057 4201 esse
1079 4147 1160 4218 quod

57 4229 154 4292 Ὑόεσσα
165 4237 239 4295 nihil
251 4247 296 4295 est
308 4241 386 4311 quod
398 4255 449 4293 nos
462 4239 577 4293 credero
590 4235 697 4307 adigat.
705 4233 749 4289 Ἰώ
761 4231 958 4290 Καλλιθύεσσα
970 4233 1039 4288 Hes.
1053 4249 1070 4287 a
1082 4235 1162 4288 Kat-

57 4320 123 4394 λιθόη
132 4326 292 4382 derivatum
303 4324 418 4382 videtur
430 4332 462 4380 ut
472 4319 607 4397 Πασιφάη
620 4318 815 4395 Πασιηίεσσα.

95 4413 224 4463 noceor,
239 4415 333 4456 rumor.
906 4406 949 4473 23
