2825 4809
293 327 359 393 Du
380 323 659 394 PARECTASI.
705 327 745 395 C.
767 329 829 397 IV.
862 333 888 414 t.
909 331 942 394 3.
1105 334 1181 410 430

93 513 365 603 jaceremus
384 535 415 578 v.
436 512 585 598 Interpp.
609 512 653 578 ad
675 513 761 582 Sall.
779 513 877 581 Catil.
897 515 1034 584 XVIII.
1055 517 1086 582 8.
1108 514 1182 584 Ai-

94 623 181 686 ιναῒον
201 609 275 702 ἰρος
294 613 422 680 Odlim.
442 614 519 680 Del.
543 614 615 680 141.
649 624 682 682 et
709 615 742 680 in
769 617 845 704 ipsa
865 639 966 704 prosa
980 612 1182 704 Ἀταβύριον

94 714 155 808 ἰρος
176 715 326 803 Apollod.
356 717 538 794 111.2‚›4.
569 715 674 804 φυτὸν
699 719 858 804 κοναζήεν
885 720 960 785 Nic.
983 719 1083 784 Ther.
1105 719 1182 784 615.
1210 797 1215 818 Ι

93 817 331 903 οαλαμάνάρειον
351 816 457 896 δάιος
481 819 686 884 salamauder
706 843 737 884 v.
759 821 833 886 818.
857 823 951 907 cujus
978 821 1183 909 periphrasis

93 921 246 1007 exemplum
268 919 410 984 maxime
439 920 587 986 mirabile
610 930 660 988 est
687 919 914 1009 Sophocleum
944 923 1026 988 illud
1052 928 1182 990 Ποσει·

91 1019 184 1101 doissac
202 1018 283 1100 θεάς
302 1045 332 1086 v.
352 1022 454 1088 Proll.
470 1022 544 1088 500.
566 1045 642 1088 nam
664 1024 756 1109 quod
775 1025 952 1109 Elmslejus
973 1025 1016 1090 ad
1033 1021 1180 1091 oeae.

93 1125 163 1190 1494.
183 1123 253 1189 huic
277 1134 446 1210 comparat
465 1131 622 1209 βακχεῖος
641 1123 723 1204 θεός
739 1149 808 1190 uon
822 1122 955 1208 Βάκχον
969 1121 1054 1192 θεόν
1077 1124 1183 1210 signi-

90 1229 147 1292 ficat
173 1227 229 1292 sed
262 1221 478 1310 βακχιυιιιιάν
510 1223 800 1313 bacchabundum,
836 1227 893 1312 qui
921 1226 999 1292 alibi
1026 1231 1184 1309 βακχεῖος

89 1321 153 1410 ἰναξ
169 1339 306 1394 vocatur.
355 1327 485 1393 Eodem
513 1327 614 1414 igitur
642 1330 742 1396 modo
768 1330 834 1396 dici
860 1330 968 1417 potuit
986 1327 1184 1413 Καΰστριος

89 1428 216 1512 ποιαιιός
242 1439 275 1494 et
309 1429 417 1495 demto
447 1430 580 1497 nomino
607 1432 805 1518 Καάσιριος.
849 1433 922 1498 Nec
942 1443 1053 1498 tamen
1072 1427 1184 1496 miuus

89 1530 239 1617 probabilis
268 1530 442 1617 Apollonii
474 1534 634 1600 sententia
661 1535 750 1600 Adv.
778 1535 852 1599 597.
879 1529 1055 1612 Αἰτώλιος
1081 1553 1185 1618 μη·

87 1633 161 1720 gogis
181 1633 438 1711 adnumeranda,
462 1655 546 1719 quae
568 1658 588 1700 a
608 1635 781 1722 primitivis
802 1637 914 1723 specie
929 1635 1029 1702 modo
1047 1634 1186 1717 distant,

87 1757 136 1800 nou
159 1734 250 1800 etiam
278 1735 456 1802 intellectu.
501 1736 588 1804 Cum
609 1734 785 1816 Αἰτώλιος
807 1737 1033 1824 similibusque
1052 1746 1184 1802 veteres

87 1837 259 1902 contendunt
281 1838 442 1922 adjectiva
462 1839 655 1905 dicatalecta
675 1850 713 1904 ut
735 1842 890 1927 πέλιορος
909 1836 1093 1927 πελώριος,
1121 1859 1182 1902 cn-

81 1939 122 2022 jus
139 1939 260 2025 generis
283 1941 382 2027 paulo
406 1951 481 2006 ante
506 1941 705 2006 mentionem
732 1941 837 2020 movi,
866 1963 928 2007 nec
951 1963 1027 2007 raro
1058 1940 1186 2006 andro·

85 2041 187 2125 nynica
206 2038 424 2121 Μελάνθιος,
448 2037 599 2121 Ξάνθιος
618 2044 863 2110 confunduntur
878 2066 953 2109 cum
963 2040 1184 2119 brevioribus,

86 2143 246 2229 planissime
277 2154 385 2209 autem
413 2154 529 2210 neutra
551 2138 707 2224 άεθλιον,
738 2141 895 2226 ἑάώλιον,
924 2144 1097 2224 totalem,
1120 2150 1184 2210 βε-

84 2243 188 2326 μιίλιον
209 2245 410 2311 conveuiunt
431 2244 618 2332 trisyllabis,
1104 2233 1108 2243 ’

147 2365 169 2449 ζ.
190 2366 219 2430 3.
264 2364 420 2451 Longior
450 2387 556 2430 sermo
587 2375 716 2432 texetur
745 2365 787 2430 de
816 2366 885 2430 iota
915 2365 1006 2450 quod
1034 2363 1184 2429 vocalem

81 2463 189 2550 longam
216 2467 361 2554 excipit3
395 2465 436 2532 de
463 2467 527 2532 hoc
554 2467 640 2532 enim
671 2489 771 2554 saepe
800 2466 976 2553 ambigitur
1002 2475 1111 2530 utrum
1137 2463 1188 2529 ad

80 2566 317 2634 terminationem
337 2569 500 2656 pertineat
521 2591 563 2634 an
581 2568 761 2635 redundet:
779 2566 816 2634 sd
842 2565 972 2655 αἰζήιος
990 2564 1185 2635 πλεονάσαν

80 2672 108 2734 ai
122 2657 144 2734 ἶ
159 2663 342 2754 ἀνεβίβασε
362 2670 420 2738 τὸν
441 2668 537 2737 ιάνον
563 2669 609 2749 ώς
634 2693 738 2760 φησιν
755 2667 966 2757 Ἡρωδιανὸς
991 2668 1026 2734 ἓν
1050 2670 1092 2757 τῇ
1117 2691 1189 2732 ιια-Ι

79 2766 167 2838 θόλου
196 2769 353 2856 Theogn.
383 2769 465 2837 Can.
493 2773 551 2852 57,
579 2773 628 2839 15.
659 2774 712 2839 cui
745 2770 884 2837 succinit
911 2770 992 2835 ΕΜ.
1019 2769 1098 2847 239,
1127 2767 1189 2833 40.

79 2869 156 2936 Alius
173 2895 249 2938 vero
264 2873 340 2950 631,
352 2873 404 2938 32.
425 2874 463 2942 τὸ
482 2870 630 2958 κάπριος
650 2875 709 2942 καὶ
731 2871 862 2961 αἰζήιος
883 2866 1075 2957 παρωνύμῳ
1097 2867 1183 2936 sidet

77 2967 344 3055 ἰποπιπειοκέναι
373 2977 493 3062 φαμέν.
537 2977 687 3062 Uterque
712 2977 813 3062 igitur
836 2970 952 3062 αἰζηός
978 2994 1039 3060 pro
1066 2970 1187 3058 primi-

78 3073 127 3140 tivo
142 3075 271 3155 habuit3
292 3077 527 3165 Theognostus
547 3101 565 3142 e
581 3071 743 3144 contr'ario
759 3102 819 3166 pro
836 3074 953 3141 affecto
967 3073 1114 3150 canu,
1128 3070 1188 3136 15..

76 3173 107 3240 τά
127 3175 170 3256 εἰς
184 3165 254 3266 ’νή-οξ
275 3179 362 3246 κατά
387 3180 447 3270 τήν
470 3177 584 3268 κοινήν
606 3179 782 3247 διάλεκτον
804 3173 864 3246 οὐκ
888 3174 978 3243 ἔστιν
999 3172 1121 3262 εὑρεῖν,
1149 3169 1185 3241 εἰ

77 3273 111 3362 μή
130 3278 163 3345 τὸ
187 3277 323 3370 αἰζήός,
350 3273 371 3346 ά
393 3279 450 3347 καί
472 3276 554 3348 adad
577 3280 614 3348 ἐκ
636 3274 787 3359 πάθους,
814 3278 872 3345 καί
892 3276 929 3345 sd
953 3275 1099 3367 npdgl).
1143 3275 1188 3341 Is

75 3375 157 3459 igitur
170 3379 375 3467 trisyllabum
391 3405 432 3447 ex
449 3377 581 3470 αἰζήιος
596 3391 799 3448 contractum
815 3404 888 3448 esse
898 3379 1059 3468 judicavit
1074 3379 1191 3444 idem—

130 3616 158 3684 l)
178 3618 244 3672 Hoc
263 3618 341 3674 docti
362 3619 512 3692 conserunt
533 3635 595 3672 cum
613 3613 691 3680 πόλις
712 3617 810 3689 Taele,
835 3618 978 3688 quomodo
997 3614 1189 3671 Herodianus

77 3699 144 3755 scnbi
158 3703 249 3758 voluit
264 3704 301 3758 Il.
315 3704 337 3758 I.
352 3704 410 3758 llll.
426 3711 458 3757 ut
471 3705 526 3758 hoc
540 3711 673 3776 tanquam
687 3704 833 3775 epitheton
847 3704 1021 3759 discerneret
1037 3696 1189 3757 anomine

76 3787 138 3842 urbis
155 3791 286 3845 absolute
305 3786 409 3861 posito.
451 3790 509 3844 Sed
531 3787 561 3843 id
580 3789 646 3860 jure
669 3789 811 3862 improbat
828 3789 1035 3861 Naegelsbach.
1053 3789 1092 3843 sd
1108 3791 1138 3842 h.
1158 3786 1185 3842 l.
1222 3854 1227 3858 .

77 3887 98 3941 p.
110 3875 147 3928 39.
164 3877 218 3931 Ed.
234 3876 274 3930 11.

131 3961 156 4029 5)
173 3963 282 4016 Arcad.
299 3962 346 4026 38,
363 3962 405 4014 10.
424 3959 456 4015 τὰ
475 3963 514 4022 εἰς
530 3951 585 4030 ff
597 3957 701 4015 σπάνια
723 3955 790 4017 ’άνιιι
807 3959 931 4024 ὀξύνεται
951 3954 1013 4014 οἷον
1029 3955 1078 4025 ἧός
1093 3957 1187 4013 scrib.

75 4037 125 4097 οἷον
136 4044 223 4115 allude
237 4051 286 4101 καὶ
298 4043 375 4116 unde.
399 4046 564 4101 Eustathius
578 4049 639 4112 217,
652 4047 694 4101 43.
711 4045 741 4102 τὸ
756 4045 846 4115 attede
861 4043 984 4108 ὀξύνεται
999 4041 1070 4117 πρὸς
1084 4040 1187 4116 ὁμοιά-

74 4147 127 4195 τήιιι
142 4135 187 4186 τοῦ
206 4125 273 4200 νηός
289 4135 336 4186 καὶ
354 4130 423 4202 πηός
440 4137 486 4186 καλ
504 4137 560 4188 τών
576 4130 691 4203 ὁμοίιον,
711 4135 763 4187 sed
779 4132 822 4186 bis
839 4131 930 4188 simile
945 4129 1055 4184 nullum
1068 4127 1189 4207 reperio

74 4223 171 4281 praster-
188 4217 315 4273 ionicum
333 4212 404 4288 ληίς.
442 4217 577 4275 Totidem
597 4226 661 4274 sunt
682 4217 796 4290 generis
815 4216 941 4272 neutrius
961 4218 1012 4271 sed
1031 4216 1189 4288 peregrine

74 4301 135 4368 μήσν
147 4311 174 4357 et
187 4307 265 4374 ήῆον.
