2825 4809
255 313 331 388 396
543 307 864 377 DISSERTATIO
892 307 939 372 11.
982 307 1023 374 P.
1041 307 1087 374 Ιι.

255 515 354 580 quam
381 492 416 558 in
445 493 578 558 nostris·
594 493 685 560 libris
714 494 905 581 saepissime
934 492 1019 561 ποία
1048 492 1193 558 scribitur
1216 493 1301 578 idque
1323 521 1337 561 ι

255 595 421 682 Gregorio
449 594 571 681 pariter
599 605 636 661 ut
669 595 747 680 ῥοια
775 607 809 660 ct
835 594 935 681 χροια
965 594 1084 660 rectius
1112 595 1154 659 ad
1179 596 1338 682 epenthesis

256 698 402 764 refertur.
454 697 550 762 Idem
565 699 828 764 consonantium
856 697 987 762 deiectu
1019 696 1104 764 effici
1135 698 1228 762 tradit
1252 700 1337 784 Epiri

257 799 303 866 Π.
325 798 400 864 425.
424 800 575 886 exemplo
597 800 751 888 inepto‘
734 826 771 868 ιιι
792 804 853 868 τοῦ
870 793 1001 920 κὼρινός
1020 794 1146 884 γίνεται
1165 794 1258 881 ὥριος
1277 800 1339 868 κατὰ

257 893 432 1028 άπομοιὴν
461 907 563 970 τοῦν
597 897 796 989 άναπέμψιι
824 905 886 968 τοῦ
917 898 1016 966 τόνοα
1052 895 1163 984 ὥςπερ
1199 895 1340 986 ἓσιιιρινός
1381 978 1382 981 J

257 998 428 1088 ἑσπέριος,
458 1002 646 1090 χιιμιρινός
672 1002 861 1088 χειμέριος·
889 1025 967 1067 nam
995 1001 1181 1086 adjectiva
1172 1023 1205 1065 rn
1230 1027 1275 1080 ιος
1299 1025 1340 1067 ιι-
1381 994 1383 1063 ι

257 1103 368 1170 euntia
394 1113 511 1171 natura
543 1115 720 1188 gravantur
753 1105 901 1191 exceptis
918 1103 1126 1230 perpaucis.
1173 1103 1340 1170 Adverbion
1381 1128 1382 1163 1

258 1228 318 1293 pro
348 1207 498 1294 exemplo
521 1207 616 1272 affert
635 1208 716 1272 ΕΜ.
747 1207 798 1285 19,
825 1208 877 1273 32.
909 1200 1022 1293 άέκητι
1051 1199 1127 1272 άντὶ
1151 1209 1208 1271 τοῦ
1232 1198 1341 1273 ιιικοσιί
1381 1240 1383 1264 1

257 1333 321 1374 κατ
356 1302 531 1398 ἀποβολὴν
553 1313 613 1376 τοῦ
641 1307 743 1376 σκαι
767 1312 881 1396 τροπῆ
903 1304 1023 1397 ἷωνικῆ
1046 1307 1122 1394 [τοῦ
1146 1333 1169 1372 α
1189 1302 1235 1385 εἷς
1252 1305 1280 1391 η]
1301 1305 1340 1370 ιιι
1381 1328 1382 1331 ’

210 1469 217 1483 ,
257 1401 456 1493 άναβιβάσιι
475 1412 534 1476 τοῦ
555 1406 667 1478 τόνου·
690 1407 711 1498 ἡ
734 1409 796 1494 γὰρ
819 1405 976 1494 ἀποβολὴ
997 1406 1168 1498 πολλάκις
1187 1402 1342 1491 ἀναβιβάζει

257 1533 334 1586 τους
353 1505 478 1588 τόνους.
522 1511 652 1576 Eodem
672 1512 774 1576 utitur
795 1509 893 1574 etad
921 1510 1058 1576 eandem
1086 1533 1158 1576 rem
1179 1509 1343 1634 Apollonius

258 1609 300 1676 de
323 1609 419 1696 Oonj.
441 1637 475 1699 p.
499 1611 573 1676 500.
595 1613 682 1679 Adv.
705 1612 780 1678 545.
802 1613 862 1678 sed
884 1612 1048 1696 adjunctis
1069 1612 1161 1677 ιιιιιιι
1182 1609 1219 1680 τό
1239 1606 1343 1678 desuevi

258 1707 420 1779 ἀποτελεῖ
443 1711 482 1780 τό
505 1709 701 1800 disputasti
722 1711 820 1781 τόνον
842 1707 987 1801 ιόλόγως
1011 1707 1282 1799 oivossrssoods'cvoc
1299 1711 1341 1776 ιιι

208 1841 211 1864 ·
258 1809 383 1880 καθότι
405 1810 515 1882 ἔνδεια
540 1814 706 1893 πολλάκις
724 1841 785 1882 τον
805 1838 827 1883 σ
849 1811 1158 1899 ἆναβιβασμὸντοιι
1178 1812 1265 1882 τόνον
1278 1807 1343 1881 dao-
1381 1840 1382 1871 1

257 1916 357 1993 τελεῖ,
382 1908 575 2035 οὐτάμενος,
600 1911 816 2002 ε’ληλάμινος,
840 1910 1064 2002 όισπότης,’
1048 1914 1205 2002 εργάτης·
1232 1914 1282 1981 καὶ
1299 1940 1343 1979 ιι-
1381 1970 1383 1974 ,

257 2010 339 2082 θότι
360 2013 402 2083 τοι
424 2011 524 2104 πάθη
545 2023 617 2094 τοῖς
634 2011 755 2094 τύποις
776 2018 996 2105 συιειτρέχει,
1019 2017 1083 2083 hoc
1105 2028 1159 2083 est
1179 2017 1252 2102 quia
1268 2012 1345 2092 τὰιῖς
1381 2045 1383 2059 ³

257 2141 316 2204 της
344 2112 503 2199 ἀρσενικὰ
531 2115 673 2206 βραχείᾳ
701 2115 962 2205 παραληγόμενα
993 2114 1198 2205 βαρύνονται
1224 2121 1293 2183 Arc.
1309 2116 1345 2181 20
1381 2172 1383 2176 ,

257 2242 287 2284 v.
311 2218 432 2284 Parall.
453 2217 528 2282 447.
555 2217 634 2284 item
658 2229 695 2282 ut
716 2218 890 2305 partieipia
912 2215 1103 2304 ἱστάμενος,
1132 2215 1345 2305 πιμπλάμενος.
1381 2239 1383 2276 f

258 2321 382 2389 Verum
402 2319 466 2384 ista
488 2315 675 2384 adverbii’
655 2318 774 2406 αι’κητι
797 2320 939 2386 evolutio
963 2321 1138 2407 operosior
1159 2333 1210 2386 est
1226 2343 1310 2406 qnam
1322 2328 1347 2382 ιι

259 2420 483 2487 assensionem
497 2431 635 2503 moveat.
666 2422 722 2487 De
738 2421 920 2509 participiis
937 2445 1011 2488 cum
1027 2424 1212 2510 Apollonio
1231 2421 1348 2488 dissentit

258 2525 357 2588 stadii
385 2541 545 2589 successor
573 2533 602 2589 ει
629 2526 754 2589 haeres:
783 2523 822 2590 τὸ
849 2517 1032 2608 οὐτάμενος
1054 2526 1111 2593 καὶ
1135 2516 1346 2612 ἐληλάμαοςό

252 2616 460 2708 Ἡρωδιανὸς
485 2621 520 2688 ἕν
541 2626 581 2712 τῇ
601 2618 756 2690 καθόλου
778 2621 817 2690 οὗ
840 2624 975 2705 δοξάζει
993 2626 1080 2691 κατὰ
1098 2621 1219 2704 πάθος
1232 2619 1295 2692 άπό
1307 2626 1347 2690 voi·

158 2743 164 2759 “
219 2751 221 2759 ’
259 2716 462 2807 οὐτασμένος
488 2722 547 2789 καὶ
573 2723 796 2810 ἕληλασμένος
823 2719 897 2792 ἀλλ’
928 2720 975 2805 ὡς
999 2720 1069 2792 άπὸ
1097 2732 1161 2794 τοῦ
1183 2720 1294 2814 οἷἰιημι
1310 2721 1350 2788 ιιι

259 2817 399 2911 ἐλήλημι
430 2821 596 2896 Choerob.
629 2823 711 2890 Can.
746 2825 819 2891 837.
875 2826 1087 2894 Substantiva
1118 2827 1161 2892 ab
1196 2828 1251 2892 illo
1279 2826 1350 2890 ιιιιιι
1381 2883 1383 2889 .

259 2919 510 3010 όεσποστής,
493 2922 656 3012 εργαστής
683 2920 845 3011 nusquam
873 2928 1005 2994 inventa
1030 2939 1120 3007 sunt,
1155 2940 1190 2994 et
1215 2951 1292 3016 quae
1314 2925 1350 2989 bis
1381 2958 1383 2991 ;

258 3043 462 3090 communem
491 3049 510 3090 a
537 3025 645 3092 verbis
673 3027 834 3114 originem
863 3029 987 3096 habent
1019 3029 1187 3114 θαυματά
1217 3029 1284 3099 άντὶ
1308 3031 1383 3094 τοι

257 3124 443 3206 θαυμαστά
465 3126 576 3196 Schol.
598 3127 698 3193 Pind.
719 3129 775 3196 Οι.
798 3130 895 3197 1.4.3
919 3129 1051 3211 αἰνετός
1071 3158 1136 3198 κατ
1140 3128 1350 3200 ’ἔνδειαντοι
1381 3146 1383 3185 ι

259 3245 280 3289 σ
306 3225 386 3290 ΕΜ.
415 3226 473 3304 36,
502 3224 601 3293 29.
584 3229 713 3310 ονοτός,
742 3225 879 3316 όγατός,
910 3234 1029 3300 eodem
1057 3245 1218 3300 accentu
1228 3234 1383 3319 notantur}
1381 3189 1383 3231 ἲ

259 3345 325 3408 quo
347 3347 415 3389 non
436 3327 561 3394 affecta.
605 3331 659 3396 De
688 3330 891 3399 substantivo
919 3337 1067 3419 ejusdem
1088 3337 1221 3422 generis
1241 3332 1351 3401 verbalis

257 3425 490 3492 incredibiliter
519 3432 674 3497 ariolatur
701 3434 913 3500 Herodianus
942 3438 985 3501 ad
1013 3438 1053 3502 Il.
1081 3438 1220 3507 XXIV.
1240 3436 1304 3502 228.
1324 3429 1350 3497 ri
1381 3462 1383 3561 J

257 3524 414 3610 ποταμός
436 3527 563 3614 ἐγένετο
585 3532 681 3619 παρὰ
702 3532 741 3601 τό
764 3533 942 3620 ποτασμός
962 3532 1047 3604 καθ’
1078 3534 1271 3627 ὑφαίρεσιν,
1296 3548 1383 3615 nam!

257 3647 365 3710 neque
383 3627 447 3692 hoc
467 3653 587 3697 nornen
610 3635 823 3720 eognovimus
845 3660 954 3723 neque
970 3638 1106 3706 verbum
1127 3639 1290 3722 ποτάζειν,
1309 3634 1383 3703 ιιι

257 3726 312 3792 ille
334 3737 441 3794 tamen
461 3730 526 3798 boc
548 3734 656 3800 dicere
680 3758 749 3802 non
770 3739 935 3824 potuisset
961 3740 991 3806 si
1022 3764 1098 3807 cum
1119 3743 1279 3830 scriptura
1294 3761 1383 3837 pro·

259 3827 385 3893 sodium
406 3834 522 3897 mutari
545 3837 781 3918 existimasset,
734 3843 903 3937 —quod
927 3842 982 3928 huj
986 3866 1025 3908 us
1046 3845 1191 3910 nominis
1215 3845 1383 3910 character

257 3950 324 3993 non
352 3931 518 4016 probibet3
552 3959 629 4002 nam
659 3941 694 4004 in
728 3968 814 4022 αμος
844 3944 1033 4010 exeuntium
1060 3946 1163 4011 multa
1192 3953 1350 4033 graventur
1381 3942 1383 4047 J

240 4027 407 4094 =Du0rum
428 4033 655 4104 adverbiorum
677 4053 912 4127 oxytonorum,
937 4069 1021 4132 quae
1037 4047 1165 4131 abjecta
1181 4048 1272 4112 litera
1284 4039 1383 4108 finali

171 4161 179 4166 -
258 4123 416 4211 berytona
440 4135 537 4216 fiunt,
566 4163 667 4206 unum
689 4149 775 4229 χῶρι
796 4147 1032 4232 Apollonius
1022 4171 1096 4270 ipse
1119 4149 1195 4214 572.
1219 4147 1291 4212 (ιιοιι
1312 4166 1351 4209 ce

262 4227 337 4290 teris
368 4232 566 4304 adverbiis
556 4265 594 4306 ιιι
620 4271 632 4310 ι
613 4231 931 4314 desinentibus
918 4274 991 4338 ιφι,
1020 4247 1169 4341 depicto.
1191 4252 1382 4315 accommo
