2825 4809
306 353 371 420 ns
389 347 666 422 Phanorian.
701 351 796 422 cv.
818 353 890 440 ιε.
1083 347 1157 433 ⁴73

79 541 156 608 voces
175 539 272 614 intrat
295 560 450 623 quaerere
471 542 677 628 propositum
697 541 855 606 habemns
875 562 942 605 non
960 539 1158 624 decernendi

80 665 156 710 cauea
173 641 225 706 sed
245 641 465 728 disceptandi3
492 667 568 708 nam
598 644 747 728 quaestio
777 653 827 706 est
849 663 970 728 anceps
993 642 1157 727 plenaque

79 743 268 810 dissensionis.
312 744 388 808 Hoc
410 745 567 831 imprimis
589 737 673 809 valet
696 746 738 809 de
757 743 943 808 nominibus
962 742 1157 827 quibusdam

77 865 232 932 quaecum
259 843 467 910 substantivis
494 847 623 932 generis
653 846 799 910 neutrius
835 846 868 909 in
889 833 940 924 οξ
963 844 1157 909 exeuntibus

72 951 161 1032 juncta
185 957 256 1010 sunt
284 941 480 1029 ὀρειονόμος
507 957 539 1011 et
569 942 758 1026 ὀρεινόιιος,
786 943 993 1027 ἓλιιόχριοος
1015 957 1047 1010 et
1069 942 1158 1010 §trt-

73 1073 183 1130 χρνοος,
205 1048 294 1132 quod
315 1047 350 1112 in
372 1049 446 1112 cod.
469 1047 550 1114 Urb.
574 1049 742 1136 Theophr.
766 1050 811 1112 H.
826 1047 877 1111 Pl.
899 1047 962 1112 IX.
988 1047 1044 1123 19,
1070 1049 1101 1112 3.
1126 1055 1159 1111 et

75 1149 133 1214 alibi
152 1150 299 1236 scriptum
322 1161 371 1214 est
392 1173 453 1237 pro
483 1146 651 1233 ἑλίχρυσος
679 1147 901 1236 probaturque
925 1147 1094 1214 Meineltio
1123 1149 1157 1213 in

71 1251 119 1315 hd.
138 1249 253 1318 minore
277 1250 369 1318 Com.
394 1275 426 1339 p.
451 1253 510 1318 Vl.
541 1253 617 1336 quia
640 1253 742 1317 Attici
766 1251 1055 1337 antepenultimam
1079 1272 1157 1336 pro·

71 1352 191 1416 tendunt.
222 1346 463 1434 Ἕ1ειόχροοος,
487 1353 577 1439 quod
593 1355 792 1420 Wimmerus
814 1363 923 1418 tuetur
941 1352 963 1416 l.
986 1373 1014 1414 c.
1039 1352 1066 1416 si
1084 1373 1158 1418 cum

70 1454 133 1518 alius
156 1455 283 1540 plantae
304 1454 435 1519 nomine
457 1451 676 1520 ἓλιιοοέλινον
698 1454 925 1520 contendimus
954 1454 1044 1539 quod
1070 1454 1158 1518 idem

70 1555 154 1620 ttae
175 1553 303 1622 σέλινον
323 1570 466 1632 vocatur,
491 1556 551 1622 sub
573 1578 670 1620 mann
692 1557 837 1621 nascitur
857 1558 1053 1639 conjectura,
1076 1555 1157 1620 illud

68 1657 239 1740 primitivum
262 1681 335 1724 esse
358 1682 398 1724 ex
419 1659 577 1744 adjectivo
602 1671 634 1723 et
657 1659 858 1724 substantivo
870 1659 1046 1723 conflatum
1062 1657 1158 1742 quasi

68 1752 171 1824 1νι1ιιὸ
194 1760 288 1824 δυοῖν
310 1760 544 1846 διεζευγμένων
571 1771 608 1824 nt
636 1755 878 1846 ἆμριοοέλινον,
914 1781 1059 1846 syncope
1079 1781 1156 1823 vero

66 1861 208 1926 concisum
231 1857 420 1945 ἑλείχρνσος
450 1873 482 1927 et
509 1863 655 1928 similiter
686 1885 722 1926 se
751 1860 873 1925 habere
901 1854 1099 1950 dperopovq'g
1125 1871 1158 1925 et

66 1953 233 2049 ὀριιμανής,
262 1956 460 2052 ὀρειοβάτης
483 1975 515 2029 et
537 1959 722 2051 ὀρειβάτης.
767 1963 835 2030 Sed
862 1961 947 2027 serio
973 1964 1157 2046 quaerenti-

63 2059 110 2124 bus
129 2064 232 2127 statim
254 2075 395 2150 apparet
415 2065 495 2130 haec
517 2063 664 2129 breviora
684 2086 751 2128 non
773 2065 866 2128 aliter
884 2077 1072 2151 comparata
1086 2088 1158 2131 esse

64 2183 143 2245 quam
162 2161 337 2250 νλοβάιρι,
360 2159 550 2254 ἀμροβόιης,
574 2162 783 2253 χρασομανής
796 2177 857 2230 etc.
880 2178 914 2229 et
927 2167 1058 2232 omnino
1079 2167 1157 2232 sub·

61 2265 179 2328 etantiva
200 2266 244 2328 ad
267 2265 436 2350 synthesin
464 2268 592 2354 aptiora
626 2290 697 2332 esse
728 2290 825 2352 quam
857 2268 1015 2352 adjectiva
1043 2269 1157 2335 abhis

62 2364 197 2431 derivata.
243 2367 380 2452 Rejecta
410 2379 517 2433 autem
546 2391 690 2456 syncope
720 2369 965 2434 deliberandum
997 2381 1046 2436 est
1070 2371 1158 2437 unde

60 2467 269 2554 diphthongus
292 2470 347 2534 illa
368 2483 446 2534 nata
471 2493 542 2536 esse
565 2472 680 2557 possit.
724 2472 777 2536 Illi
799 2473 855 2557 qni
880 2469 1059 2548 alisiense,
1078 2497 1158 2538 νεκ-

57 2566 179 2655 ιικόραξ
199 2593 275 2636 cum
297 2571 405 2636 dativo
428 2574 610 2660 composita
625 2585 751 2660 putant,
774 2595 839 2636 non
855 2570 1049 2636 dubitabunt
1070 2569 1158 2657 ‘loet-

56 2668 207 2756 οέλαργος
231 2671 274 2738 ab
298 2674 415 2738 eodem
436 2697 514 2739 casu
535 2691 682 2762 repetere
713 2687 745 2738 et
766 2675 913 2738 indidem
938 2689 1046 2738 cetera
1067 2670 1158 2756 ὀρει-

54 2766 146 2857 γινής,
173 2771 386 2862 θερειμενής,
418 2775 638 2859 ε’γχείβρομος.
681 2777 727 2841 Et
755 2776 834 2840 haec
858 2775 1030 2852 derivatio,
1061 2799 1157 2861 quarn

54 2869 255 2940 Thierschius
287 2898 418 2962 quoque
448 2877 568 2964 prohat
594 2878 740 2944 Gramm.
767 2882 792 2962 ς.
820 2877 890 2943 166.
928 2901 961 2963 p.
985 2877 1057 2943 253.
1091 2901 1158 2943 non

53 2975 249 3044 mediocriter
260 2980 507 3044 commendatur
518 2980 757 3066 compositione
770 2980 868 3043 dativi
879 2979 1014 3064 pluralis
1026 2974 1158 3061 ὀρεοοι-

53 3073 146 3155 111νος,
172 3079 426 3166 ἑμχεοίδονπος.
479 3083 527 3146 At
549 3103 758 3166 nequaquam
783 3081 868 3144 inter
896 3102 1008 3144 omnes
1038 3101 1158 3145 couve-

50 3175 96 3250 nit‚
118 3180 176 3245 sed
203 3182 261 3246 alii
286 3182 526 3268 diphthongum
553 3205 593 3248 ex
617 3183 721 3271 epsilo
750 3183 889 3269 simplici
911 3194 1019 3247 natam
1046 3183 1159 3248 volunt

50 3277 183 3346 adhibita
213 3283 389 3348 affectione
420 3285 558 3370 duplici:
593 3280 700 3369 ιῧςιερ
737 3280 809 3349 ἀπὸ
842 3289 902 3349 τοῦ
940 3279 1159 3368 ἁλοτρίβανον

49 3376 160 3463 γίνεται
185 3380 406 3470 ἀλετρίβανον
434 3389 542 3473 τροπῇ
565 3388 623 3450 τοῦ
644 3373 736 3462 deig
758 3372 792 3463 ξ
801 3385 907 3462 odrice
925 3380 994 3451 ἀπὸ
1010 3390 1068 3450 τοῦ
1080 3379 1157 3467 Ἀρ·

48 3480 203 3564 νοιοόνιος
226 3478 450 3574 Ἀργειμόνιης
478 3489 536 3550 καὶ
565 3488 767 3573 πλεονασμῷ
798 3490 855 3552 τοῦ
880 3475 1160 3571 ἶἎρμειιμοντος

46 3579 114 3648 ΕΜ.
139 3585 214 3663 136,
241 3584 294 3650 55.
318 3579 466 3653 ἀπὸτοῦ
492 3579 569 3670 ὅρος
598 3580 781 3672 ὀροφοίτρς
814 3587 873 3653 καὶ
901 3583 1080 3674 ὀρειμοίτης
1104 3586 1160 3652 καὶ

49 3674 254 3775 ὀρειφοίτης,
268 3679 391 3773 ’Ἀργος
406 3682 628 3776 Ἀργειμόντης
649 3688 706 3754 καὶ
722 3682 959 3777 Ἀργειιμόνιης
968 3686 1043 3765 461,
1061 3688 1113 3754 24.
1126 3689 1158 3773 ²)

103 3881 133 3946 2)
144 3877 201 3941 Ὣς
219 3880 251 3936 τὸ
264 3875 437 3952 μυναιμονής
450 3879 499 3936 οὐκ
514 3878 567 3936 tini
590 3884 635 3949 τῆς
653 3885 778 3949 alannae
791 3887 962 3937 σννιέθειιαι
984 3880 998 3934 ὁ
1020 3887 1160 3949 Χοιροβο-

41 3959 262 4024 σιόςι1είκνυσιν
279 3969 324 4021 ἰοὶ
345 3970 393 4022 τοῦ
413 3972 608 4036 Βακχέβαιιχος
629 3963 888 4038 κα1Ἀρμειιμ1νιης
910 3972 958 4021 καὶ
979 3971 1034 4021 τῶν
1053 3964 1160 4032 ὁμοίιον

42 4047 109 4104 Euat.
122 4054 186 4117 380,
202 4055 230 4107 7.
257 4051 331 4106 Hinc
343 4053 436 4106 hausit
454 4053 518 4106 EM.
532 4054 591 4116 tta,
604 4056 645 4106 45.
666 4052 866 4124 Βακχόβακχος
883 4058 930 4107 καὶ
949 4055 1038 4127 τροπῇ
1051 4057 1160 4121 Βακχέ-

38 4141 134 4208 βιιιχος
153 4139 195 4200 ὠς
213 4138 407 4209 ἀλετρίβανον.
434 4139 503 4193 Cum
523 4141 577 4192 hoc
595 4138 652 4194 sive
672 4141 718 4194 dei
737 4140 796 4193 eive
815 4138 909 4210 hymni
928 4139 1057 4200 nomine,
1082 4140 1160 4207 quod

40 4222 124 4294 Epim.
140 4227 165 4280 1.
181 4227 229 4280 50.
246 4225 425 4297 diplasiasmo
440 4224 585 4290 adscribit,
602 4224 833 4298 convenit‘vpip«
852 4222 983 4294 ὑμέναιος
993 4225 1079 4278 Anth.
1094 4223 1159 4280 vn.

38 4309 92 4363 167.
106 4320 136 4366 et
151 4310 333 4384 accusativus
343 4310 434 4386 Ὑμὴν
454 4309 588 4384 ὑμέναιον
603 4310 710 4368 ἀείδειν
721 4311 844 4386 Oppiun.
860 4311 929 4383 Cyn.
948 4311 971 4365 1.
988 4312 1049 4366 340.
1061 4308 1091 4366 in
1103 4328 1161 4384 quo
