2825 4809
235 368 287 440 80
604 356 925 429 DISSERTATIO
952 358 980 427 1.

237 546 455 640 pugnantium
480 544 704 612 conflictiones
738 546 854 613 eodem
876 545 1084 633 appellentur
1102 545 1263 613 vocabulo
1286 570 1353 633 quo

239 651 404 737 colloquia
424 648 609 713 amantium.
652 648 719 713 His
737 649 922 713 refellendis
947 649 999 714 vel
1017 650 1100 715 illud
1121 650 1242 715 suflicit
1263 652 1355 736 quod

233 752 440 821 substantiva
467 749 503 814 in
517 738 586 829 ’τίἷς
606 750 774 829 exeuntia,
802 751 843 815 de
864 749 992 836 quibus
1005 752 1058 836 egi
1078 751 1114 815 in
1135 752 1254 818 Parall.
1277 754 1354 819 439.

239 855 281 921 ab
311 851 477 939 adjectivis
505 851 582 916 duci
609 851 777 917 insolitum
805 863 864 918 est.
907 854 961 920 Ex
980 853 1061 919 ΕΜ.
1083 852 1156 931 612,
1174 854 1228 920 43.
1251 848 1356 939 ίίοροι

238 954 274 1025 ci
297 954 437 1040 γαμεταὶ
460 950 563 1020 οἱονεί
584 948 730 1039 ὁμόαροι
756 952 852 1040 παρὰ
872 953 911 1020 τὸ
935 950 1024 1037 ὁμοῦ
1052 948 1152 1033 εἶναι,
1178 965 1271 1042 patet
1291 956 1355 1021 hoc

238 1043 341 1145 e'pr'o
373 1054 558 1141 copulative
584 1053 711 1133 haberi,
740 1055 831 1140 quod
854 1054 889 1119 in
910 1055 1074 1120 nonnullis
1094 1056 1229 1121 vocibus
1251 1058 1355 1121 fixum

239 1168 273 1226 et
285 1155 484 1224 immutabile
501 1166 559 1234 eat,
572 1150 726 1243 ’Όθροος
740 1153 926 1241 ίιμόθροος,
937 1151 1079 1237 Ὄξυλος
1102 1155 1256 1238 ίσιίξολος
1270 1161 1353 1223 Hes.

237 1254 407 1347 inuocem
436 1252 532 1340 ίίζυξ,
566 1252 680 1343 tepet,
709 1253 832 1346 οίέτρς,
856 1258 936 1322 alias
965 1281 1040 1324 oum
1059 1252 1160 1347 alpha
1180 1261 1355 1349 participat

240 1356 397 1447 ἆγοίοτωρ
418 1354 582 1445 aeaeae,
603 1360 779 1446 ipsumque
794 1368 919 1424 nomen’
934 1359 1113 1446 perlectum
1131 1358 1306 1447 ἅμαίιμιίς
1323 1375 1355 1429 et

239 1485 324 1550 quae
341 1460 417 1527 hinc
429 1461 611 1547 composita
623 1468 697 1525 sunt
714 1458 849 1549 ἁμαρτῇ
861 1458 1003 1550 ὁμαρτῇ,
1024 1459 1183 1547 ἁμαρτεῖν
1198 1458 1354 1547 (ἀκολου-

132 1634 135 1653 1
234 1557 716 1649 θεῖτ)ί>μαρταῖν,ἇμορβιύειν
727 1556 1138 1647 ὁμορβεῖν(οἰκολοαθεῖτ),
1146 1559 1354 1652 ἁμαμηλίδες

238 1660 445 1751 ὁμομηλίδας
469 1662 592 1728 Athen.
608 1662 706 1730 XIV.
724 1662 797 1727 650.
826 1662 871 1727 D.
892 1672 926 1726 et
947 1660 1064 1748 spiritu
1084 1664 1149 1727 leni
1172 1658 1302 1749 ὅμηροι
1323 1664 1354 1733 oi

239 1763 462 1852 ὅμηροιἘΜ.
482 1764 535 1841 83,
560 1763 610 1828 19.
627 1757 777 1849 ἇμμορίη
798 1783 858 1849 pro
880 1759 1005 1849 ὁμορίη
1023 1766 1126 1830 Anth.
1141 1766 1207 1832 IX.
1225 1767 1298 1831 786.
1314 1806 1355 1817 —

238 1865 297 1931 Ad
312 1876 481 1931 accentum
494 1865 685 1930 mutandum
706 1886 784 1929 num
800 1864 881 1949 quid
896 1866 1068 1932 contulerit
1079 1854 1108 1934 ὅ
1118 1869 1357 1956 pleonasticum

138 1982 140 1992 '
239 1966 398 2055 exemplis
420 1966 554 2052 quidem
575 1966 671 2031 nullia
695 1966 861 2053 probatur,
883 1989 959 2031 nam
986 1964 1108 2047 Οίλιύς
1131 1980 1166 2034 et
1181 1965 1270 2051 ίιδοίξ
1290 1996 1357 2037 non

240 2069 333 2172 ἕως
357 2069 566 2171 pnonuneiari
598 2078 751 2156 poterant
776 2090 874 2154 quam
889 2079 1009 2137 ,cetera
1037 2069 1132 2156 hujus
1164 2074 1295 2159 generis
1322 2076 1357 2139 in

241 2195 297 2250 τος
315 2181 348 2235 et
365 2174 408 2251 οξ
425 2172 586 2247 exeuntia,
609 2172 668 2235 sed
689 2192 731 2234 ex
747 2171 862 2256 regula
879 2170 944 2249 illa,
969 2194 1035 2256 qua
1050 2171 1115 2241 ὁόυ
1134 2175 1176 2239 ad
1194 2175 1357 2242 diaeresin

240 2272 443 2351 transfertur,
467 2273 677 2359 consequitur
698 2282 813 2337 tonum
833 2294 901 2337 non
920 2271 1050 2338 retrahi.

693 2540 804 2611 cna.
841 2540 901 2612 u.

517 2697 569 2770 οι
590 2678 636 2785 ι’,
661 2680 692 2771 ὦ
716 2709 753 2772 a
776 2696 818 2770 a
845 2695 1082 2797 apatanga.

326 2886 351 2969 t.
377 2882 406 2948 1.
449 2882 546 2950 Duae
569 2904 652 2968 quae
673 2892 796 2948 restant
815 2880 945 2947 vocales
967 2902 1075 2966 neque
1094 2881 1282 2947 redundant
1302 2907 1362 2948 ue·

241 2986 330 3075 piam
351 3006 458 3071 neque
482 2984 636 3050 deficiunt
652 2985 717 3049 nisi
740 2985 776 3048 in
797 2984 930 3049 nomine
948 2983 1036 3067 regis
1058 2981 1186 3047 barbari
1200 2978 1364 3052 Ὑοποιοί-

240 3111 307 3177 apg,
331 3087 387 3172 qui
408 3086 507 3173 vulgo
530 3086 700 3172 Σπασίοης
723 3086 908 3151 nominatur
929 3084 1018 3148 etin
1038 3107 1186 3151 sennone
1207 3084 1365 3153 barbarie

242 3199 414 3274 ccmnpt03
437 3188 562 3273 βρίζειν
578 3208 638 3273 pro
660 3183 804 3273 ὑβρίζειν
821 3186 920 3252 hodie
940 3186 1058 3251 dicitur
1073 3210 1103 3252 v.
1121 3187 1364 3254 CoraieAtact.

232 3290 270 3355 ·1.
293 3287 366 3355 364.
391 3289 507 3372 etjam
530 3289 655 3373 aliquot
673 3287 793 3355 abhinc
813 3288 932 3355 seculis
961 3289 1021 3377 mlv
1044 3286 1243 3377 ὑπερτερίρν
1267 3290 1367 3357 ἐθνι-

242 3392 296 3460 κοὶ
319 3388 463 3457 lantiunt
486 3389 763 3477 παρακόπτοντες
783 3395 941 3482 βερτίρητ
962 3395 1047 3481 φασὶ
1068 3390 1154 3459 κατὰ
1170 3400 1368 3477 παραφθο-

235 3490 306 3578 ’ροίν
331 3493 425 3559 Eust.
458 3490 556 3569 1550,
588 3491 640 3558 25.
672 3491 791 3577 quibus
820 3494 938 3558 similia
964 3505 1112 3559 recenset
1130 3495 1189 3559 Du
1211 3492 1366 3579 (langius

243 3592 386 3681 pinpro
417 3589 526 3680 ὑγεία,
556 3594 659 3680 στέρα
686 3615 748 3680 pro
779 3590 915 3681 ὑστέρα,
944 3594 1078 3663 tenear
1103 3618 1164 3681 pro
1193 3592 1368 3674 ὑλάσκεια,

242 3694 344 3779 idque
369 3694 501 3761 immite
529 3695 680 3781 congruit
708 3718 782 3762 cum
806 3697 938 3783 poetico
961 3695 1106 3775 λάσκειν,
1140 3697 1231 3782 quod
1261 3697 1369 3761 latius

241 3796 376 3882 quidem
403 3807 494 3883 patet
521 3798 579 3863 aed
603 3798 781 3884 praecipue
809 3798 928 3863 dicitur
952 3801 993 3865 de
1020 3799 1153 3863 latratu:
1178 3796 1369 3865 Λάσκουσι

243 3895 338 3977 κόνις
366 3894 544 3967 ὑλακτοῦσι
561 3899 707 3985 Hesych.
736 3895 860 3986 οκύλλη
885 3902 1044 3967 λελακυῖα
1065 3902 1164 3964 Hom.
1187 3897 1284 3975 κύνες
1309 3899 1371 3963 λε-

230 3995 383 4066 totamm
405 3999 449 4064 Η.
472 4000 518 4065 Η.
540 4002 575 4065 in
595 4002 699 4066 Mero.
725 3999 796 4065 145.
840 4001 984 4067 Petinde
1004 4002 1146 4067 lortuita
1166 4000 1297 4064 videtur
1318 4000 1370 4062 si-

113 4126 116 4132 ’
241 4100 391 4165 militudo
413 4102 581 4167 nominum
601 4100 721 4190 μήνιγξ
744 4112 779 4167 et
800 4097 896 4190 ὑμήν.
945 4100 1101 4191 Φηλητής
1121 4125 1161 4166 ex
1183 4097 1372 4189 ὕφειλέτης

231 4196 355 4270 'natum
384 4222 461 4269 esse
484 4202 725 4289 Moachcpulus
754 4204 908 4291 opinatur
935 4206 978 4269 ad
1007 4206 1089 4269 Hea.
1114 4203 1208 4290 Opp.
1228 4202 1307 4267 373.
1335 4212 1374 4267 et

244 4304 447 4371 conclamant
474 4305 529 4373 alii
558 4303 722 4373 Choerob.
755 4306 914 4395 Orthogr.
941 4307 1014 4385 271,
1042 4307 1095 4374 30.
1125 4328 1154 4371 v.
1182 4306 1296 4372 Vates.
1323 4304 1373 4369 ad
