<?xml version="1.0" encoding="UTF-8"?>
<!DOCTYPE html PUBLIC "-//W3C//DTD XHTML 1.0 Transitional//EN"
    "http://www.w3.org/TR/xhtml1/DTD/xhtml1-transitional.dtd">
<html xmlns="http://www.w3.org/1999/xhtml" xml:lang="en" lang="en">
 <head>
  <title>
</title>
<meta http-equiv="Content-Type" content="text/html;charset=utf-8" />
  <meta name='ocr-system' content='tesseract 3.04.00' />
  <meta name='ocr-capabilities' content='ocr_page ocr_carea ocr_par ocr_line ocrx_word'/>
</head>
<body>
  <div class='ocr_page' id='page_1' title='image "./pathologiaegrae01lobegoog/pathologiaegrae01lobegoog_0186.png"; bbox 0 0 2825 4809; ppageno 0'>
   <div class='ocr_carea' id='block_1_1' title="bbox 253 307 1000 388">
    <p class='ocr_par' dir='ltr' id='par_1_1' title="bbox 253 307 1000 388">
     <span class='ocr_line' id='line_1_1' title="bbox 253 307 1000 388; baseline -0.023 1"><span class='ocrx_word' id='word_1_1' title='bbox 253 313 328 388; x_wconf 86' lang='grc'><strong>176</strong></span> <span class='ocrx_word' id='word_1_2' title='bbox 615 307 936 378; x_wconf 82' lang='lat' dir='ltr'>DISSERTATIO</span> <span class='ocrx_word' id='word_1_3' title='bbox 970 307 1000 374; x_wconf 92' lang='lat'><strong>1.</strong></span> 
     </span>
    </p>
   </div>
   <div class='ocr_carea' id='block_1_2' title="bbox 203 488 1386 3910">
    <p class='ocr_par' dir='ltr' id='par_1_2' title="bbox 203 488 1386 3910">
     <span class='ocr_line' id='line_1_2' title="bbox 250 488 1335 582; baseline -0.001 -16"><span class='ocrx_word' id='word_1_4' title='bbox 250 497 359 566; x_wconf 87' lang='lat' dir='ltr'><strong>lenius</strong></span> <span class='ocrx_word' id='word_1_5' title='bbox 379 497 481 562; x_wconf 87' lang='lat' dir='ltr'><strong>Pron.</strong></span> <span class='ocrx_word' id='word_1_6' title='bbox 502 515 537 582; x_wconf 88' lang='lat' dir='ltr'><strong>p.</strong></span> <span class='ocrx_word' id='word_1_7' title='bbox 560 495 602 562; x_wconf 76' lang='lat'><strong>73</strong></span> <span class='ocrx_word' id='word_1_8' title='bbox 625 518 675 580; x_wconf 91' lang='lat' dir='ltr'><strong>sq.</strong></span> <span class='ocrx_word' id='word_1_9' title='bbox 697 493 801 560; x_wconf 81' lang='lat' dir='ltr'><strong>auctis</strong></span> <span class='ocrx_word' id='word_1_10' title='bbox 822 493 1031 558; x_wconf 72' lang='lat' dir='ltr'><strong>adnumerat:</strong></span> <span class='ocrx_word' id='word_1_11' title='bbox 1061 488 1096 559; x_wconf 79' lang='lat' dir='ltr'><strong>ol</strong></span> <span class='ocrx_word' id='word_1_12' title='bbox 1120 491 1273 561; x_wconf 86' lang='grc' dir='ltr'><strong><em>διάλεκτοι</em></strong></span> <span class='ocrx_word' id='word_1_13' title='bbox 1293 499 1335 566; x_wconf 83' lang='grc' dir='ltr'><strong><em>τοὶ</em></strong></span> 
     </span>
     <span class='ocr_line' id='line_1_3' title="bbox 251 590 1380 693; baseline -0.006 -23"><span class='ocrx_word' id='word_1_14' title='bbox 251 597 439 689; x_wconf 73' lang='grc' dir='ltr'><strong><em>ἀφαιροῦσι</em></strong></span> <span class='ocrx_word' id='word_1_15' title='bbox 459 596 518 664; x_wconf 84' lang='grc' dir='ltr'><strong>καὶ</strong></span> <span class='ocrx_word' id='word_1_16' title='bbox 539 596 789 679; x_wconf 62' lang='grc' dir='ltr'><strong><em>πλεονάζουσιν,</em></strong></span> <span class='ocrx_word' id='word_1_17' title='bbox 812 591 911 683; x_wconf 76' lang='grc' dir='ltr'><strong><em>ἑορτή</em></strong></span> <span class='ocrx_word' id='word_1_18' title='bbox 933 590 1030 682; x_wconf 80' lang='grc' dir='ltr'><strong><em>ὀρτή,</em></strong></span> <span class='ocrx_word' id='word_1_19' title='bbox 1052 593 1218 693; x_wconf 45' lang='grc' dir='ltr'><strong><em>λεδ-θέλω,</em></strong></span> <span class='ocrx_word' id='word_1_20' title='bbox 1237 593 1336 682; x_wconf 83' lang='grc' dir='ltr'><strong><em>τρόμος</em></strong></span> <span class='ocrx_word' id='word_1_21' title='bbox 1379 636 1380 691; x_wconf 64' lang='grc' dir='ltr'><strong><em>η</em></strong></span> 
     </span>
     <span class='ocr_line' id='line_1_4' title="bbox 250 687 1337 786; baseline -0.006 -18"><span class='ocrx_word' id='word_1_22' title='bbox 250 703 426 786; x_wconf 85' lang='grc' dir='ltr'><strong><em>τέτρομος,</em></strong></span> <span class='ocrx_word' id='word_1_23' title='bbox 447 699 490 764; x_wconf 91' lang='lat' dir='ltr'><strong>de</strong></span> <span class='ocrx_word' id='word_1_24' title='bbox 504 721 572 784; x_wconf 90' lang='lat' dir='ltr'><strong>quo</strong></span> <span class='ocrx_word' id='word_1_25' title='bbox 586 697 668 764; x_wconf 81' lang='grc' dir='ltr'><strong>ΕΜ.</strong></span> <span class='ocrx_word' id='word_1_26' title='bbox 678 693 753 773; x_wconf 82' lang='grc'><strong>560,</strong></span> <span class='ocrx_word' id='word_1_27' title='bbox 765 695 817 760; x_wconf 86' lang='grc'><strong>32.</strong></span> <span class='ocrx_word' id='word_1_28' title='bbox 836 687 1090 781; x_wconf 82' lang='grc' dir='ltr'><strong><em>προςέρχεταιῆ</em></strong></span> <span class='ocrx_word' id='word_1_29' title='bbox 1110 718 1146 761; x_wconf 84' lang='grc' dir='ltr'><strong>τε</strong></span> <span class='ocrx_word' id='word_1_30' title='bbox 1163 696 1294 782; x_wconf 74' lang='grc' dir='ltr'><strong><em>συλλαβὴ</em></strong></span> <span class='ocrx_word' id='word_1_31' title='bbox 1312 697 1337 765; x_wconf 77' lang='grc' dir='ltr'><strong>ἐν</strong></span> 
     </span>
     <span class='ocr_line' id='line_1_5' title="bbox 251 795 1339 888; baseline -0.002 -24"><span class='ocrx_word' id='word_1_32' title='bbox 251 804 300 888; x_wconf 77' lang='grc' dir='ltr'><strong><em>τῷ</em></strong></span> <span class='ocrx_word' id='word_1_33' title='bbox 317 798 554 887; x_wconf 59' lang='grc' dir='ltr'><strong><em>τέτρομος43).</em></strong></span> <span class='ocrx_word' id='word_1_34' title='bbox 588 795 819 863; x_wconf 83' lang='lat' dir='ltr'><strong>Trementibus</strong></span> <span class='ocrx_word' id='word_1_35' title='bbox 841 795 962 860; x_wconf 88' lang='lat' dir='ltr'><strong>similes</strong></span> <span class='ocrx_word' id='word_1_36' title='bbox 984 804 1062 860; x_wconf 85' lang='lat' dir='ltr'><strong>sunt</strong></span> <span class='ocrx_word' id='word_1_37' title='bbox 1079 815 1131 862; x_wconf 91' lang='lat' dir='ltr'><strong>res</strong></span> <span class='ocrx_word' id='word_1_38' title='bbox 1154 797 1298 882; x_wconf 73' lang='lat' dir='ltr'><strong>pendulae</strong></span> <span class='ocrx_word' id='word_1_39' title='bbox 1315 811 1339 864; x_wconf 88' lang='lat' dir='ltr'><strong>et</strong></span> 
     </span>
     <span class='ocr_line' id='line_1_6' title="bbox 251 893 1381 1012; baseline -0.004 -45"><span class='ocrx_word' id='word_1_40' title='bbox 251 911 404 967; x_wconf 87' lang='lat' dir='ltr'><strong>nutantes</strong></span> <span class='ocrx_word' id='word_1_41' title='bbox 417 912 455 966; x_wconf 90' lang='lat' dir='ltr'><strong>ut</strong></span> <span class='ocrx_word' id='word_1_42' title='bbox 468 902 579 966; x_wconf 81' lang='lat' dir='ltr'><strong>lancee</strong></span> <span class='ocrx_word' id='word_1_43' title='bbox 592 899 695 965; x_wconf 79' lang='lat' dir='ltr'><strong>librae</strong></span> <span class='ocrx_word' id='word_1_44' title='bbox 710 897 778 962; x_wconf 83' lang='lat' dir='ltr'><strong>sive</strong></span> <span class='ocrx_word' id='word_1_45' title='bbox 793 893 950 974; x_wconf 86' lang='grc' dir='ltr'><strong><em>τάλαντα,</em></strong></span> <span class='ocrx_word' id='word_1_46' title='bbox 964 895 1053 961; x_wconf 91' lang='lat' dir='ltr'><strong>unde</strong></span> <span class='ocrx_word' id='word_1_47' title='bbox 1068 894 1257 976; x_wconf 81' lang='grc' dir='ltr'><strong><em>ταλαντεάω,</em></strong></span> <span class='ocrx_word' id='word_1_48' title='bbox 1267 901 1338 983; x_wconf 84' lang='lat' dir='ltr'><strong>eujus</strong></span> <span class='ocrx_word' id='word_1_49' title='bbox 1380 928 1381 1012; x_wconf 64' lang='grc' dir='ltr'><strong><em>η</em></strong></span> 
     </span>
     <span class='ocr_line' id='line_1_7' title="bbox 253 995 1381 1088; baseline -0.004 -20"><span class='ocrx_word' id='word_1_50' title='bbox 253 1002 382 1088; x_wconf 75' lang='lat' dir='ltr'><strong>syllaba</strong></span> <span class='ocrx_word' id='word_1_51' title='bbox 412 1001 519 1088; x_wconf 87' lang='lat' dir='ltr'><strong>prima</strong></span> <span class='ocrx_word' id='word_1_52' title='bbox 551 1000 732 1067; x_wconf 88' lang='lat' dir='ltr'><strong>seeundum</strong></span> <span class='ocrx_word' id='word_1_53' title='bbox 764 1001 873 1066; x_wconf 88' lang='lat' dir='ltr'><strong>looum</strong></span> <span class='ocrx_word' id='word_1_54' title='bbox 910 999 1052 1066; x_wconf 84' lang='lat' dir='ltr'><strong>obtrmnt</strong></span> <span class='ocrx_word' id='word_1_55' title='bbox 1085 1020 1121 1061; x_wconf 88' lang='lat' dir='ltr'><strong>m</strong></span> <span class='ocrx_word' id='word_1_56' title='bbox 1153 995 1340 1081; x_wconf 82' lang='grc' dir='ltr'><strong><em>Εταντάλιζιν</em></strong></span> <span class='ocrx_word' id='word_1_57' title='bbox 1380 1017 1381 1020; x_wconf 73' lang='grc'>’</span> 
     </span>
     <span class='ocr_line' id='line_1_8' title="bbox 253 1098 1339 1189; baseline -0.006 -18"><span class='ocrx_word' id='word_1_58' title='bbox 253 1100 399 1187; x_wconf 71' lang='grc' dir='ltr'><strong><em>ἔτρεμεν,</em></strong></span> <span class='ocrx_word' id='word_1_59' title='bbox 419 1101 661 1189; x_wconf 82' lang='grc' dir='ltr'><strong><em>Ἔτανταλίσθη</em></strong></span> <span class='ocrx_word' id='word_1_60' title='bbox 683 1099 825 1187; x_wconf 77' lang='grc' dir='ltr'><strong><em>ἐσείσθη</em></strong></span> <span class='ocrx_word' id='word_1_61' title='bbox 847 1103 931 1168; x_wconf 87' lang='lat' dir='ltr'><strong>Hes.</strong></span> <span class='ocrx_word' id='word_1_62' title='bbox 953 1111 987 1168; x_wconf 91' lang='lat' dir='ltr'><strong>et</strong></span> <span class='ocrx_word' id='word_1_63' title='bbox 1008 1098 1102 1186; x_wconf 92' lang='lat' dir='ltr'><strong>quod</strong></span> <span class='ocrx_word' id='word_1_64' title='bbox 1121 1098 1220 1184; x_wconf 83' lang='lat' dir='ltr'><strong>magis</strong></span> <span class='ocrx_word' id='word_1_65' title='bbox 1238 1100 1339 1177; x_wconf 89' lang='lat' dir='ltr'><strong>mirum,</strong></span> 
     </span>
     <span class='ocr_line' id='line_1_9' title="bbox 253 1198 1382 1289; baseline -0.002 -21"><span class='ocrx_word' id='word_1_66' title='bbox 253 1224 400 1269; x_wconf 80' lang='lat' dir='ltr'><strong>consona</strong></span> <span class='ocrx_word' id='word_1_67' title='bbox 429 1225 562 1289; x_wconf 86' lang='lat' dir='ltr'><strong>quoque</strong></span> <span class='ocrx_word' id='word_1_68' title='bbox 588 1211 803 1269; x_wconf 82' lang='lat' dir='ltr'><strong>eommutatur</strong></span> <span class='ocrx_word' id='word_1_69' title='bbox 830 1203 865 1267; x_wconf 93' lang='lat' dir='ltr'><strong>in</strong></span> <span class='ocrx_word' id='word_1_70' title='bbox 886 1200 1091 1282; x_wconf 82' lang='grc' dir='ltr'><strong><em>τανθαλὺζει</em></strong></span> <span class='ocrx_word' id='word_1_71' title='bbox 1118 1209 1150 1266; x_wconf 89' lang='lat' dir='ltr'><strong>et</strong></span> <span class='ocrx_word' id='word_1_72' title='bbox 1169 1198 1341 1288; x_wconf 65' lang='lat' dir='ltr'><strong>sandapila</strong></span> <span class='ocrx_word' id='word_1_73' title='bbox 1381 1222 1382 1282; x_wconf 59' lang='grc' dir='ltr'><strong><em>η</em></strong></span> 
     </span>
     <span class='ocr_line' id='line_1_10' title="bbox 253 1297 1341 1387; baseline -0.003 -18"><span class='ocrx_word' id='word_1_74' title='bbox 253 1302 381 1370; x_wconf 81' lang='lat' dir='ltr'><strong>Teebn.</strong></span> <span class='ocrx_word' id='word_1_75' title='bbox 402 1304 476 1370; x_wconf 81' lang='grc'><strong>232.</strong></span> <span class='ocrx_word' id='word_1_76' title='bbox 522 1304 625 1387; x_wconf 82' lang='lat' dir='ltr'><strong>Quod</strong></span> <span class='ocrx_word' id='word_1_77' title='bbox 645 1326 723 1369; x_wconf 81' lang='lat' dir='ltr'><strong>vero</strong></span> <span class='ocrx_word' id='word_1_78' title='bbox 745 1306 911 1370; x_wconf 80' lang='lat' dir='ltr'><strong>Homerus</strong></span> <span class='ocrx_word' id='word_1_79' title='bbox 933 1303 1016 1369; x_wconf 86' lang='lat' dir='ltr'>dixit</span> <span class='ocrx_word' id='word_1_80' title='bbox 1035 1300 1122 1380; x_wconf 78' lang='grc' dir='ltr'><strong><em>Ζεὺς</em></strong></span> <span class='ocrx_word' id='word_1_81' title='bbox 1150 1297 1281 1368; x_wconf 75' lang='grc' dir='ltr'><strong><em>ἐτίταινε</em></strong></span> <span class='ocrx_word' id='word_1_82' title='bbox 1297 1299 1341 1366; x_wconf 85' lang='grc' dir='ltr'><strong><em>τά-</em></strong></span> 
     </span>
     <span class='ocr_line' id='line_1_11' title="bbox 252 1401 1340 1492; baseline -0.003 -23"><span class='ocrx_word' id='word_1_83' title='bbox 252 1406 357 1471; x_wconf 89' lang='grc' dir='ltr'><strong><em>λαντα</em></strong></span> <span class='ocrx_word' id='word_1_84' title='bbox 378 1426 447 1470; x_wconf 90' lang='lat' dir='ltr'><strong>non</strong></span> <span class='ocrx_word' id='word_1_85' title='bbox 469 1405 547 1470; x_wconf 87' lang='lat' dir='ltr'><strong>satis</strong></span> <span class='ocrx_word' id='word_1_86' title='bbox 568 1413 620 1470; x_wconf 90' lang='lat' dir='ltr'><strong>est</strong></span> <span class='ocrx_word' id='word_1_87' title='bbox 641 1405 686 1470; x_wconf 83' lang='lat' dir='ltr'><strong>ad</strong></span> <span class='ocrx_word' id='word_1_88' title='bbox 708 1405 913 1492; x_wconf 87' lang='lat' dir='ltr'><strong>probandam</strong></span> <span class='ocrx_word' id='word_1_89' title='bbox 929 1414 1074 1471; x_wconf 86' lang='lat' dir='ltr'><strong>veterum</strong></span> <span class='ocrx_word' id='word_1_90' title='bbox 1093 1401 1340 1489; x_wconf 83' lang='lat' dir='ltr'><strong>opinionemEM.</strong></span> 
     </span>
     <span class='ocr_line' id='line_1_12' title="bbox 255 1501 1383 1591; baseline -0.002 -24"><span class='ocrx_word' id='word_1_91' title='bbox 255 1503 329 1581; x_wconf 77' lang='lat'><strong>744,</strong></span> <span class='ocrx_word' id='word_1_92' title='bbox 348 1505 380 1569; x_wconf 91' lang='grc'><strong>4.</strong></span> <span class='ocrx_word' id='word_1_93' title='bbox 400 1503 565 1571; x_wconf 88' lang='grc' dir='ltr'><strong><em>τάλαντον</em></strong></span> <span class='ocrx_word' id='word_1_94' title='bbox 587 1526 648 1591; x_wconf 87' lang='lat' dir='ltr'><strong>per</strong></span> <span class='ocrx_word' id='word_1_95' title='bbox 667 1507 863 1572; x_wconf 75' lang='lat' dir='ltr'><strong>metathesin</strong></span> <span class='ocrx_word' id='word_1_96' title='bbox 885 1529 927 1572; x_wconf 86' lang='lat' dir='ltr'><strong>ex</strong></span> <span class='ocrx_word' id='word_1_97' title='bbox 947 1501 1109 1572; x_wconf 86' lang='grc' dir='ltr'><strong><em>τάνταλον</em></strong></span> <span class='ocrx_word' id='word_1_98' title='bbox 1132 1503 1276 1580; x_wconf 75' lang='lat' dir='ltr'><strong>extitisse,</strong></span> <span class='ocrx_word' id='word_1_99' title='bbox 1293 1503 1341 1566; x_wconf 89' lang='lat' dir='ltr'><strong>hoo</strong></span> <span class='ocrx_word' id='word_1_100' title='bbox 1382 1516 1383 1551; x_wconf 66' lang='lat' dir='ltr'><strong>l</strong></span> 
     </span>
     <span class='ocr_line' id='line_1_13' title="bbox 253 1603 1342 1695; baseline -0.002 -25"><span class='ocrx_word' id='word_1_101' title='bbox 253 1616 365 1672; x_wconf 83' lang='lat' dir='ltr'><strong>autem</strong></span> <span class='ocrx_word' id='word_1_102' title='bbox 386 1628 407 1669; x_wconf 88' lang='lat' dir='ltr'><strong>a</strong></span> <span class='ocrx_word' id='word_1_103' title='bbox 425 1606 529 1672; x_wconf 87' lang='grc' dir='ltr'><strong><em>ταίνω</em></strong></span> <span class='ocrx_word' id='word_1_104' title='bbox 546 1605 726 1672; x_wconf 85' lang='lat' dir='ltr'><strong>derivatum</strong></span> <span class='ocrx_word' id='word_1_105' title='bbox 742 1629 825 1687; x_wconf 87' lang='lat' dir='ltr'><strong>esse,</strong></span> <span class='ocrx_word' id='word_1_106' title='bbox 847 1629 908 1695; x_wconf 90' lang='lat' dir='ltr'><strong>pro</strong></span> <span class='ocrx_word' id='word_1_107' title='bbox 925 1629 991 1694; x_wconf 93' lang='lat' dir='ltr'><strong>quo</strong></span> <span class='ocrx_word' id='word_1_108' title='bbox 1007 1603 1143 1673; x_wconf 87' lang='grc' dir='ltr'><strong><em>τιταίνω</em></strong></span> <span class='ocrx_word' id='word_1_109' title='bbox 1161 1604 1231 1670; x_wconf 87' lang='lat' dir='ltr'><strong>diei.</strong></span> <span class='ocrx_word' id='word_1_110' title='bbox 1262 1605 1342 1668; x_wconf 83' lang='lat' dir='ltr'><strong>Nam-</strong></span> 
     </span>
     <span class='ocr_line' id='line_1_14' title="bbox 253 1703 1342 1796; baseline -0.002 -25"><span class='ocrx_word' id='word_1_111' title='bbox 253 1728 320 1792; x_wconf 89' lang='lat' dir='ltr'><strong>que</strong></span> <span class='ocrx_word' id='word_1_112' title='bbox 340 1727 461 1772; x_wconf 92' lang='lat' dir='ltr'><strong>nomen</strong></span> <span class='ocrx_word' id='word_1_113' title='bbox 483 1706 573 1772; x_wconf 75' lang='lat' dir='ltr'><strong>illud»</strong></span> <span class='ocrx_word' id='word_1_114' title='bbox 586 1707 685 1772; x_wconf 82' lang='lat' dir='ltr'><strong>affine</strong></span> <span class='ocrx_word' id='word_1_115' title='bbox 708 1718 759 1774; x_wconf 90' lang='lat' dir='ltr'><strong>est</strong></span> <span class='ocrx_word' id='word_1_116' title='bbox 779 1709 886 1774; x_wconf 88' lang='lat' dir='ltr'><strong>verbis</strong></span> <span class='ocrx_word' id='word_1_117' title='bbox 908 1711 1043 1796; x_wconf 75' lang='grc' dir='ltr'><strong><em>τλῆναι,</em></strong></span> <span class='ocrx_word' id='word_1_118' title='bbox 1064 1703 1225 1784; x_wconf 88' lang='grc' dir='ltr'><strong><em>ταλάσοι,</em></strong></span> <span class='ocrx_word' id='word_1_119' title='bbox 1244 1706 1342 1781; x_wconf 88' lang='lat' dir='ltr'><strong>tollere,</strong></span> 
     </span>
     <span class='ocr_line' id='line_1_15' title="bbox 253 1804 1384 1896; baseline -0.004 -22"><span class='ocrx_word' id='word_1_120' title='bbox 253 1808 475 1895; x_wconf 86' lang='lat' dir='ltr'><strong>suspendere,</strong></span> <span class='ocrx_word' id='word_1_121' title='bbox 504 1808 601 1873; x_wconf 85' lang='lat' dir='ltr'><strong>aliam</strong></span> <span class='ocrx_word' id='word_1_122' title='bbox 632 1831 710 1875; x_wconf 83' lang='lat' dir='ltr'><strong>vero</strong></span> <span class='ocrx_word' id='word_1_123' title='bbox 739 1809 874 1896; x_wconf 88' lang='lat' dir='ltr'><strong>stirpem</strong></span> <span class='ocrx_word' id='word_1_124' title='bbox 902 1808 1024 1875; x_wconf 83' lang='lat' dir='ltr'><strong>hebent</strong></span> <span class='ocrx_word' id='word_1_125' title='bbox 1044 1808 1159 1885; x_wconf 89' lang='grc' dir='ltr'><strong><em>τείνω,</em></strong></span> <span class='ocrx_word' id='word_1_126' title='bbox 1179 1804 1290 1884; x_wconf 85' lang='grc' dir='ltr'><strong><em>τανίω,</em></strong></span> <span class='ocrx_word' id='word_1_127' title='bbox 1307 1831 1343 1871; x_wconf 88' lang='grc' dir='ltr'><strong>ιι-</strong></span> <span class='ocrx_word' id='word_1_128' title='bbox 1383 1823 1384 1846; x_wconf 78' lang='lat'>³</span> 
     </span>
     <span class='ocr_line' id='line_1_16' title="bbox 252 1905 1342 1997; baseline -0.006 -21"><span class='ocrx_word' id='word_1_129' title='bbox 252 1907 357 1976; x_wconf 81' lang='grc' dir='ltr'><strong><em>τοίνυν</em></strong></span> <span class='ocrx_word' id='word_1_130' title='bbox 379 1919 412 1974; x_wconf 93' lang='lat' dir='ltr'><strong>et</strong></span> <span class='ocrx_word' id='word_1_131' title='bbox 433 1931 518 1994; x_wconf 88' lang='lat' dir='ltr'><strong>quae</strong></span> <span class='ocrx_word' id='word_1_132' title='bbox 538 1909 616 1975; x_wconf 86' lang='lat' dir='ltr'><strong>hine</strong></span> <span class='ocrx_word' id='word_1_133' title='bbox 636 1911 785 1997; x_wconf 88' lang='lat' dir='ltr'><strong>pendent</strong></span> <span class='ocrx_word' id='word_1_134' title='bbox 800 1913 936 1990; x_wconf 81' lang='grc' dir='ltr'><strong><em>τέτανος</em></strong></span> <span class='ocrx_word' id='word_1_135' title='bbox 952 1920 984 1976; x_wconf 88' lang='lat' dir='ltr'><strong>et</strong></span> <span class='ocrx_word' id='word_1_136' title='bbox 999 1905 1148 1984; x_wconf 86' lang='grc' dir='ltr'><strong><em>τετανός.</em></strong></span> <span class='ocrx_word' id='word_1_137' title='bbox 1174 1907 1207 1971; x_wconf 88' lang='grc' dir='ltr'><strong>Α</strong></span> <span class='ocrx_word' id='word_1_138' title='bbox 1220 1905 1342 1971; x_wconf 81' lang='lat' dir='ltr'><strong>librando</strong></span> 
     </span>
     <span class='ocr_line' id='line_1_17' title="bbox 253 2003 1345 2096; baseline -0.004 -22"><span class='ocrx_word' id='word_1_139' title='bbox 253 2008 345 2075; x_wconf 88' lang='lat' dir='ltr'><strong>baud</strong></span> <span class='ocrx_word' id='word_1_140' title='bbox 372 2010 473 2096; x_wconf 85' lang='lat' dir='ltr'><strong>longe</strong></span> <span class='ocrx_word' id='word_1_141' title='bbox 501 2009 595 2076; x_wconf 88' lang='lat' dir='ltr'><strong>abest</strong></span> <span class='ocrx_word' id='word_1_142' title='bbox 621 2009 748 2076; x_wconf 83' lang='lat' dir='ltr'><strong>vibrare</strong></span> <span class='ocrx_word' id='word_1_143' title='bbox 775 2009 917 2079; x_wconf 78' lang='grc' dir='ltr'><strong><em>πάλλειν</em></strong></span> <span class='ocrx_word' id='word_1_144' title='bbox 946 2021 979 2076; x_wconf 90' lang='lat' dir='ltr'><strong>et</strong></span> <span class='ocrx_word' id='word_1_145' title='bbox 1006 2003 1226 2086; x_wconf 88' lang='grc' dir='ltr'><strong><em>παιπάλλειν,</em></strong></span> <span class='ocrx_word' id='word_1_146' title='bbox 1250 2007 1345 2094; x_wconf 88' lang='lat' dir='ltr'><strong>quibus</strong></span> 
     </span>
     <span class='ocr_line' id='line_1_18' title="bbox 252 2101 1385 2198; baseline -0.003 -22"><span class='ocrx_word' id='word_1_147' title='bbox 252 2110 289 2176; x_wconf 91' lang='lat' dir='ltr'><strong>in</strong></span> <span class='ocrx_word' id='word_1_148' title='bbox 308 2111 391 2178; x_wconf 84' lang='lat' dir='ltr'><strong>EM.</strong></span> <span class='ocrx_word' id='word_1_149' title='bbox 413 2110 487 2188; x_wconf 83' lang='lat'><strong>650,</strong></span> <span class='ocrx_word' id='word_1_150' title='bbox 509 2113 541 2176; x_wconf 82' lang='lat'><strong>3.</strong></span> <span class='ocrx_word' id='word_1_151' title='bbox 564 2111 754 2198; x_wconf 81' lang='lat' dir='ltr'><strong>adjungitur·</strong></span> <span class='ocrx_word' id='word_1_152' title='bbox 776 2135 896 2178; x_wconf 92' lang='lat' dir='ltr'><strong>nomen</strong></span> <span class='ocrx_word' id='word_1_153' title='bbox 913 2110 1016 2195; x_wconf 91' lang='grc' dir='ltr'><strong><em>πάλη,</em></strong></span> <span class='ocrx_word' id='word_1_154' title='bbox 1040 2101 1082 2196; x_wconf 68' lang='grc' dir='ltr'><strong>ἢν</strong></span> <span class='ocrx_word' id='word_1_155' title='bbox 1102 2103 1136 2174; x_wconf 82' lang='lat' dir='ltr'><strong>oi</strong></span> <span class='ocrx_word' id='word_1_156' title='bbox 1160 2102 1278 2174; x_wconf 83' lang='grc' dir='ltr'><strong><em>άττικοὶ</em></strong></span> <span class='ocrx_word' id='word_1_157' title='bbox 1295 2133 1347 2174; x_wconf 85' lang='grc' dir='ltr'><strong>πα·</strong></span> <span class='ocrx_word' id='word_1_158' title='bbox 1384 2102 1385 2138; x_wconf 67' lang='lat'><em>³</em></span> 
     </span>
     <span class='ocr_line' id='line_1_19' title="bbox 252 2203 1347 2298; baseline -0.006 -18"><span class='ocrx_word' id='word_1_159' title='bbox 252 2210 386 2298; x_wconf 90' lang='grc' dir='ltr'><strong><em>σπάλην</em></strong></span> <span class='ocrx_word' id='word_1_160' title='bbox 406 2214 581 2279; x_wconf 82' lang='grc' dir='ltr'><strong><em>καλοῦσιν·</em></strong></span> <span class='ocrx_word' id='word_1_161' title='bbox 601 2211 674 2279; x_wconf 79' lang='grc' dir='ltr'><strong><em>ἔστι</em></strong></span> <span class='ocrx_word' id='word_1_162' title='bbox 695 2213 734 2280; x_wconf 77' lang='grc' dir='ltr'><strong>δὲ</strong></span> <span class='ocrx_word' id='word_1_163' title='bbox 757 2211 795 2280; x_wconf 90' lang='grc' dir='ltr'><strong><em>τδ</em></strong></span> <span class='ocrx_word' id='word_1_164' title='bbox 818 2212 1127 2298; x_wconf 81' lang='grc' dir='ltr'><strong><em>λεπτομερέστατον</em></strong></span> <span class='ocrx_word' id='word_1_165' title='bbox 1149 2211 1209 2277; x_wconf 81' lang='grc' dir='ltr'><strong><em>τοῦ</em></strong></span> <span class='ocrx_word' id='word_1_166' title='bbox 1231 2203 1347 2293; x_wconf 85' lang='grc' dir='ltr'><strong><em>άλείρου</em></strong></span> 
     </span>
     <span class='ocr_line' id='line_1_20' title="bbox 253 2306 1347 2397; baseline -0.005 -19"><span class='ocrx_word' id='word_1_167' title='bbox 253 2306 325 2378; x_wconf 84' lang='grc' dir='ltr'><strong>άπὸ</strong></span> <span class='ocrx_word' id='word_1_168' title='bbox 352 2315 413 2380; x_wconf 84' lang='grc' dir='ltr'><strong><em>τοῦ</em></strong></span> <span class='ocrx_word' id='word_1_169' title='bbox 440 2306 706 2379; x_wconf 78' lang='grc' dir='ltr'><strong><em>ἀποπάλλεσθαι</em></strong></span> <span class='ocrx_word' id='word_1_170' title='bbox 736 2313 773 2380; x_wconf 75' lang='grc' dir='ltr'><strong>ἐκ</strong></span> <span class='ocrx_word' id='word_1_171' title='bbox 799 2320 859 2380; x_wconf 88' lang='grc' dir='ltr'><strong><em>τοῦ</em></strong></span> <span class='ocrx_word' id='word_1_172' title='bbox 888 2309 1049 2397; x_wconf 77' lang='grc' dir='ltr'><strong><em>ἀλεύρου·</em></strong></span> <span class='ocrx_word' id='word_1_173' title='bbox 1080 2309 1141 2375; x_wconf 83' lang='lat' dir='ltr'><strong>sed</strong></span> <span class='ocrx_word' id='word_1_174' title='bbox 1170 2334 1204 2397; x_wconf 92' lang='lat' dir='ltr'><strong>p.</strong></span> <span class='ocrx_word' id='word_1_175' title='bbox 1224 2309 1287 2386; x_wconf 86' lang='grc'><strong>661,</strong></span> <span class='ocrx_word' id='word_1_176' title='bbox 1305 2308 1347 2373; x_wconf 84' lang='grc'><strong>10.</strong></span> 
     </span>
     <span class='ocr_line' id='line_1_21' title="bbox 251 2395 1386 2499; baseline 0.004 -23"><span class='ocrx_word' id='word_1_177' title='bbox 251 2411 296 2476; x_wconf 89' lang='lat' dir='ltr'><strong>ad</strong></span> <span class='ocrx_word' id='word_1_178' title='bbox 317 2409 441 2478; x_wconf 81' lang='grc' dir='ltr'><strong><em>πάσσον</em></strong></span> <span class='ocrx_word' id='word_1_179' title='bbox 461 2410 608 2477; x_wconf 79' lang='lat' dir='ltr'><strong>refertur.</strong></span> <span class='ocrx_word' id='word_1_180' title='bbox 653 2412 740 2479; x_wconf 87' lang='lat' dir='ltr'><strong>Cum</strong></span> <span class='ocrx_word' id='word_1_181' title='bbox 768 2412 972 2499; x_wconf 84' lang='grc' dir='ltr'><strong><em>τετρεμαίνω</em></strong></span> <span class='ocrx_word' id='word_1_182' title='bbox 992 2414 1212 2478; x_wconf 87' lang='lat' dir='ltr'><strong>Buttmannus</strong></span> <span class='ocrx_word' id='word_1_183' title='bbox 1238 2433 1347 2496; x_wconf 87' lang='lat' dir='ltr'><strong>compa-</strong></span> <span class='ocrx_word' id='word_1_184' title='bbox 1385 2395 1386 2480; x_wconf 73' lang='lat' dir='ltr'><strong>l</strong></span> 
     </span>
     <span class='ocr_line' id='line_1_22' title="bbox 251 2508 1349 2599; baseline -0.002 -23"><span class='ocrx_word' id='word_1_185' title='bbox 251 2521 303 2576; x_wconf 86' lang='lat' dir='ltr'><strong>tat</strong></span> <span class='ocrx_word' id='word_1_186' title='bbox 324 2508 502 2596; x_wconf 79' lang='grc' dir='ltr'><strong><em>βεβράθω,</em></strong></span> <span class='ocrx_word' id='word_1_187' title='bbox 524 2536 591 2599; x_wconf 91' lang='lat' dir='ltr'><strong>quo</strong></span> <span class='ocrx_word' id='word_1_188' title='bbox 610 2513 718 2580; x_wconf 89' lang='lat' dir='ltr'><strong>lentos</strong></span> <span class='ocrx_word' id='word_1_189' title='bbox 738 2538 866 2580; x_wconf 86' lang='lat' dir='ltr'><strong>morsus</strong></span> <span class='ocrx_word' id='word_1_190' title='bbox 880 2515 1108 2579; x_wconf 81' lang='lat' dir='ltr'><strong>manducantis</strong></span> <span class='ocrx_word' id='word_1_191' title='bbox 1122 2513 1259 2580; x_wconf 81' lang='lat' dir='ltr'><strong>indicari</strong></span> <span class='ocrx_word' id='word_1_192' title='bbox 1273 2521 1349 2599; x_wconf 84' lang='lat' dir='ltr'><strong>putat</strong></span> 
     </span>
     <span class='ocr_line' id='line_1_23' title="bbox 252 2613 1347 2703; baseline -0.003 -23"><span class='ocrx_word' id='word_1_193' title='bbox 252 2613 473 2698; x_wconf 79' lang='lat' dir='ltr'><strong>conjecturam</strong></span> <span class='ocrx_word' id='word_1_194' title='bbox 505 2624 665 2699; x_wconf 89' lang='lat' dir='ltr'><strong>sequutus</strong></span> <span class='ocrx_word' id='word_1_195' title='bbox 695 2627 748 2681; x_wconf 86' lang='lat' dir='ltr'><strong>sat</strong></span> <span class='ocrx_word' id='word_1_196' title='bbox 780 2615 999 2703; x_wconf 82' lang='lat' dir='ltr'><strong>probabilem3</strong></span> <span class='ocrx_word' id='word_1_197' title='bbox 1032 2637 1108 2681; x_wconf 84' lang='lat' dir='ltr'><strong>nem</strong></span> <span class='ocrx_word' id='word_1_198' title='bbox 1139 2639 1161 2680; x_wconf 87' lang='lat' dir='ltr'><strong>a</strong></span> <span class='ocrx_word' id='word_1_199' title='bbox 1191 2623 1347 2702; x_wconf 79' lang='lat' dir='ltr'><strong>synonymo</strong></span> 
     </span>
     <span class='ocr_line' id='line_1_24' title="bbox 203 2711 1349 2805; baseline -0.002 -24"><span class='ocrx_word' id='word_1_200' title='bbox 203 2787 209 2798; x_wconf 50' lang='grc'><strong>,</strong></span> <span class='ocrx_word' id='word_1_201' title='bbox 249 2712 376 2798; x_wconf 87' lang='grc' dir='ltr'><strong><em>γραίνω</em></strong></span> <span class='ocrx_word' id='word_1_202' title='bbox 389 2714 412 2778; x_wconf 88' lang='lat' dir='ltr'><strong>i.</strong></span> <span class='ocrx_word' id='word_1_203' title='bbox 425 2735 457 2799; x_wconf 92' lang='lat' dir='ltr'><strong>q.</strong></span> <span class='ocrx_word' id='word_1_204' title='bbox 472 2711 581 2782; x_wconf 76' lang='grc' dir='ltr'><strong><em>ἐσθίω</em></strong></span> <span class='ocrx_word' id='word_1_205' title='bbox 596 2715 730 2782; x_wconf 81' lang='lat' dir='ltr'><strong>ductum</strong></span> <span class='ocrx_word' id='word_1_206' title='bbox 745 2727 795 2782; x_wconf 86' lang='lat' dir='ltr'><strong>est</strong></span> <span class='ocrx_word' id='word_1_207' title='bbox 811 2739 931 2784; x_wconf 87' lang='lat' dir='ltr'><strong>nomen</strong></span> <span class='ocrx_word' id='word_1_208' title='bbox 943 2713 1125 2803; x_wconf 73' lang='grc' dir='ltr'><strong><em>γάγγραινα</em></strong></span> <span class='ocrx_word' id='word_1_209' title='bbox 1140 2715 1163 2780; x_wconf 92' lang='lat' dir='ltr'><strong>i.</strong></span> <span class='ocrx_word' id='word_1_210' title='bbox 1178 2739 1209 2801; x_wconf 93' lang='lat' dir='ltr'><strong>q.</strong></span> <span class='ocrx_word' id='word_1_211' title='bbox 1223 2712 1349 2805; x_wconf 81' lang='grc' dir='ltr'><strong><em>φάγαινα</em></strong></span> 
     </span>
     <span class='ocr_line' id='line_1_25' title="bbox 251 2813 1334 2906; baseline -0.003 -26"><span class='ocrx_word' id='word_1_212' title='bbox 251 2813 321 2880; x_wconf 86' lang='lat' dir='ltr'><strong>sive</strong></span> <span class='ocrx_word' id='word_1_213' title='bbox 336 2814 524 2900; x_wconf 80' lang='grc' dir='ltr'><strong><em>φαγέδαινα</em></strong></span> <span class='ocrx_word' id='word_1_214' title='bbox 546 2816 732 2883; x_wconf 84' lang='lat' dir='ltr'><strong>oaroinoma</strong></span> <span class='ocrx_word' id='word_1_215' title='bbox 753 2841 900 2906; x_wconf 86' lang='lat' dir='ltr'><strong>serpens,</strong></span> <span class='ocrx_word' id='word_1_216' title='bbox 922 2828 955 2884; x_wconf 90' lang='lat' dir='ltr'><strong>et</strong></span> <span class='ocrx_word' id='word_1_217' title='bbox 976 2839 996 2881; x_wconf 87' lang='lat' dir='ltr'><strong>a</strong></span> <span class='ocrx_word' id='word_1_218' title='bbox 1015 2813 1133 2884; x_wconf 80' lang='grc' dir='ltr'><strong><em>δάπτω</em></strong></span> <span class='ocrx_word' id='word_1_219' title='bbox 1158 2813 1334 2899; x_wconf 78' lang='grc' dir='ltr'><strong><em>δαρδάπτει.</em></strong></span> 
     </span>
     <span class='ocr_line' id='line_1_26' title="bbox 336 2913 1350 3007; baseline -0.002 -28"><span class='ocrx_word' id='word_1_220' title='bbox 336 2917 363 3000; x_wconf 65' lang='lat' dir='ltr'><strong>q.</strong></span> <span class='ocrx_word' id='word_1_221' title='bbox 385 2915 416 2981; x_wconf 85' lang='lat'><strong>9.</strong></span> <span class='ocrx_word' id='word_1_222' title='bbox 464 2917 560 2982; x_wconf 86' lang='lat' dir='ltr'><strong>Haeo</strong></span> <span class='ocrx_word' id='word_1_223' title='bbox 593 2927 702 2984; x_wconf 84' lang='lat' dir='ltr'><strong>antem</strong></span> <span class='ocrx_word' id='word_1_224' title='bbox 732 2919 782 2984; x_wconf 89' lang='lat' dir='ltr'><strong>vis</strong></span> <span class='ocrx_word' id='word_1_225' title='bbox 814 2919 1018 3007; x_wconf 89' lang='lat' dir='ltr'><strong>repetitionis</strong></span> <span class='ocrx_word' id='word_1_226' title='bbox 1051 2916 1285 3004; x_wconf 80' lang='lat' dir='ltr'><strong>frequentativo</strong></span> <span class='ocrx_word' id='word_1_227' title='bbox 1312 2913 1350 2979; x_wconf 82' lang='lat' dir='ltr'><strong>vel</strong></span> 
     </span>
     <span class='ocr_line' id='line_1_27' title="bbox 251 3016 1350 3106; baseline -0.005 -24"><span class='ocrx_word' id='word_1_228' title='bbox 251 3038 451 3102; x_wconf 86' lang='lat' dir='ltr'><strong>quoeunque</strong></span> <span class='ocrx_word' id='word_1_229' title='bbox 476 3016 608 3083; x_wconf 88' lang='lat' dir='ltr'><strong>nomine</strong></span> <span class='ocrx_word' id='word_1_230' title='bbox 638 3019 839 3106; x_wconf 82' lang='lat' dir='ltr'><strong>appellanda</strong></span> <span class='ocrx_word' id='word_1_231' title='bbox 864 3029 991 3086; x_wconf 88' lang='lat' dir='ltr'><strong>veteres</strong></span> <span class='ocrx_word' id='word_1_232' title='bbox 1020 3017 1098 3082; x_wconf 83' lang='lat' dir='ltr'><strong>artis</strong></span> <span class='ocrx_word' id='word_1_233' title='bbox 1125 3029 1274 3084; x_wconf 88' lang='lat' dir='ltr'><strong>auetores</strong></span> <span class='ocrx_word' id='word_1_234' title='bbox 1298 3037 1350 3079; x_wconf 89' lang='lat' dir='ltr'><strong>non</strong></span> 
     </span>
     <span class='ocr_line' id='line_1_28' title="bbox 250 3117 1352 3207; baseline -0.003 -25"><span class='ocrx_word' id='word_1_235' title='bbox 250 3117 429 3203; x_wconf 88' lang='lat' dir='ltr'><strong>praeteriit.</strong></span> <span class='ocrx_word' id='word_1_236' title='bbox 477 3117 535 3185; x_wconf 77' lang='lat' dir='ltr'><strong>sic</strong></span> <span class='ocrx_word' id='word_1_237' title='bbox 567 3118 654 3184; x_wconf 91' lang='lat' dir='ltr'><strong>euim</strong></span> <span class='ocrx_word' id='word_1_238' title='bbox 683 3119 754 3198; x_wconf 90' lang='lat' dir='ltr'><strong>ille,</strong></span> <span class='ocrx_word' id='word_1_239' title='bbox 789 3142 888 3206; x_wconf 91' lang='lat' dir='ltr'><strong>quem</strong></span> <span class='ocrx_word' id='word_1_240' title='bbox 920 3120 956 3186; x_wconf 88' lang='lat' dir='ltr'><strong>in</strong></span> <span class='ocrx_word' id='word_1_241' title='bbox 987 3121 1061 3207; x_wconf 91' lang='lat' dir='ltr'><strong>ipso</strong></span> <span class='ocrx_word' id='word_1_242' title='bbox 1091 3119 1191 3204; x_wconf 85' lang='lat' dir='ltr'><strong>hujus</strong></span> <span class='ocrx_word' id='word_1_243' title='bbox 1218 3125 1352 3184; x_wconf 77' lang='lat' dir='ltr'><strong>tractatus</strong></span> 
     </span>
     <span class='ocr_line' id='line_1_29' title="bbox 249 3218 1352 3309; baseline 0 -27"><span class='ocrx_word' id='word_1_244' title='bbox 249 3218 412 3283; x_wconf 84' lang='lat' dir='ltr'><strong>vestibulo</strong></span> <span class='ocrx_word' id='word_1_245' title='bbox 437 3219 617 3298; x_wconf 84' lang='lat' dir='ltr'><strong>nominavi,</strong></span> <span class='ocrx_word' id='word_1_246' title='bbox 645 3220 750 3287; x_wconf 88' lang='lat' dir='ltr'><strong>allatis</strong></span> <span class='ocrx_word' id='word_1_247' title='bbox 778 3221 979 3309; x_wconf 80' lang='lat' dir='ltr'><strong>anadiplosis</strong></span> <span class='ocrx_word' id='word_1_248' title='bbox 1006 3221 1171 3308; x_wconf 81' lang='lat' dir='ltr'><strong>poeticae,</strong></span> <span class='ocrx_word' id='word_1_249' title='bbox 1202 3231 1239 3286; x_wconf 90' lang='lat' dir='ltr'><strong>ut</strong></span> <span class='ocrx_word' id='word_1_250' title='bbox 1264 3227 1352 3292; x_wconf 80' lang='lat' dir='ltr'><strong>vocat,</strong></span> 
     </span>
     <span class='ocr_line' id='line_1_30' title="bbox 250 3313 1353 3409; baseline -0.003 -25"><span class='ocrx_word' id='word_1_251' title='bbox 250 3319 410 3404; x_wconf 85' lang='lat' dir='ltr'><strong>exemplis</strong></span> <span class='ocrx_word' id='word_1_252' title='bbox 428 3319 584 3384; x_wconf 80' lang='lat' dir='ltr'><strong>continuo</strong></span> <span class='ocrx_word' id='word_1_253' title='bbox 607 3321 733 3399; x_wconf 83' lang='lat' dir='ltr'><strong>subdit3</strong></span> <span class='ocrx_word' id='word_1_254' title='bbox 760 3320 938 3409; x_wconf 80' lang='grc' dir='ltr'><strong><em>μιμητικοὶ</em></strong></span> <span class='ocrx_word' id='word_1_255' title='bbox 965 3321 1030 3408; x_wconf 89' lang='grc' dir='ltr'><strong>γὰρ</strong></span> <span class='ocrx_word' id='word_1_256' title='bbox 1057 3313 1150 3400; x_wconf 70' lang='grc' dir='ltr'><strong><em>ὄντες</em></strong></span> <span class='ocrx_word' id='word_1_257' title='bbox 1176 3318 1211 3388; x_wconf 80' lang='grc' dir='ltr'><strong>οἱ</strong></span> <span class='ocrx_word' id='word_1_258' title='bbox 1232 3315 1353 3406; x_wconf 82' lang='grc' dir='ltr'><strong><em>ποιηταὶ</em></strong></span> 
     </span>
     <span class='ocr_line' id='line_1_31' title="bbox 247 3417 1353 3508; baseline -0.004 -23"><span class='ocrx_word' id='word_1_259' title='bbox 247 3418 292 3485; x_wconf 81' lang='grc' dir='ltr'><strong><em>τὰ</em></strong></span> <span class='ocrx_word' id='word_1_260' title='bbox 320 3423 463 3486; x_wconf 79' lang='grc' dir='ltr'><strong><em>τοιαῦτα</em></strong></span> <span class='ocrx_word' id='word_1_261' title='bbox 490 3417 747 3505; x_wconf 78' lang='grc' dir='ltr'><strong><em>ἐπιτηδεύουσιν</em></strong></span> <span class='ocrx_word' id='word_1_262' title='bbox 771 3421 826 3489; x_wconf 85' lang='grc' dir='ltr'><strong><em>λ’να</em></strong></span> <span class='ocrx_word' id='word_1_263' title='bbox 851 3422 893 3489; x_wconf 86' lang='grc' dir='ltr'><strong><em>τὰ</em></strong></span> <span class='ocrx_word' id='word_1_264' title='bbox 923 3420 1108 3508; x_wconf 87' lang='grc' dir='ltr'><strong><em>πράγματα</em></strong></span> <span class='ocrx_word' id='word_1_265' title='bbox 1144 3418 1353 3488; x_wconf 86' lang='grc' dir='ltr'><strong><em>είκονίσωσιν·</em></strong></span> 
     </span>
     <span class='ocr_line' id='line_1_32' title="bbox 249 3512 1355 3605; baseline -0.002 -19"><span class='ocrx_word' id='word_1_266' title='bbox 249 3512 290 3586; x_wconf 79' lang='grc' dir='ltr'><strong>οὐ</strong></span> <span class='ocrx_word' id='word_1_267' title='bbox 316 3518 379 3605; x_wconf 81' lang='grc' dir='ltr'><strong>γὰρ</strong></span> <span class='ocrx_word' id='word_1_268' title='bbox 408 3513 525 3596; x_wconf 82' lang='grc' dir='ltr'><strong><em>ἁπλῶς</em></strong></span> <span class='ocrx_word' id='word_1_269' title='bbox 552 3519 687 3604; x_wconf 86' lang='grc' dir='ltr'><strong><em>λέγουσι</em></strong></span> <span class='ocrx_word' id='word_1_270' title='bbox 715 3521 753 3589; x_wconf 89' lang='grc' dir='ltr'><strong><em>τδ</em></strong></span> <span class='ocrx_word' id='word_1_271' title='bbox 787 3521 930 3604; x_wconf 74' lang='grc' dir='ltr'><strong><em>ἐλέλιξεν</em></strong></span> <span class='ocrx_word' id='word_1_272' title='bbox 965 3517 1041 3590; x_wconf 80' lang='grc' dir='ltr'><strong><em>ἀλλ’</em></strong></span> <span class='ocrx_word' id='word_1_273' title='bbox 1076 3521 1159 3589; x_wconf 80' lang='grc' dir='ltr'><strong><em>ὅταν</em></strong></span> <span class='ocrx_word' id='word_1_274' title='bbox 1189 3516 1355 3605; x_wconf 83' lang='grc' dir='ltr'><strong><em>ταχυτάτην</em></strong></span> 
     </span>
     <span class='ocr_line' id='line_1_33' title="bbox 247 3616 1355 3710; baseline 0 -27"><span class='ocrx_word' id='word_1_275' title='bbox 247 3617 380 3684; x_wconf 77' lang='grc' dir='ltr'><strong><em>θέλωσι</em></strong></span> <span class='ocrx_word' id='word_1_276' title='bbox 412 3618 534 3702; x_wconf 76' lang='grc' dir='ltr'><strong><em>δηλοῦν</em></strong></span> <span class='ocrx_word' id='word_1_277' title='bbox 567 3616 625 3707; x_wconf 70' lang='grc' dir='ltr'><strong><em>τὴν</em></strong></span> <span class='ocrx_word' id='word_1_278' title='bbox 657 3621 801 3710; x_wconf 85' lang='grc' dir='ltr'><strong><em>κίνησιν,</em></strong></span> <span class='ocrx_word' id='word_1_279' title='bbox 832 3621 890 3689; x_wconf 84' lang='grc' dir='ltr'><strong>καί</strong></span> <span class='ocrx_word' id='word_1_280' title='bbox 922 3620 962 3689; x_wconf 81' lang='grc' dir='ltr'><strong><em>τὸ</em></strong></span> <span class='ocrx_word' id='word_1_281' title='bbox 995 3618 1355 3709; x_wconf 82' lang='grc' dir='ltr'><strong><em>προπροκυλινδόμενος</em></strong></span> 
     </span>
     <span class='ocr_line' id='line_1_34' title="bbox 246 3718 1354 3810; baseline 0.001 -30"><span class='ocrx_word' id='word_1_282' title='bbox 246 3719 585 3805; x_wconf 85' lang='grc' dir='ltr'><strong><em>κατεσπουδασμένην</em></strong></span> <span class='ocrx_word' id='word_1_283' title='bbox 613 3721 727 3808; x_wconf 86' lang='grc' dir='ltr'><strong><em>δέησιν</em></strong></span> <span class='ocrx_word' id='word_1_284' title='bbox 755 3721 813 3788; x_wconf 78' lang='grc' dir='ltr'><strong>καί</strong></span> <span class='ocrx_word' id='word_1_285' title='bbox 840 3718 985 3810; x_wconf 82' lang='grc' dir='ltr'><strong><em>πολλήν,</em></strong></span> <span class='ocrx_word' id='word_1_286' title='bbox 1018 3722 1110 3806; x_wconf 90' lang='lat' dir='ltr'><strong>quod</strong></span> <span class='ocrx_word' id='word_1_287' title='bbox 1131 3733 1164 3788; x_wconf 91' lang='lat' dir='ltr'><strong>et</strong></span> <span class='ocrx_word' id='word_1_288' title='bbox 1183 3719 1354 3806; x_wconf 81' lang='lat' dir='ltr'><strong>Dionysius</strong></span> 
     </span>
     <span class='ocr_line' id='line_1_35' title="bbox 247 3815 1354 3910; baseline -0.001 -28"><span class='ocrx_word' id='word_1_289' title='bbox 247 3815 388 3882; x_wconf 79' lang='lat' dir='ltr'><strong>affirmat</strong></span> <span class='ocrx_word' id='word_1_290' title='bbox 412 3817 454 3883; x_wconf 92' lang='lat' dir='ltr'><strong>de</strong></span> <span class='ocrx_word' id='word_1_291' title='bbox 478 3817 596 3907; x_wconf 89' lang='lat' dir='ltr'><strong>Comp.</strong></span> <span class='ocrx_word' id='word_1_292' title='bbox 618 3821 698 3889; x_wconf 89' lang='lat' dir='ltr'><strong>XV.</strong></span> <span class='ocrx_word' id='word_1_293' title='bbox 724 3822 795 3886; x_wconf 91' lang='lat'><strong>110.</strong></span> <span class='ocrx_word' id='word_1_294' title='bbox 820 3821 903 3907; x_wconf 87' lang='lat'><strong>(91.)</strong></span> <span class='ocrx_word' id='word_1_295' title='bbox 931 3843 992 3888; x_wconf 87' lang='lat' dir='ltr'><strong>nee</strong></span> <span class='ocrx_word' id='word_1_296' title='bbox 1019 3824 1185 3910; x_wconf 81' lang='lat' dir='ltr'><strong>discrepat</strong></span> <span class='ocrx_word' id='word_1_297' title='bbox 1205 3824 1354 3906; x_wconf 89' lang='lat' dir='ltr'><strong>interpres</strong></span> 
     </span>
    </p>
   </div>
   <div class='ocr_carea' id='block_1_3' title="bbox 244 3983 1356 4313">
    <p class='ocr_par' dir='ltr' id='par_1_3' title="bbox 244 3983 1356 4313">
     <span class='ocr_line' id='line_1_36' title="bbox 259 3983 1355 4063; baseline -0.003 -23"><span class='ocrx_word' id='word_1_298' title='bbox 259 4019 267 4026; x_wconf 90' lang='lat'><strong>·</strong></span> <span class='ocrx_word' id='word_1_299' title='bbox 314 3985 364 4055; x_wconf 79' lang='grc' dir='ltr'><strong>λθ)</strong></span> <span class='ocrx_word' id='word_1_300' title='bbox 376 3985 447 4040; x_wconf 77' lang='lat' dir='ltr'><strong>(lum</strong></span> <span class='ocrx_word' id='word_1_301' title='bbox 458 3988 513 4041; x_wconf 86' lang='lat' dir='ltr'><strong>boo</strong></span> <span class='ocrx_word' id='word_1_302' title='bbox 525 3987 602 4042; x_wconf 87' lang='lat' dir='ltr'><strong>Gud.</strong></span> <span class='ocrx_word' id='word_1_303' title='bbox 614 3989 671 4053; x_wconf 82' lang='lat'><strong>¹7⁰,</strong></span> <span class='ocrx_word' id='word_1_304' title='bbox 683 3990 725 4042; x_wconf 83' lang='lat'><strong>1⁰·</strong></span> <span class='ocrx_word' id='word_1_305' title='bbox 738 3989 850 4044; x_wconf 79' lang='lat' dir='ltr'><strong>confert</strong></span> <span class='ocrx_word' id='word_1_306' title='bbox 861 3987 1033 4044; x_wconf 82' lang='lat' dir='ltr'><strong>homericum</strong></span> <span class='ocrx_word' id='word_1_307' title='bbox 1044 3994 1155 4063; x_wconf 63' lang='lat' dir='ltr'><strong>ripsque</strong></span> <span class='ocrx_word' id='word_1_308' title='bbox 1169 3986 1245 4059; x_wconf 75' lang='grc' dir='ltr'><strong><em>παρὰ</em></strong></span> <span class='ocrx_word' id='word_1_309' title='bbox 1258 3983 1355 4062; x_wconf 64' lang='grc' dir='ltr'><strong><em>τδσϊρω</em></strong></span> 
     </span>
     <span class='ocr_line' id='line_1_37' title="bbox 246 4067 1353 4156; baseline -0.004 -31"><span class='ocrx_word' id='word_1_310' title='bbox 246 4067 276 4125; x_wconf 83' lang='grc' dir='ltr'><strong><em>τὸ</em></strong></span> <span class='ocrx_word' id='word_1_311' title='bbox 293 4074 366 4142; x_wconf 68' lang='grc' dir='ltr'><strong><em>λέγω</em></strong></span> <span class='ocrx_word' id='word_1_312' title='bbox 382 4068 444 4125; x_wconf 79' lang='lat' dir='ltr'><strong>m&#39;</strong></span> <span class='ocrx_word' id='word_1_313' title='bbox 466 4069 730 4146; x_wconf 75' lang='grc' dir='ltr'><strong><em>άναδιπλοσιασμόν</em></strong></span> <span class='ocrx_word' id='word_1_314' title='bbox 742 4077 798 4128; x_wconf 68' lang='grc' dir='ltr'><strong>Δπαλ</strong></span> <span class='ocrx_word' id='word_1_315' title='bbox 821 4069 999 4145; x_wconf 57' lang='lat' dir='ltr'><strong>&amp;neppam</strong></span> <span class='ocrx_word' id='word_1_316' title='bbox 1030 4067 1120 4130; x_wconf 77' lang='lat' dir='ltr'><strong>Paulo</strong></span> <span class='ocrx_word' id='word_1_317' title='bbox 1130 4071 1312 4156; x_wconf 75' lang='lat' dir='ltr'><strong>probabilius</strong></span> <span class='ocrx_word' id='word_1_318' title='bbox 1326 4068 1353 4122; x_wconf 75' lang='lat' dir='ltr'><strong>J.</strong></span> 
     </span>
     <span class='ocr_line' id='line_1_38' title="bbox 244 4155 1356 4313; baseline -0.004 -100"><span class='ocrx_word' id='word_1_319' title='bbox 244 4155 448 4313; x_wconf 45' lang='grc' dir='ltr'><strong>1θόειεδλξιγιτῃλγοιί</strong></span> <span class='ocrx_word' id='word_1_320' title='bbox 463 4165 496 4213; x_wconf 85' lang='lat' dir='ltr'><strong>et</strong></span> <span class='ocrx_word' id='word_1_321' title='bbox 516 4158 633 4270; x_wconf 72' lang='lat' dir='ltr'><strong>latinum</strong></span> <span class='ocrx_word' id='word_1_322' title='bbox 654 4159 896 4270; x_wconf 70' lang='grc' dir='ltr'><strong><em>οτλλιτδοειετιιοι</em></strong></span> <span class='ocrx_word' id='word_1_323' title='bbox 911 4158 1123 4284; x_wconf 71' lang='lat' dir='ltr'><strong>iuterpretatqr</strong></span> <span class='ocrx_word' id='word_1_324' title='bbox 1136 4157 1211 4270; x_wconf 75' lang='grc' dir='ltr'><strong><em>παρά</em></strong></span> <span class='ocrx_word' id='word_1_325' title='bbox 1226 4155 1356 4279; x_wconf 43' lang='lat' dir='ltr'><strong>illle&amp;</strong></span> 
     </span>
    </p>
   </div>
   <div class='ocr_carea' id='block_1_4' title="bbox 0 0 1418 4809">
    <p class='ocr_par' dir='ltr' id='par_1_4' title="bbox 0 0 1418 4809">
     <span class='ocr_line' id='line_1_39' title="bbox 0 0 1418 4809; baseline 0 0"><span class='ocrx_word' id='word_1_326' title='bbox 0 0 1418 4809; x_wconf 95' lang='lat' dir='ltr'><strong> </strong></span> 
     </span>
    </p>
   </div>
  </div>
 </body>
</html>
