2825 4809
118 403 120 411 ν
198 402 240 451 v,
311 341 312 351 '
613 370 894 440 rasurumo.

198 560 240 625 de
264 516 461 624 dictionibus
492 556 711 643 singularibus
737 556 866 645 libellus
894 556 996 620 multa
1021 577 1062 620 ex
1085 554 1147 619 hac
1171 555 1321 619 doctrina

198 684 341 750 delibata
362 682 477 748 'habet
531 682 621 747 Huic
644 674 686 747 'se
719 691 901 766 aggregant
929 679 1060 754 scholae
1089 680 1321 745 oecumenicae

167 784 170 789 Δ
198 809 350 875 ductores
372 808 492 895 partim
502 806 804 873 Alexandrinorum
821 803 924 890 dapes
942 805 1070 890 regales
1089 805 1219 892 depasti
1240 829 1319 893 par-

197 935 255 999 tim
275 934 342 999 suis
362 933 485 999 viribus
507 932 664 1009 nitentes,
688 953 801 997 omnes
824 939 933 995 autem
955 929 1019 995 hoc
1041 931 1150 996 studio
1173 931 1262 995 ducti
1283 941 1322 995 ut

196 1058 357 1124 vocabula
384 1080 404 1123 a
429 1067 518 1123 recta
544 1068 577 1123 et
604 1056 743 1142 simplici
770 1052 911 1121 ratione'
925 1055 1108 1121 abalienata
1137 1055 1321 1121 affectionis

198 1183 435 1269 qualiscunque
457 1181 716 1268 praescriptione
739 1191 940 1246 excusarent.
983 1181 1096 1246 Prima
1119 1180 1220 1265 igitur
1240 1164 1322 1245 milri

197 1320 230 1375 et
258 1308 483 1393 antiquissima
511 1329 589 1372 cura
616 1305 678 1371 luit
705 1316 743 1369 ut
768 1306 895 1382 omnia,
927 1304 1048 1391 quibus
1072 1305 1257 1369 Herodiani
1286 1315 1321 1369 et

196 1435 420 1523 proximorum
440 1426 579 1518 vestigia
599 1432 760 1518 impressa
782 1441 901 1507 essent,
924 1431 1071 1495 studiose
1093 1430 1321 1514 conquirerem

168 1554 170 1563 ⁴
196 1560 315 1646 partim
350 1530 551 1643 antiquitatis
572 1555 770 1623 ,reverentia
798 1556 915 1620 ductus
948 1555 1067 1642 partim
1097 1554 1133 1618 id
1166 1554 1209 1619 ad
1239 1554 1319 1618 artis

130 1715 140 1725 2
194 1684 328 1750 literalis
360 1684 621 1770 archaeologiam
650 1682 812 1770 pertinere
839 1693 929 1746 ratus
958 1693 995 1746 ut
1021 1703 1090 1745 non
1121 1702 1160 1744 ea
1188 1679 1319 1743 demum

196 1832 281 1895 quae
306 1809 438 1907 scholae
463 1809 629 1895 principes
658 1808 871 1895 protulissent
893 1806 1072 1871 sedetiam
1094 1825 1318 1870 successorum

196 1945 229 2001 et
250 1934 505 2021 pedisequorum
530 1934 675 2019 pericula
703 1945 736 2000 et
763 1933 858 2019 quasi
878 1930 1060 2018 crepundia
1081 1928 1159 1994 artis
1180 1928 1216 1993 in
1237 1949 1316 2003 con-

161 2144 163 2149 .
195 2070 312 2146 spectu
335 2080 498 2145 ponerem
526 2058 659 2143 abjectis
686 2070 793 2124 tamen
813 2079 898 2142 quae
921 2056 1017 2119 nimis
1035 2040 1321 2141 perversehullu-

195 2183 294 2254 cinati
327 2191 454 2258 esseut3
487 2183 672 2265 cujusmodi
704 2183 796 2249 haud
828 2204 935 2269 pauca
965 2199 1033 2247 non
1066 2180 1171 2245 solum
1202 2178 1320 2245 novitii

131 2346 136 2356 .
195 2306 556 2392 Grammatosophistae
585 2308 776 2374 effuderunt.
799 2308 859 2373 sed
881 2306 978 2372 etiam
1000 2306 1126 2389 antiqui
1147 2326 1254 2390 usque
1275 2303 1318 2369 ab

130 2442 136 2445 “
190 2430 370 2497 Heraclito.
402 2433 593 2518 etymologi
619 2433 764 2499 omnium
794 2423 1028 2497 vocabulorum
1061 2436 1176 2495 causas
1207 2429 1321 2495 dicere

193 2554 303 2653 conati
309 2578 318 2631 3
346 2554 381 2619 in
401 2578 485 2641 quos
512 2556 664 2621 convenit
685 2556 767 2623 illud
788 2557 880 2642 quod
897 2558 1085 2621 Hecataeus
1107 2555 1149 2619 de
1169 2554 1322 2620 universa

193 2689 294 2765 gente
318 2679 547 2766 pronunciavit
569 2678 602 2747 oi
618 2675 778 2768 Ἑλλήνων
799 2678 892 2765 λόγοι
917 2675 1042 2747 πολλοί
1062 2704 1098 2745 re
1115 2678 1174 2748 καὶ
1193 2677 1324 2763 γελοῖοί

126 2828 129 2835 “
195 2800 290 2871 sicta.
342 2803 407 2871 His
440 2804 584 2870 omnium
613 2794 796 2869 seculorum
823 2803 978 2870 ramentis
1005 2803 1189 2890 interposui
1214 2802 1330 2897 varias

193 2926 235 2991 de
264 2926 433 2993 vocabulis
462 2915 688 2995 controversis
709 2931 931 3014 conjecturas,
965 2930 1005 3001 de
1032 2928 1151 3014 quibus
1180 2928 1319 2996 dubium

192 3061 243 3119 est
269 3072 349 3117 num
375 3051 433 3115 uni
454 3050 579 3117 illarum
603 3054 866 3141 corruptionum,
893 3079 976 3140 quas
1000 3054 1161 3121 Teohnici
1184 3076 1319 3119 enume-

191 3186 280 3255 rant,
304 3176 421 3261 subjici
450 3176 590 3242 debeant
619 3202 660 3245 an
691 3181 789 3247 simul
815 3180 965 3267 pluribus
992 3169 1038 3249 rur=
1055 3204 1133 3247 vero
1153 3179 1234 3245 nulli
1256 3178 1317 3246 sed

191 3301 302 3389 potius
324 3324 345 3365 a
360 3284 526 3367 communi
546 3302 636 3369 fonte
654 3306 870 3391 profluxerint
889 3306 980 3375 nullo
1007 3304 1091 3369 inter
1108 3326 1145 3368 se
1166 3312 1318 3370 contactu

192 3426 252 3497 sed
271 3424 375 3495 libero
398 3392 584 3511 solutoque*
594 3428 629 3493 in
652 3430 796 3495 diversas
821 3441 931 3517 partes
951 3431 1057 3508 flexu,
1086 3429 1196 3515 qualia
1215 3428 1318 3493 multa

190 3549 284 3617 fiuxit
303 3549 474 3617 Archaeus
508 3552 575 3617 sive
605 3552 738 3639 spiritus
765 3563 872 3621 rector
900 3555 968 3621 sive
996 3578 1062 3640 quo
1092 3554 1157 3619 alio
1182 3553 1315 3619 nomine

183 3675 408 3761 appellandus
430 3687 481 3745 est
500 3694 638 3743 arcanus
654 3678 714 3745 ille
734 3689 986 3767 onomaturgus,
1012 3701 1168 3747 sonorum
1189 3678 1311 3764 quibus

124 3872 132 3876 ,
190 3823 306 3867 sensus
329 3800 461 3865 humaui
481 3814 675 3889 promuntur
694 3805 889 3872 modulator.
922 3807 1057 3873 Illarum
1071 3815 1181 3871 autem
1193 3826 1313 3871 vocum

161 3994 166 4005 ,
188 3948 266 4014 pars
287 3947 406 4013 magna
427 3948 447 3993 e
466 3931 599 3997 remotis
616 3930 806 4017 regionibus
823 3932 962 4019 repetita
982 3932 1125 4017 ideoque
1145 3932 1201 3997 vix
1217 3954 1307 3995 sum-

187 4052 299 4119 matim
324 4052 457 4139 cognito
484 4064 551 4133 est,
581 4057 803 4143 cognoscendi
831 4067 941 4124 autem
960 4058 1097 4125 facultas
1127 4058 1217 4123 nulla
1238 4056 1303 4121 nisi

187 4178 348 4267 appositis
388 4189 545 4265 tanquam
576 4181 781 4248 adminiculis
816 4183 965 4267 ejusdem
996 4184 1116 4253 coloris
1152 4182 1311 4270 exemplis
