2825 4809
262 343 328 414 DE
352 339 630 415 PAREOTASI.
675 339 714 412 Ο.
736 343 796 415 vt.
828 347 855 432 ς.
878 345 909 413 2.
1068 351 1145 429 479

65 533 141 620 quiue
167 525 346 619 στασιώτης
375 530 572 616 tertiumque
599 528 782 621 ταξιώτης,
819 533 910 618 quod
936 537 1144 605 Hermannua

64 635 96 700 ad
115 632 190 700 Oed.
211 629 282 697 Col.
305 631 378 697 678.
400 653 421 698 a
443 631 543 700 verbo
565 632 771 713 ταξιοῦσθαι
792 633 902 720 potius
924 657 1021 720 quam
1042 661 1062 702 a
1082 663 1144 706 no·

63 737 130 800 nine
155 734 281 798 ductum
310 744 436 812 censet,
470 736 530 800 aed
559 733 667 800 obstat
695 747 868 812 areentua3
901 759 978 802 nam
1002 739 1147 807 verbalia

63 849 180 922 orytona
198 845 272 900 eunt
292 831 492 922 βεβαιωτής,
518 833 726 922 γεφυρωιής,
752 834 927 922 reginarde,
950 840 1145 930 δικαιισιής,

63 932 262 1024 ἐλευθερωτής
277 946 338 1002 ete.
368 934 477 1002 Etiam
493 930 717 1020 ἇσπιόιώτρς,
736 936 789 1002 oui
806 937 990 1024 Sophoclea
1006 941 1147 1009 nativam

60 1037 171 1102 lernam
191 1030 369 1124 α’σπιὸίιης
390 1036 556 1123 praetulit,
577 1056 597 1099 a
614 1057 697 1122 puro
716 1036 879 1124 principio
897 1039 1059 1107 deducere
1074 1054 1146 1110 ten·

61 1149 113 1202 tant
130 1137 290 1215 EM.157,
309 1137 361 1202 26.
384 1138 494 1224 Epim.
510 1138 537 1202 Ι.
560 1137 610 1202 86.
634 1133 670 1202 τὸ
694 1131 919 1225 ἀσπιδιώτας,
942 1137 973 1206 εἰ
995 1139 1056 1219 μὲν
1077 1141 1146 1209 dud

60 1243 104 1325 τῆς
122 1233 272 1316 ἀσπίδος,
294 1234 486 1326 tonatim,
507 1235 659 1324 δηλονότι
681 1240 895 1323 πλεονασμὸς
913 1245 971 1306 τοῦ
990 1231 1037 1307 αι’·
1057 1240 1088 1309 ιλ
1110 1243 1149 1311 dd

61 1337 136 1421 παρὰ
157 1334 193 1402 ro*
221 1333 380 1415 ἇσπλὸιος
402 1333 616 1425 παράγωγον,
643 1332 681 1403 οὗ
706 1339 895 1421 πλεονάζει,
924 1339 1037 1427 ώςπιρ
1061 1341 1149 1423 ἴδιος
1214 1379 1219 1392 =
1253 1424 1261 1435 ι

60 1433 186 1524 ἰδιώτης,
218 1433 312 1526 ἥλιος
340 1433 499 1526 ἡλιώτρς,
530 1432 620 1515 εὕιος
646 1433 801 1525 αι’·ιώτης,
833 1439 952 1525 quibua
980 1463 1021 1508 ex
1044 1444 1147 1510 Anth.

60 1538 162 1602 aceedit
182 1533 342 1624 ὄριιώτρς
373 1549 406 1603 et
431 1538 522 1623 quod
551 1537 626 1624 plue
651 1538 832 1604 mirationis
854 1540 955 1607 habet
979 1539 1148 1634 ὑλειώτης,

59 1640 139 1704 Panis
158 1638 324 1726 epitheton
347 1640 404 1726 qui
426 1638 557 1725 saepius
579 1651 716 1706 vocatur
735 1637 902 1726 ὑλρωρός,
924 1665 986 1710 neo
1009 1645 1150 1712 alienum

60 1753 96 1806 eat
122 1739 335 1826 παραλιώτρς
353 1739 385 1823 ²)
421 1741 545 1827 quippe
570 1751 597 1805 'a
631 1741 785 1823 παραλία
818 1741 998 1808 derivatum
1029 1768 1098 1811 non
1129 1769 1150 1812 a

59 1843 239 1928 αορολλιης,
274 1842 366 1924 eujus
399 1842 492 1928 origo
522 1851 572 1906 eat
600 1839 764 1924 πάραλος.
813 1843 937 1908 Baoehi
966 1865 1151 1930 cognomen

59 1941 263 2027 σοιτολιώτης
283 1939 319 2006 in
341 1940 461 2026 hymno
484 1941 677 2009 abecedario
699 1941 854 2008 annititur
872 1947 1049 2031 congeneri
1070 1969 1151 2036 φοι-

57 2041 168 2120 ταλιώς
197 2042 366 2127 quomodo
396 2042 484 2108 idem
517 2043 599 2109 deus
628 2042 670 2108 ab
697 2043 856 2130 Oppiano
885 2060 1030 2113 voantur.
1082 2047 1152 2116 Sed

58 2163 143 2207 anon
160 2165 244 2230 puro
263 2143 343 2230 pagi
359 2145 491 2210 nomine
506 2144 673 2230 Δειράόες
692 2143 889 2211 demotieum
905 2147 1150 2237 Δειραδιώτης,

57 2247 269 2328 σοποὲργιινον
292 2244 562 2332 σπαργανιώτρς,
585 2245 786 2331 latinumque
806 2251 947 2314 λαιαλαια
969 2249 1010 2314 de
1031 2271 1151 2336 ςιιιοαο

55 2338 141 2422 χαρώς
164 2345 297 2412 flexum.
341 2345 618 2434 Σκευοφοριώιρς
646 2369 723 2412 vero
748 2370 816 2413 non
845 2370 866 2412 a
893 2353 1151 2438 ονεοορορλτρς,

55 2465 114 2508 nam
129 2469 235 2530 neque
253 2446 317 2512 hoo
332 2447 494 2534 reperitur
506 2469 615 2534 neque
635 2446 885 2534 λικνοφορλτρς,
901 2449 1154 2539 μισθοφορλιης

56 2543 163 2610 aliudve
190 2546 244 2612 his
272 2547 390 2625 simile,
422 2547 481 2612 sed
511 2569 531 2612 a
556 2548 758 2635 σκευοφορλα
786 2557 824 2612 ut
849 2545 1152 2638 λιποστρατιώιιρς,

55 2646 94 2710 vel
116 2671 134 2711 a
154 2649 288 2714 nomine
316 2649 539 2726 instrumenti,
570 2647 611 2712 de
633 2671 700 2732 quo
721 2647 843 2713 Pollux
864 2646 1009 2731 loquitur
1031 2648 1078 2713 L
1101 2650 1153 2715 17.

55 2750 260 2836 σκαιοτρόριον
282 2741 308 2839 ᾧ
332 2751 374 2818 τὰ
402 2753 500 2839 σκεύη
524 2749 748 2834 ἑκορώζατο-
769 2748 828 2814 τὸν
849 2746 966 2831 μέντοι
986 2747 1154 2833 σκευοφό-

56 2843 258 2932 quantaene
274 2849 545 2940 σκευοφοριώτρν
562 2847 694 2932 παίζων
712 2848 848 2917 ἐκάλεσε
866 2849 1012 2935 (Eragm.
1024 2849 1052 2914 Ι.
1063 2848 1153 2935 530.)

56 2949 99 3033 qui
117 2951 221 3029 lusus,
249 2951 382 3040 opinor,
405 2951 532 3039 positus
556 2951 660 3018 estin
682 2950 892 3038 oonuptione
912 2949 1053 3015 nominis
1075 2971 1154 3037 pro·

56 3052 105 3135 pn'i
129 3065 164 3118 ut
191 3054 220 3120 ai
251 3055 324 3139 quie
351 3055 546 3139 armigerum
571 3053 720 3141 appellet
742 3052 1001 3141 armigerionem.
1050 3051 1157 3118 Aliud

56 3155 159 3239 upari
183 3155 350 3242 principio
379 3155 506 3221 diverse
535 3156 656 3221 flexum
684 3155 816 3239 subjicit
840 3147 1155 3250 Stephanus-Loud-

56 3255 215 3322 λιοι-τὸ
241 3253 394 3343 κτητικὸν
410 3252 595 3340 Ὁμολώιος
615 3255 701 3322 κατὰ
723 3256 934 3338 πλεονασμὸν
953 3259 1011 3321 τοῦ
1034 3253 1156 3336 ro,‚eed

55 3375 116 3439 pare
136 3359 242 3442 major
260 3367 429 3423 auctorum
451 3357 493 3422 ad
511 3353 634 3442 Όμόλρ
656 3356 709 3423 vel
728 3352 853 3436 ὅμιλος
873 3356 971 3421 refert
991 3378 1020 3421 v.
1042 3355 1155 3423 dlv.

55 3459 75 3539 i.
92 3459 119 3522 3.
139 3459 193 3524 lin.
222 3493 266 3506 -·
298 3456 340 3522 In
369 3459 581 3524 commissura
609 3456 841 3523 vocabulorum
861 3443 904 3524 Ῑο
927 3456 1157 3545 interpositum

45 3733 56 3748 .
111 3697 140 3763 2)
158 3695 274 3752 Novitia
292 3695 431 3768 scriptura
446 3701 489 3750 eet
503 3689 677 3765 ααραλιώιης
689 3700 720 3747 ut
734 3686 920 3765 λπαρχεώιης.
933 3689 1072 3763 ταξεώιης.
1096 3696 1159 3748 Βα-

54 3777 176 3851 λανιώιης
191 3781 217 3837 ai
235 3784 429 3840 balneatorem
446 3776 584 3850 significat
599 3797 624 3832 v.
637 3777 724 3834 Proll.
736 3779 795 3834 ato.
808 3799 826 3834 a
838 3784 987 3848 βαλανεῖον
1000 3779 1157 3836 derivatum

55 3873 132 3922 estut
149 3874 282 3939 κουρεῖον
297 3867 450 3938 πατριῶτις.
481 3865 537 3919 Pro
556 3863 739 3936 ιιιιραλιώτρς,
759 3867 837 3935 quod
855 3867 894 3920 ad
908 3866 975 3920 Phr.
990 3869 1049 3920 790.
1066 3864 1157 3931 attuli,

53 3947 190 4010 Bekkerua
216 3951 244 4008 in
262 3954 346 4010 Phot.
366 3949 441 4008 Bibl.
461 3948 581 4006 LXXX.
601 3953 643 4006 66.
665 3967 691 4004 a.
710 3952 753 4003 36.
776 3955 819 4022 (p.
840 3953 887 4003 105
907 3950 1045 4011 Hoeaub.)
1067 3949 1158 4006 edidit

54 4032 242 4109 αεραλαιώτης.
277 4040 310 4094 In
328 4039 469 4096 Choerob.
488 4037 570 4090 Orth.
585 4037 648 4100 26⁸2,
667 4037 710 4088 27.
734 4033 765 4089 ui
784 4035 831 4090 dui
849 4037 897 4091 τοῦ
914 4025 985 4106 λιιι-ης
1003 4033 1050 4090 διὰ
1069 4023 1157 4090 rodo]

54 4121 182 4196 γριὶριται
201 4122 218 4193 ἢ
237 4128 301 4193 (aer.
315 4129 351 4192 ιλ)
368 4118 518 4194 καθαρεύει
536 4117 552 4188 ἦ
570 4117 780 4190 παραλήγουσα,
792 4117 968 4192 στρατιώτης,
981 4117 1157 4193 νυβεριώιης,

53 4207 169 4279 ιοξιώιης
187 4214 271 4280 (ναξ.)
290 4229 341 4284 pro
361 4211 485 4266 seeundo
504 4207 624 4261 sonasse
641 4205 813 4280 Σοβιριώιης
832 4206 1013 4260 scribendum
1029 4213 1074 4260 eat
1092 4205 1111 4261 i.
1128 4225 1157 4282 q.

54 4299 177 4370 Συβέριος
196 4298 295 4370 Steplt.
