2825 4809
112 360 174 424 DE
193 357 321 425 ALIIS
345 356 434 425 SYN
436 354 582 423 001³AE
600 355 876 425 GENERIBUS.
901 356 940 424 Ο.
948 358 994 423 11.
1005 360 1070 443 §.3·
1098 362 1173 435 399

70 542 119 629 μὲν
139 541 289 630 λέγουσιν
309 537 362 609 ὅτι
383 538 568 629 τεθνήκασι
590 541 675 609 κατὰ
698 543 868 629 συγκοπὴν
887 544 1062 621 τεθνᾶσιν,
1092 536 1170 609 ἀλλ’

70 640 93 712 εί
113 636 151 733 ἦν
170 638 275 722 οὕτως
298 637 358 710 οὖν
380 634 506 728 ὤφειλε
528 645 791 730 περισπᾶσθαι·
813 635 978 710 οὐδέποτε
1004 641 1069 730 γὰρ
1091 667 1171 728 συγ·

68 745 147 835 ιοπὴ
167 747 395 831 περισπᾶται·
419 734 494 809 ἀλλ’
520 740 592 810 ἔστι
613 744 773 829 τέθνημι,
793 747 944 810 τεθνᾶσι.

141 848 202 913 His
223 846 251 911 si
274 845 452 929 adjunxero
475 866 559 929 quae
584 844 626 909 do
655 844 773 931 spiritu
797 844 923 909 sancita
946 855 1040 924 cunt,
1065 869 1171 932 ‚quae-

66 950 122 1016 stio
154 948 249 1034 hujus
281 947 346 1013 loci
378 946 522 1034 perfecta
554 946 624 1011 crit.
671 947 727 1012 De
755 945 819 1011 hoo
848 945 1006 1012 habemus
1027 957 1172 1013 veterum

65 1052 241 1118 criticorum
262 1048 464 1135 praejudicia
484 1047 520 1113 in
541 1047 652 1115 Schol.
674 1049 719 1113 A.
742 1047 785 1111 od
805 1048 1012 1115 11.V1.239.
1035 1048 1073 1115 τδ
1096 1048 1173 1137 ἔνης

64 1146 340 1237 ὁἈσκαλωνίιης
369 1151 469 1239 ψιλοί
500 1147 576 1215 ε’·πεί
606 1149 758 1236 συγκοπὴ
793 1148 921 1235 ἐγένετο
954 1144 1001 1229 ὡς
1026 1148 1085 1218 ἐπὶ
1110 1156 1170 1218 coi

62 1360 104 1443 τῷ
122 1349 364 1440 Ἀσκαλωνίτῃ,
397 1348 514 1437 ἐπειδὴ
543 1345 665 1437 εὑρέθη
699 1350 756 1416 διὰ
790 1353 897 1438 ψιλοῦ
929 1346 951 1440 ἦ
983 1352 1169 1441 συναλοιφι)

63 1448 142 1542 παρ’
161 1450 323 1541 Αἰσχύλῳ
339 1443 416 1517 οὔτ’
443 1446 535 1539 δ’της
555 1450 612 1518 καί
633 1446 721 1537 παρ’
736 1445 906 1541 Εὐριπίδῃ
929 1451 1031 1541 φωτὶ
1051 1448 1083 1519 δ’
1101 1448 1171 1519 oin

62 1555 124 1646 ἔτῃ
146 1554 325 1642 πρέπων·
347 1552 502 1638 idemque
524 1553 567 1617 ad
589 1553 629 1619 Π.
648 1554 714 1619 ΧΙ.
735 1553 809 1619 257.
831 1547 983 1639 ὄπατρος
1003 1555 1171 1634 ψιλιυτίον

46 1653 114 1739 ,οὐχ
140 1651 185 1733 τίς
214 1649 343 1723 οἴονται
371 1653 428 1721 διὰ
458 1652 518 1743 τὴν
546 1652 732 1743 συγκοπήν·
766 1655 879 1722 πολλὰ
906 1651 971 1741 γάρ
998 1679 1085 1743 φασι
1113 1655 1170 1723 διὰ

63 1758 113 1845 τὴν
138 1754 306 1844 συγκοπὴν
323 1756 530 1845 ψιλοᾶσθαι·
553 1752 773 1839 ἐπεδείξαμεν
790 1754 827 1822 δὲ
845 1748 891 1831 ὡς
907 1754 964 1821 καί
982 1754 1169 1836 δασύνεται,
1196 1746 1201 1756 “

62 1855 239 1947 ἑστήκαμεν
260 1856 317 1924 καί
339 1856 493 1939 ἕσταμεν,
520 1851 701 1942 Ἡράκλεες
731 1853 977 1939 καὶἭρακλες.
1009 1847 1171 1939 ’Ἀμεινον

63 1952 114 2027 οὖν
135 1960 241 2044 λέγειν
262 1952 315 2023 ὅτι
336 1957 375 2024 τὸ
393 1944 427 2025 ἀ’
442 1958 511 2043 πρὸ
533 1960 593 2024 τοῦ
612 1943 645 2021 {i
665 1957 816 2041 κείμενον
845 1958 939 2042 φιλεῖ
966 1958 1169 2043 cccccccccc.

62 2060 234 2146 Vulgarem
254 2058 339 2123 viam
361 2058 508 2144 sequitur
524 2058 664 2124 Tzetzeo
686 2058 730 2123 ad
741 2057 835 2145 opp.
846 2057 921 2123 405.
936 2058 1042 2144 Exeg.
1054 2059 1106 2137 81,
1117 2060 1170 2126 20.

61 2163 97 2229 τὸ
119 2156 243 2249 ᾶρμενα
266 2156 390 2249 καίπερ
419 2155 489 2227 σἰπό
521 2165 583 2227 τοῦ
608 2154 820 2245 ᾶρμοζόμενα
847 2159 982 2246 γεγονὸς
1007 2162 1172 2245 ψιλοᾶται

62 2259 105 2341 ὡς
126 2263 275 2351 σογκοπῇ
295 2257 428 2350 αἶολικῇ
451 2255 497 2339 ὡς
520 2260 557 2329 τδ
581 2254 737 2343 ᾶλμενος,
761 2261 821 2326 sed
832 2261 968 2327 meliora
979 2262 1170 2329 doocthx.

61 2367 99 2431 de
118 2363 205 2451 Spir.
227 2361 300 2427 229.
324 2362 410 2439 τινὲς
427 2359 631 2450 παραλόγως
651 2364 793 2452 ψιλοᾶσι
811 2360 849 2430 τὸ
865 2358 937 2449 ἱρός
955 2361 1013 2429 καὶ
1030 2363 1109 2453 ίρρξ
1118 2366 1170 2451 ¹⁸)

59 2468 205 2553 λέγοντες
231 2460 287 2529 ὅτι
314 2461 356 2530 τὰ
379 2464 585 2549 συγκοπέντα
613 2462 698 2530 κατὰ
718 2460 864 2546 Αἰολεῖς
888 2466 1077 2550 φιλοῦνται,
1103 2463 1171 2552 δίρ-

59 2592 159 2658 μησεν
188 2557 304 2652 ὦρσεν,
329 2558 483 2652 ἁρμόσας
511 2554 627 2650 ᾶρσας.
664 2558 770 2633 Ἀλλᾶ
797 2563 836 2631 τὸ
859 2559 964 2652 ὦρσεν
989 2565 1077 2633 ἐστίν
1098 2562 1169 2634 ἀπὸ

59 2673 114 2737 τοῦ
135 2662 205 2753 ᾶρω
230 2664 286 2731 καὶ
308 2657 416 2753 ᾶρσας
437 2661 508 2733 ᾶπδ
530 2669 589 2732 τοῦ
613 2656 693 2751 ᾶρω.
741 2668 889 2733 Τοιαῦτα
914 2668 1095 2756 ψιλοῦνται
1120 2692 1171 2754 γι-

59 2768 177 2853 νόμενα
200 2766 305 2853 (adde
328 2758 397 2833 ἀπὸ
420 2766 532 2856 ψιλῶν
552 2768 618 2831 τῶν
638 2760 899 2853 πρωτοτύπων).
938 2760 1026 2833 occe*
1046 2767 1111 2855 μὴν
1131 2769 1171 2835 τὸ

60 2866 129 2959 ἱρός
147 2869 206 2936 καί
229 2866 307 2955 ίρηξ
329 2861 558 2955 συνεκόπησαν
577 2860 663 2933 ἀλλὰ
679 2870 798 2950 κρᾶσιν
815 2863 961 2934 ἔπαθον.
992 2866 1059 2933 Hic
1075 2890 1173 2953 quem

61 2974 174 3037 ducem
203 2967 354 3033 habuerit
382 2967 611 3053 cognoscimus
637 2990 678 3033 ex
701 2966 779 3035 Sch.
801 2967 841 3033 Π.
864 2968 893 3032 Ι.
918 2967 989 3033 136.
1013 2962 1174 3055 ᾶρσαντες

54 3070 269 3160 Ἀρίσταρχος
297 3062 446 3137 doomo-
478 3065 496 3137 ὁ
525 3067 563 3135 δὲ
589 3065 797 3154 Ἡρωδιανὸς
824 3070 925 3155 ψιλοί
950 3068 988 3135 ἐκ
1008 3073 1067 3136 τοῦ
1088 3062 1171 3152 ᾶρω.

51 3169 194 3254 ’Ίκμενος
216 3194 290 3237 cum
310 3170 462 3236 meriomo
487 3181 519 3235 et
539 3179 709 3237 accentum
729 3168 864 3233 mutavit
886 3179 919 3235 et
942 3170 1101 3256 spiritum.
1195 3174 1204 3191 ‘

126 3409 171 3478 1³)
190 3428 215 3463 v.
228 3409 302 3464 Diss.
314 3407 352 3461 Π.
372 3424 397 3461 ε.
410 3407 447 3461 11.
467 3406 491 3473 ξ.
506 3408 530 3458 5.
