2825 4809
137 322 205 389 nn
225 320 495 391 rnosrnnsr
514 322 578 391 nr
598 322 864 393 sennensi
886 322 1003 391 em.
1024 327 1051 413 s.
1063 326 1093 391 1.
1130 328 1181 410 αι

60 508 178 575 ΧΧΠ.
201 508 278 573 280.
300 509 358 595 qui
379 510 427 575 sic
448 509 619 598 scripsisse
645 511 774 579 videtur
793 507 868 597 μετ’
894 506 1061 592 ἐκτάσεως
1079 498 1182 582 soii]

63 605 128 677 ἀντὶ
158 615 223 677 τοῦ
254 610 363 697 ἐελδης
393 612 713 701 plusquamperfecto
735 611 837 682 cibatu
864 612 993 700 epsilon
1012 635 1074 701 pro
1097 635 1180 701 suge

61 722 164 776 mento
191 711 344 777 additum
367 724 465 781 ratus.
509 715 581 781 Nec
603 700 792 801 quenquam
811 724 942 781 moveat
962 716 1054 801 quod
1072 738 1180 806 neque

61 814 118 879 hoc
139 836 255 899 neque
278 813 396 883 ἒείδειν
422 818 597 904 reperitur,
624 840 662 883 ac
682 840 726 883 nc
747 818 929 904 perfectum
949 817 1084 903 quidem
1104 810 1180 894 sida

58 928 184 1003 praeter
206 916 328 983 modos
350 918 503 1004 obliquos
530 918 590 985 sed
612 912 689 987 cide
712 942 755 985 ex
776 917 871 988 ἔσιδα
893 930 1016 988 nebim.
1051 920 1181 999 Ecteeis

58 1029 139 1083 certe
155 1019 317 1084 convenit
332 1020 523 1107 imperfecto
543 1020 634 1087 verbi
655 1020 858 1101 substantivi,
882 1024 974 1109 quod
986 1022 1180 1101 Emtatbius

57 1121 145 1199 1865,
168 1123 226 1187 32.
252 1122 297 1193 ad
317 1123 710 1223 pleonasmus-revocet:
735 1118 797 1211 ἤην
823 1120 944 1193 ταύτόν
971 1126 1043 1195 dou
1070 1128 1118 1213 τῷ
1142 1118 1182 1213 ἦν

56 1223 274 1307 πλεονασμὸν
299 1224 418 1290 παθὸν
444 1228 505 1291 τοῦ
532 1252 551 1312 η
581 1226 641 1291 sed
668 1225 736 1291 veri
767 1225 903 1291 sitnilius
932 1225 1039 1293 estid
1060 1248 1104 1293 ex
1124 1223 1182 1315 ἔην

56 1323 273 1410 procrevisse.
318 1324 420 1392 Verbi
448 1318 518 1407 εἶμι
545 1326 773 1413 imperfectum
800 1320 828 1393 si
858 1328 905 1393 sic
927 1326 1123 1395 scriberetur
1144 1336 1181 1396 ut

55 1428 276 1505 Buttmannus
295 1425 399 1492 voluit
419 1426 562 1495 Gramm.
592 1428 621 1493 1.
648 1428 722 1493 559.
751 1423 838 1514 ἤια,
870 1450 912 1493 ex
939 1428 1103 1517 primitivo
1129 1421 1180 1497 sis

56 1529 163 1593 iatum
194 1527 408 1607 haberemus,
438 1528 497 1594 sed
522 1522 690 1614 ubique'‘
667 1554 741 1619 patr
761 1528 881 1615 legitur
900 1531 970 1597 iota
993 1528 1178 1619 subscripto

56 1631 143 1714 quod
168 1630 285 1716 poscit
303 1653 458 1751 praesens
477 1627 579 1716 εἴημι,
602 1630 687 1697 siout
702 1630 804 1696 altera
820 1624 966 1697 torme‘
944 1658 1006 1723 ῃαν
1026 1627 1096 1699 tuo
1119 1634 1180 1704 rot

57 1730 110 1797 ιῖω
133 1733 174 1798 τὸ
203 1752 395 1816 πορευσμαι
418 1736 532 1821 sponsi
555 1737 614 1800 τοῦ
636 1759 651 1801 s
674 1728 724 1811 εἷς
745 1760 766 1819 η
789 1732 955 1799 Choerob.
983 1732 1081 1801 Orth.
1102 1732 1178 1811 217.

56 1834 102 1897 24.
146 1825 266 1899 Ab
232 1858 284 1903 ειν
303 1843 456 1919 repetunt
474 1831 666 1920 pluralem’'
648 1858 722 1951 ιμεν
740 1858 789 1901 svs
806 1829 884 1903 λ’σαν
902 1860 958 1901 και
950 1833 1180 1921 choraeus?

55 1926 151 2019 ἤισαν
169 1935 256 1999 ΕΜ.
278 1931 352 2013 423,
375 1936 429 2001 43.
467 1930 681 2018 Ἠΐσκσμεν
672 1959 708 2001 ιιι
727 1933 802 2000 loco
823 1934 983 2023 impedito
998 1932 1040 1999 II.
1055 1932 1177 2002 XXII.

55 2035 124 2099 332.
146 2036 244 2101 idem
265 2036 339 2113 423,
361 2036 414 2102 52.
437 2035 563 2101 dubitat
585 2047 693 2103 utrum
724 2057 785 2122 pro
812 2032 950 2117 ἴσνομαν
970 2034 1116 2122 positum
1135 2032 1179 2103 sit

55 2138 264 2225 πλεονασμῷ
294 2124 403 2225 rori}
427 2137 533 2223 (quod
559 2139 680 2205 excidit
708 2138 744 2203 in
759 2133 872 2225 Epim.
894 2135 923 2201 I.
946 2136 1018 2215 194,
1043 2136 1110 2223 15.)
1134 2160 1178 2207 au

54 2258 111 2321 pro
142 2236 304 2319 ἐΐσκομεν
334 2262 394 2325 per
426 2240 558 2307 ectasin.
587 2278 630 2291 -
660 2238 822 2325 Hesychii
850 2238 979 2325 glossas
1004 2234 1178 2311 Ἠέλδιται

55 2335 233 2425 ἱμείρεται,
245 2333 419 2420 Ἠέλμεθα
433 2340 642 2427 συνὴμμεθα,
657 2337 819 2427 Ἠέρχασσ
838 2340 1077 2427 καθειργμλνσι
1093 2332 1179 2428 ἦσαν

54 2450 228 2526 suspectas
256 2440 400 2507 reddunt
426 2442 491 2507 loci
519 2440 675 2509 homerici
707 2442 766 2508 ubi
798 2440 880 2509 haec
908 2452 1060 2529 tempore
1086 2440 1179 2511 aliter
1269 2472 1283 2488 *

54 2541 177 2629 scripta
200 2541 356 2627 leguntur
379 2542 535 2622 ἐέλδεται,
559 2544 707 2628 ἐέλμεθα
724 2554 786 2611 etc.
816 2544 862 2609 Et
877 2543 968 2629 quod
982 2542 1070 2611 idem
1080 2563 1177 2632 prae·

54 2640 108 2707 bet
131 2638 333 2711 Ἠελεοῢσιν
363 2639 434 2711 ἀντὶ
460 2649 518 2711 τοῦ
549 2644 680 2713 ἐλεοῦσι
712 2646 829 2711 eloco
850 2645 1012 2712 mendoso
1036 2655 1178 2718 sumtum

54 2744 194 2811 videtur.
243 2741 462 2829 Ἠερὲθσνται
492 2740 566 2812 ἀντὶ
597 2751 656 2812 τσῦ
685 2743 863 2832 ἐρέθανσαι
888 2748 1091 2835 πλεονασμῷ
1117 2749 1178 2818 τσῦ

56 2843 141 2934 ηὼς
163 2843 267 2935 ἠμύω
290 2845 368 2913 soh.
391 2846 478 2913 Vict
500 2846 540 2911 Il.
562 2846 664 2913 XXI.
688 2848 738 2913 12.
768 2844 940 2935 peritiores
965 2866 1039 2916 cum
1064 2842 1177 2937 prepi

55 2957 174 3015 θανναι
195 2958 400 3035 componunt
408 2948 489 3013 EM
498 2947 572 3026 421,
588 2948 673 3014 5.
686 2950 742 3015 De
758 2949 945 3017 nominibus
961 2949 1027 3015 buc
1040 2947 1178 3024 refertum

56 3050 254 3117 Scamandn'
275 3045 485 3137 epitheton’
467 3032 580 3137 ηιόεις
595 3044 615 3137 ἢ
642 3045 716 3117 ἀντὶ
737 3056 797 3119 τοῦ
821 3047 907 3130 idere
925 3044 1177 3139 nisoracpq3”
1155 3076 1174 3137 η

56 3147 119 3219 ἀπὸ
145 3157 211 3239 σῆς
234 3146 349 3240 ἠιόνας
370 3146 516 3239 ηιανόεις
539 3150 595 3217 καὶ
617 3150 701 3217 κατὰ
723 3151 893 3240 σνγκοπὴν
909 3144 1018 3239 riesisse
1037 3175 1055 3218 o
1043 3147 1178 3231 καλὰς

57 3247 171 3337 ἠιόνας
203 3250 289 3335 ἔχων
316 3252 396 3317 ΕΜ.
418 3251 497 3331 426,
527 3250 557 3315 6.
580 3250 698 3335 quibus
725 3253 855 3319 tertium
876 3252 969 3318 addit
987 3250 1177 3338 Hesychius

58 3344 202 3439 ἢκαλαλς
234 3350 351 3441 φωνὰς
378 3352 458 3435 ἓῇςων
486 3352 610 3418 scilicet
637 3351 678 3417 ab
708 3347 789 3441 ἠίων
811 3358 932 3423 auditio
954 3354 1046 3439 quod
1067 3355 1175 3422 Zeno·

61 3454 148 3519 donis
174 3453 356 3519 fabricatus
379 3464 437 3519 cst.
482 3452 674 3521 Scamandri
689 3453 779 3539 ripas
794 3454 889 3522 violis
907 3455 1094 3522 abundasse
1107 3476 1177 3523 non

60 3566 192 3621 constat.
240 3556 361 3639 Itaque
385 3564 530 3620 tenemus
548 3577 616 3620 non
633 3556 778 3621 secundo
796 3556 870 3623 loco
894 3556 1102 3644 propositum
1127 3568 1178 3626 eet

60 3651 122 3722 <ind
145 3662 207 3745 τῆς
233 3652 362 3745 ἠιόνας·
391 3680 532 3742 namque
559 3656 665 3721 fluviis
687 3679 837 3742 quoque,
877 3681 944 3724 non
967 3658 1048 3723 mari
1069 3659 1176 3725 solum

60 3758 150 3823 tribui
174 3754 297 3848 ἠιόνας
317 3760 527 3825 Hermannus
549 3759 692 3825 ostendit
716 3759 844 3846 Opusc.
866 3759 907 3825 T.
922 3760 985 3827 IV.
999 3759 1073 3824 210.
1107 3757 1177 3827 Sed

62 3871 95 3922 nt
112 3882 285 3947 syncopae
305 3870 492 3925 occurratur
513 3882 574 3947 pro
597 3856 679 3950 ἠιών
700 3860 925 3928 substituimus
947 3861 1041 3947 qnasi
1062 3859 1176 3949 primi-

63 3960 154 4026 tivum
180 3958 261 4051 ἤιον
293 3983 312 4024 a
336 3961 436 4027 verbo
465 3959 550 4030 ἰέναι
577 3962 666 4027 unde
687 3984 755 4028 non
777 3963 883 4030 solum
904 3957 965 4053 ἤια
985 3961 1028 4029 σὰ
1053 3958 1176 4047 ἐφόδια

66 4064 117 4126 sed
147 4064 248 4129 etiam
283 4056 369 4151 ἦιών
401 4058 419 4128 ὁ
452 4060 738 4152 παραθαλάσσιος
772 4064 829 4131 καὶ
861 4060 1038 4147 testaceos
1070 4058 1176 4137 τόπος

65 4164 150 4249 παρὰ
179 4161 220 4235 τὸ
251 4160 340 4255 ἱέναι
367 4162 502 4255 Didym.
537 4162 640 4253 soll.
664 4160 748 4233 XII.
773 4165 825 4236 31.
849 4175 883 4249 et
901 4159 1009 4253 ἠιόνες
1028 4156 1068 4247 σὰ
1089 4154 1176 4228 ὕπα-

66 4260 146 4330 sedatu
178 4271 248 4333 τῶν
281 4260 475 4353 ὀφθαλμῶν
502 4265 558 4334 διὰ
593 4264 631 4337 td
664 4265 706 4335 τὰ
743 4262 872 4355 δάκρυα
899 4258 945 4330 δι’
976 4255 1086 4327 αὐτῶν
1114 4260 1176 4349 φέ-Ι

112 4366 241 4418 buben.
256 4368 350 4409 Pstbol.
946 4360 967 4430 5
