2825 4809
118 350 176 424 m
192 345 460 449 rmsrnnsr
479 345 541 418 m
561 343 838 418 semerom.
868 345 983 417 om.
1002 345 1066 437 ss.
1093 349 1165 428 sor
1234 321 1240 328 ’

72 538 198 629 θοάροις
225 549 281 602 aut
309 548 475 603 accentum
507 535 643 623 epitheti
675 535 796 602 retrahi
825 547 882 601 out
911 529 965 604 o'ssi
993 537 1171 624 pictonicis

72 642 157 710 scribi
179 648 318 728 oportet,
343 661 408 725 quo
428 639 570 704 admisso
591 638 781 725 ambiguum
796 639 834 704 fit
852 651 960 727 uuum
981 637 1171 704 adverbium

72 747 109 812 ad
131 743 318 828 adjectivum
346 743 550 808 referendum
578 742 620 807 sit
647 763 688 807 on
715 740 917 807 adverbum
942 751 979 805 ut
1006 741 1041 806 in
1066 743 1168 808 Anth.
1220 750 1222 755 '

71 849 104 915 V.
122 845 167 910 77.
185 842 254 911 ἔστι
277 837 310 910 δ’
334 839 352 908 ὁ
377 850 460 922 παῖς
481 841 720 930 γλυκύὸακριις,
742 834 910 922 ἆεάλαλος,
931 839 1030 922 ὠκὺς,
1051 839 1169 931 άθαμ·

68 948 133 1035 βάς,
149 947 203 1013 ubi
221 947 255 1011 in
268 946 340 1011 Pul.
358 940 410 1013 ἀεὶ
430 943 532 1022 λάλος
546 943 702 1032 scriptum
719 954 786 1022 est3
805 952 903 1031 quum
919 945 1170 1030 disjunctionem

66 1050 286 1117 inV11.423.
316 1051 419 1132 γραῦν
450 1041 503 1113 desi
533 1044 749 1130 πολύμυθον,
783 1041 835 1115 cisi
866 1044 1033 1133 λάλονίό)
1063 1059 1171 1114 tuetur

66 1151 198 1238 parilitas
224 1148 452 1215 membrorum.
498 1147 566 1214 Sed
592 1140 718 1230 οὔνομα
739 1142 792 1216 ἀεὶ
812 1148 885 1216 νέον
910 1149 989 1216 VII.
1013 1150 1087 1216 225.
1116 1147 1171 1218 άιὶ

63 1257 152 1330 θεῖος
170 1253 233 1320 Ν.
257 1252 286 1316 1.
308 1268 338 1315 v.
363 1252 416 1315 47.
444 1258 475 1314 et
502 1247 616 1314 ordine
641 1249 770 1315 inverso
794 1248 930 1335 στυγνὸς
952 1245 1005 1318 cici
1026 1252 1168 1320 Theoor.

63 1353 167 1420 XVII.
189 1353 244 1418 49.
273 1353 329 1418 vix
359 1351 509 1438 dignosci
539 1362 679 1438 possunt
710 1375 730 1417 o
759 1351 941 1434 conjunctis
970 1347 1168 1441 άείμαργος,

62 1449 245 1540 άείθουρος.
274 1443 402 1522 Eodem
418 1454 637 1519 inconstantia
652 1465 701 1520 est
719 1454 966 1542 participiorum
972 1476 982 1530 3
999 1475 1074 1520 cum
1089 1477 1169 1520 con·

55 1555 168 1639 junctis
190 1561 305 1640 μῦθος
328 1549 489 1638 άειζώων,
512 1561 597 1623 θεοῦ
620 1551 832 1638 άειζιάοντας,
859 1577 998 1642 quorum
1020 1567 1170 1623 auctores
1211 1614 1216 1620 .

57 1656 88 1721 in
108 1656 207 1722 Thes.
234 1658 458 1734 nominantur,
489 1666 616 1744 pugnat
635 1656 749 1744 μίμνω
774 1651 826 1725 cisi
848 1655 941 1739 ζώων
961 1658 1072 1723 Nonn.
1093 1660 1170 1725 Por.

58 1759 147 1826 XIV.
173 1759 225 1826 75.
258 1760 348 1845 quod
375 1769 510 1847 propter
537 1758 707 1844 sequentis
731 1758 790 1824 καὶ
818 1753 867 1824 δι’
897 1759 956 1841 ἐμὲ
984 1757 1172 1840 ξύμπαντες

56 1855 101 1926 ἀεὶ
125 1857 246 1942 ζώοντε
267 1862 386 1926 mutari
406 1861 530 1946 nequit.
574 1861 614 1926 In
635 1859 710 1928 Nic.
734 1857 833 1924 Ther.
850 1857 925 1924 538.
948 1855 1075 1945 ἓλξίνρν
1096 1855 1170 1928 άτι-

54 1958 249 2030 θάλλονσαν
283 1961 415 2046 ἰάμνοις
451 1965 627 2048 conjuncto
660 1959 880 2028 Schneiderus
915 1971 1005 2026 recto
1039 1961 1172 2027 discidit
1258 1983 1267 1992 ·

52 2064 137 2146 quod
155 2063 273 2150 poscit
290 2087 385 2132 cesus
402 2065 576 2153 participio
595 2064 769 2149 adjunctus
783 2071 821 2127 ut
833 2061 940 2148 Orph.
952 2063 998 2126 H.
1006 2061 1109 2128 XIX.
1117 2063 1171 2131 24.

53 2159 101 2230 cisi
121 2163 301 2234 θάλλοντα
324 2168 507 2253 λογισμοῖς.
543 2165 627 2232 Cum
646 2163 711 2230 hoc
726 2162 817 2229 verbi
833 2165 934 2229 modo
954 2164 1051 2230 etism
1069 2165 1172 2232 πάλιν

49 2269 205 2354 componi
238 2289 340 2354 posse
367 2268 577 2358 Herodianus
607 2266 775 2342 concedit,
807 2265 969 2332 coeteris
999 2263 1171 2332 discindit:

47 2367 171 2446 Νικίας
201 2363 266 2458 ὑφ’
297 2365 332 2434 (ἐν
361 2365 704 2458 παλιντροπάασθαι·
735 2364 864 2456 ἔφαμεν
893 2368 930 2436 δὲ
958 2365 1064 2436 ὁπότε
1093 2368 1174 2455 sosoi

45 2471 99 2534 τοῦ
131 2468 485 2554 παλιμπλαγχθέντας
515 2467 793 2554 άιιλαμβάνομιν,
825 2465 877 2535 ὅτι
904 2468 942 2534 τά
972 2465 1075 2535 πάλιν
1101 2475 1173 2546 τοῖς

44 2567 172 2656 ῥήμασι
204 2571 297 2637 κατὰ
323 2572 475 2639 διάλυσιν
501 2567 717 2658 προςγίνεται
744 2568 823 2636 Soh.
849 2569 889 2633 Il.
910 2567 1009 2636 XVI.
1033 2569 1085 2634 95.
1114 2568 1173 2635 ubi

42 2693 128 2737 nuno
160 2669 323 2738 scribitur
349 2670 454 2738 πάλιν
479 2676 687 2757 τρωπᾶσθαι
694 2718 703 2750 ,
733 2691 794 2735 nec
817 2669 959 2736 obtinuit
978 2671 1171 2756 παλιντρω-

40 2777 158 2842 πιῦντο
197 2773 295 2859 quod
322 2772 436 2858 Apoll.
464 2772 524 2840 IV.
552 2771 631 2837 643.
655 2771 690 2836 in
718 2771 792 2838 cod.
821 2770 966 2858 Guelph.
1001 2771 1171 2858 reperitur.

39 2873 199 2940 Eandem
223 2875 421 2940 sententiam
438 2873 511 2939 tulit
530 2875 571 2940 de
590 2872 765 2962 participio
783 2872 896 2938 coristi
914 2874 957 2939 ad
969 2874 1010 2939 11.
1020 2873 1086 2939 XI.
1097 2874 1171 2940 326.

37 2976 291 3062 παλινορμὲνω
318 2973 507 3062 Τυραννίων
530 2976 589 3043 δύο
612 2982 721 3055 ποιεῖ,
749 2970 768 3042 ὁ
794 2970 1073 3061 δὲ”Αρίσταρχος
1093 2966 1171 3061 σύν·

38 3083 162 3143 θετον(
201 3073 340 3166 εἴρηται
362 3077 399 3144 δὲ
422 3076 581 3166 περὶτῆς
604 3078 794 3154 συνθέσεως
814 3080 876 3144 τοῦ
896 3075 1001 3144 πάλιν
1022 3071 1067 3155 ὡς
1086 3075 1174 3165 πρὸς

34 3177 96 3256 τάς
127 3177 304 3263 μετοχάς,
340 3175 398 3244 ὅτι
429 3177 511 3262 περὶ
542 3180 600 3244 τοῦ
634 3177 869 3263 πλαγχθέντας
899 3174 1172 3261 διελαμβάνομιν,

35 3277 99 3345 hoo
127 3290 187 3346 est
212 3279 266 3344 'nd
290 3280 318 3344 Ι.
339 3279 392 3344 59.
422 3277 479 3344 ubi
506 3278 541 3343 in
568 3276 679 3346 Schol.
701 3280 746 3344 A.
773 3278 838 3344 hoc
864 3278 965 3344 modo
994 3278 1092 3345 nobis
1119 3300 1172 3344 re-

30 3378 257 3450 lictum⁸est=
288 3377 348 3447 obs
369 3379 407 3448 ἐκ
429 3379 579 3469 ῥήματος
600 3376 621 3469 ἡ
644 3379 803 3457 σύνθεσις
824 3383 883 3467 τῆς
903 3383 1044 3468 μετοχῆς
1067 3379 1175 3446 idest
1199 3370 1201 3375 ¹

30 3483 267 3570 participium
287 3481 369 3547 illud
388 3503 456 3548 non
477 3503 498 3547 a
518 3478 749 3566 παλιμπλάζω
771 3480 831 3546 sed
853 3501 894 3545 ex
916 3493 1082 3548 senatum
1100 3504 1175 3548 esse

28 3596 65 3650 ut
89 3581 367 3672 παλινορμένω,
396 3605 437 3650 ex
460 3605 526 3669 quo
547 3582 629 3648 illud
648 3605 717 3662 non
738 3582 898 3668 consequi
917 3594 955 3649 ut
974 3581 1079 3652 πάλιν
1100 3607 1175 3651 cum

27 3686 208 3754 infinitivo
231 3688 443 3772 τρωπᾶσθαι
464 3685 575 3750 sliisve
596 3685 703 3750 modis
727 3685 883 3773 conjungi
898 3685 1014 3773 possit.
1056 3687 1174 3774 Itaque

26 3792 133 3856 etiam
158 3786 257 3856 EM.
280 3786 357 3864 648,
379 3787 431 3852 32.
461 3787 634 3875 participis
656 3788 728 3854 sols
752 3799 984 3855 commemoret
1009 3787 1176 3877 παλινορ·

23 3895 133 3977 μένω,
161 3887 540 3975 παλιμπλαγχθέντας,
564 3884 774 3979 ιύρυκρείων,
797 3891 888 3976 quod
909 3891 943 3955 in
966 3890 1006 3958 O.
1025 3891 1072 3956 H.
1094 3895 1120 3977 ξ.
1141 3893 1174 3959 3.

99 4147 155 4218 15)
184 4145 230 4201 In
255 4141 390 4216 proximis
414 4137 523 4198 τοιάνδε
548 4140 717 4217 σταλσυργὸς
739 4139 783 4200 ὅδ’
807 4144 911 4220 ἔνρυφε
933 4143 1049 4200 Βιττίδα
1071 4141 1174 4217 τύμβος

20 4238 129 4307 τιμελ.
145 4272 181 4290 ..
209 4225 357 4302 άχραντον
380 4231 538 4301 νυμφιδλαν
554 4225 659 4303 ἄλοχον
683 4231 864 4287 scribendum
886 4230 1000 4288 videtur
1023 4233 1174 4308 σταλοῦχας

19 4330 50 4384 et
71 4315 204 4396 Τιμόλοι
226 4315 321 4373 idest
342 4310 492 4392 Τιμολάου.
