2825 4809
410 340 622 407 Parnon.
644 340 844 409 naemu
1164 348 1187 435 a

77 523 216 589 cirinen
245 522 411 593 dissimilis
443 535 492 591 est
519 524 720 589 schematum
741 524 858 590 divisio
881 519 955 592 κατ’
980 522 1135 597 ἐπίτασιν
1155 538 1188 594 et

77 622 145 699 νοΐ
170 622 304 691 ἔκλυσιν
331 626 458 693 Herod.
485 627 526 691 de
554 626 629 712 Fig.
659 651 692 713 p.
714 626 789 691 590.
818 626 860 693 Τ.
882 626 979 695 vlu.
1005 627 1056 695 ed.
1077 628 1186 702 Wala.

72 725 267 809 adjectione
290 737 441 793 constant
459 727 650 813 prosthesis,
670 727 884 813 anadiplosis,
905 727 1032 806 ectasis,
1053 739 1185 815 epacta«

72 827 121 903 sis,
145 826 317 905 diaeresis,
340 829 561 914 parenthesis,
585 830 831 916 diplasiasmue,
854 829 1086 916 peremptoris,
1107 853 1186 917 pro·
1217 821 1221 831 ¹

71 928 316 995 schematismus
329 930 370 1015 ⁴).
413 910 609 997 Defectiime
627 954 704 997 vero
724 929 922 1017 aphaeresis,
942 931 1034 1009 arsis,
1053 932 1187 1019 systole,

72 1052 224 1117 syncope,
248 1033 441 1116 synaeresis,
464 1033 597 1119 ellipsis,
617 1032 802 1119 paralipsis,
825 1031 1003 1118 ecthlipsis,
1023 1055 1186 1121 apocope,

71 1154 149 1215 quae
164 1132 321 1217 singulae
336 1134 473 1220 singulis
487 1136 689 1221 respondent
701 1133 924 1220 pleonasticis.
945 1135 1059 1219 Atque
1071 1136 1187 1203 harum

70 1233 283 1319 ellipticarum
301 1236 508 1301 affectionum
520 1234 773 1302 Choeroboscus
785 1236 894 1322 apim.
905 1236 940 1304 in
951 1237 1075 1305 Psalm.
1086 1261 1121 1324 p.
1131 1240 1185 1305 31.

69 1333 145 1399 Can.
166 1360 201 1423 p.
216 1336 270 1401 84.
292 1349 324 1401 et
341 1338 552 1424 Herodianus
574 1339 616 1403 de
628 1338 739 1405 Genit.
752 1359 869 1424 parag·
889 1337 1064 1410 manera
1076 1337 1186 1407 cam

69 1436 102 1500 Τ.
118 1438 185 1502 ΙΠ.
210 1438 289 1503 230.
312 1448 377 1503 tres
400 1449 555 1525 tanquam
576 1439 748 1526 primarias
770 1440 958 1525 exsignant,
980 1440 1185 1525 aphaeresin,

67 1562 251 1625 syncopen,
278 1563 468 1627 apocopen,
492 1542 690 1626 easdemque
716 1542 885 1607 consociat
911 1540 1048 1628 Trypho
1076 1566 1110 1629 p.
1131 1544 1184 1609 51.

67 1638 217 1725 ἔλλειψίς
238 1639 311 1709 ἐστι
328 1644 416 1721 λέξις
434 1640 474 1711 οὐ
493 1640 577 1713 aceri
595 1643 632 1711 νό
653 1645 782 1730 πλῆρες
804 1642 1046 1730 ἐξινονεγμένη·
1061 1638 1185 1730 γίνεται

67 1742 97 1807 δι’
124 1736 201 1807 και)
237 1737 356 1831 ἀρχήν,
390 1742 474 1811 κατὰ
499 1744 619 1823 μέσον,
652 1744 737 1811 κατὰ
763 1742 872 1821 τέλος,
906 1734 980 1810 οἷον
1004 1741 1186 1831 ἀφαίρεσις

67 1838 219 1928 (εἴβων),
244 1842 397 1929 συγκοπή
420 1841 619 1928 (μώνυχες),
642 1840 802 1927 ἀποκοπή
826 1842 922 1927 (δῶ).
967 1843 1072 1928 Cujus
1093 1866 1183 1912 oom-

68 1943 246 2027 parationis
269 1945 352 2009 haec
374 1968 474 2009 causa
494 1945 623 2009 videtur
640 1944 731 2028 quod
749 1942 852 2009 tribus
868 1942 932 2009 illis
949 1944 1072 2011 tollitur
1091 1945 1186 2014 litera

16 2074 21 2097 ι
70 2044 232 2127 syllabica,
261 2057 390 2112 ceterae
411 2069 488 2111 vero
510 2046 700 2113 mutationis
723 2045 863 2111 afferunt
884 2044 1007 2123 minus3
1035 2069 1113 2114 nam
1137 2048 1184 2114 el·

63 2146 149 2231 lipsis
168 2170 261 2233 quae
285 2148 418 2234 proprie
439 2148 486 2211 ita
504 2147 621 2211 dicitur
634 2146 791 2233 (ἑίαρος)
813 2144 988 2233 paralipsis
1000 2141 1184 2235 (Ἀχιλεύς)

61 2250 179 2331 systole
195 2248 335 2334 (ξερός)
357 2248 523 2335 ecthlipsis
538 2248 784 2335 (σνηπτοῖχος)
800 2246 999 2333 syllabarum
1014 2270 1184 2315 numerum

61 2372 122 2415 non
136 2350 359 2425 imminuunt3
383 2350 565 2434 synaeresis
581 2350 727 2435 (Πηλεῖ)
744 2348 874 2414 vocales
896 2361 1002 2431 servat
1019 2350 1183 2438 integram

60 2453 157 2516 orasis
179 2451 348 2537 (ἔνθους)
369 2473 437 2516 non
464 2448 620 2538 opprimit
647 2450 708 2515 sed
731 2450 847 2515 miscet
873 2461 908 2515 et
934 2450 1077 2517 involvit.
1125 2454 1185 2520 Ad

60 2554 255 2637 qualitatem
281 2562 432 2638 spectant
456 2553 540 2617 duae
566 2552 781 2637 inconjugae,
810 2552 997 2622 metathesis
1016 2552 1183 2621 literarum

59 2666 86 2718 et
106 2666 228 2740 trope,
256 2676 356 2737 quam
379 2653 435 2717 alii
455 2654 648 2739 metalepsin
670 2652 739 2717 sive
760 2652 946 2719 metabolen
965 2666 1102 2735 vocant,
1127 2656 1183 2728 alii

59 2756 256 2833 antithesin,
287 2754 351 2819 hoc
375 2766 425 2820 est
448 2754 655 2821 commutatio
680 2754 913 2819 elementorum
937 2778 994 2833 ea,
1023 2778 1090 2840 qua
1109 2780 1182 2825 mo·

58 2869 164 2923 menta
193 2868 386 2941 temporum
412 2857 479 2923 sive
505 2857 667 2943 quantitas
694 2878 763 2922 non
783 2867 925 2920 mutatur
950 2856 1040 2921 velut
1057 2856 1183 2941 μυελοῖς

55 2959 200 3038 uvolae,
233 2960 346 3045 νίτρον
373 2957 493 3043 λίτρον.
537 2962 660 3027 Verum
687 2959 716 3023 si
743 2959 844 3044 longa
863 2958 986 3024 vocalis
1008 2982 1068 3045 pro
1092 2957 1183 3027 brevi

56 3062 191 3147 ponitur
210 3069 272 3123 aut
291 3070 413 3137 contra,
429 3060 485 3125 illa
503 3061 637 3147 proprio
657 3060 789 3127 nomine
808 3060 1006 3147 appellanda
1024 3071 1075 3127 est
1093 3071 1181 3129 octa·

55 3163 114 3241 sis,
138 3163 229 3227 haec
259 3162 392 3246 systole.
446 3161 514 3229 Sed
541 3162 597 3227 illo
622 3184 758 3227 numero
785 3160 950 3227 vicenario
977 3184 1045 3227 non
1072 3162 1183 3228 omnia

56 3264 282 3341 continentur,
302 3286 387 3347 quae
406 3262 698 3330 Grammaticorum
717 3263 819 3348 aliqui
839 3264 1031 3350 passionum
1047 3265 1181 3331 nomine

55 3364 355 3453 comprehendunt.
388 3363 526 3449 Trypho
545 3365 631 3431 enim
649 3364 832 3431 subditivus
849 3376 882 3428 et
890 3364 1051 3450 Polybius
1067 3365 1180 3452 para

55 3468 93 3533 T.
105 3468 210 3535 VHI.
236 3464 365 3532 addunt
385 3470 513 3553 ιμῆσιν,
534 3489 599 3550 qua
616 3466 778 3533 voeabula
795 3464 895 3551 vulgo
917 3465 1064 3553 copulari
1085 3466 1182 3533 solita

57 3570 257 3635 divelluntur
282 3564 381 3643 πόλις
404 3559 488 3654 ἄκρη
510 3564 784 3657 promptuosa.
828 3568 871 3632 Id
882 3589 959 3634 vero
978 3591 1045 3634 non
1057 3568 1180 3652 justius

55 3672 117 3738 hnc
140 3673 385 3737 adnumeratur
412 3689 510 3751 quam
534 3672 660 3757 μητρὸς
685 3664 833 3757 ἀδελφός
860 3692 921 3757 pro
943 3669 1181 3759 μηνράδιλφος

57 3788 88 3839 et
113 3772 286 3841 contraria
315 3770 409 3837 tmesi
440 3770 674 3855 disjunctorum
702 3770 939 3859 conglutinatio
967 3767 1181 3859 ἂγριόχοιρος

57 3898 114 3959 pro
137 3872 261 3963 ἄγριος
283 3878 406 3957 χοῖρος.
454 3871 487 3935 N
489 3894 525 3938 ec
553 3872 632 3939 satis
658 3873 801 3959 cogitate
823 3870 1075 3942 Choerobescus
1097 3870 1178 3945 Can,

122 4122 151 4189 4)
172 4118 241 4173 Hoc
263 4134 317 4188 per
338 4133 463 4171 errorem
484 4114 585 4173 omisso
608 4117 637 4171 in
656 4116 748 4189 Epim.
768 4116 858 4173 Cram.
873 4116 897 4173 Ι.
917 4115 975 4171 131.
998 4121 1180 4171 numerantur

58 4200 124 4257 ὀκιώ
143 4206 207 4273 εἴδη
227 4205 421 4274 πλεονασμοῦ.
463 4201 636 4259 Sententiam
658 4205 908 4261 Grammaticorum
929 4220 1028 4272 parum
1049 4209 1179 4255 accurate

59 4290 178 4344 reddidit
190 4288 334 4367 Matthiae
349 4289 470 4342 Gramm.
485 4288 508 4355 ἕ.
523 4289 565 4341 33.
953 4369 970 4402 ἔ

929 4370 945 4431 1
