2825 4809
264 357 328 424 DE
348 354 625 425 PARuorAsr.
669 356 710 425 O.
732 358 780 424 11.
813 362 839 445 §.
860 359 893 425 4.
1052 366 1136 438 lut

69 552 130 619 neris
149 547 278 615 neutrius
303 544 367 611 huc
394 546 645 611 adnumerantur
670 539 832 612 δεπάεσσι
856 545 1059 631 πλεονασμῷ
1076 548 1136 611 τοῦ

68 644 180 721 [schol.
198 648 264 713 BL.
287 647 330 712 ad
351 648 391 712 Il.
412 647 440 712 I.
464 646 539 712 471.
562 644 683 713 θύεσσι
706 645 764 711 aci
778 647 980 731 πλεονασμῷ
996 646 1137 712 θυέεσσι

68 754 120 821 cod
137 753 222 818 Voss.
241 748 319 815 EM.
340 748 415 826 457,
427 748 479 815 27.
502 746 619 833 hisque
638 756 671 811 et
685 744 846 811 similibus
859 741 1027 831 τεράεσσι,
1050 746 1136 834 φαέ-

66 874 124 931 εσσι,
139 852 269 919 εεκέεσσι
286 850 452 915 Nicander
469 848 726 915 accommodavit
740 869 861 913 nomen
873 846 991 912 diversi
1008 846 1137 932 generis

66 952 183 1037 ῥαχὲεσσι
209 950 304 1037 alpha
332 961 482 1037 correpto
507 950 563 1016 Al.
597 950 668 1016 184.
697 948 762 1013 nisi
788 947 928 1035 ῥύγεσσι
955 946 1087 1033 scripsit
1105 968 1136 1013 v.

65 1051 157 1117 Techn.
181 1051 249 1117 291.
279 1061 313 1117 et
332 1052 405 1119 298.
436 1051 711 1138 Cynegeticorum
737 1050 878 1136 scriptor
901 1049 929 1114 Ι.
950 1050 1024 1115 482.
1047 1044 1136 1115 ἅλω-

63 1151 192 1219 σικέεσσι.
233 1152 274 1219 In
296 1154 442 1238 ejusdem
462 1153 620 1219 Nicandri
641 1152 696 1219 Fr.
708 1151 773 1217 IX.
797 1150 932 1236 (Athen.
944 1150 991 1213 11.
1013 1148 1065 1214 61.
1077 1150 1136 1233 Α.)

63 1276 103 1337 pro
125 1246 287 1321 ὑδάτεσσιν
315 1250 484 1322 ἀειναέεσσι
515 1263 648 1340 recepta
676 1263 726 1318 est
754 1252 852 1318 codd.
882 1250 1042 1337 scriptura
1064 1246 1137 1317 ἆει-

63 1350 172 1432 ναέεοσι,
204 1375 268 1437 qno
305 1355 333 1419 si
361 1355 415 1420 ille
443 1377 522 1421 usus
553 1365 619 1433 est,
655 1355 770 1419 maluit
796 1353 925 1440 epsilon
955 1352 1138 1436 interjicere

62 1476 130 1536 quun
144 1454 236 1539 alpha
249 1456 403 1539 adjectivi
419 1449 553 1543 ἄειναής
570 1456 769 1542 producere,
793 1455 884 1541 quod
903 1454 941 1518 fit
960 1453 995 1518 in
1016 1449 1139 1541 ἆλιαής

62 1564 83 1617 et
102 1554 280 1638 quibusdam
314 1556 482 1623 similibus.
541 1558 796 1643 Καεωροχὲεσσι
828 1559 994 1621 Homerus
1025 1576 1093 1619 non
1119 1574 1140 1618 a

60 1656 176 1741 καιῶροξ
193 1657 358 1724 derivasse
375 1659 505 1723 videtur
525 1657 586 1723 sed
610 1680 630 1721 a
645 1656 838 1744 κατωροχής
855 1656 1004 1742 quamvis
1023 1656 1138 1741 ignoto

60 1754 142 1832 nobis;
169 1758 212 1823 sio
232 1759 322 1825 idem
345 1756 596 1844 εύοερεφέεσσι,
623 1757 787 1823 Pindarus
806 1758 905 1842 Pytb.
927 1757 974 1821 11.
997 1756 1049 1820 62.
1077 1780 1138 1835 με·

59 1857 296 1940 χιλοκενθέεοσι,
325 1859 522 1925 Theocritus
542 1859 681 1926 XXVI.
703 1859 756 1923 30.
787 1854 971 1944 eioye'eoot,
999 1858 1139 1923 Nonnus

59 1956 113 2020 XL.
131 1958 196 2023 385.
219 1955 415 2049 εὗφαέεσσι,
440 1960 547 2046 Orph.
570 1960 654 2044 Arg.
676 1958 706 2022 5.
729 1958 1013 2042 πολυσπερέεσσι,
1035 1958 1138 2023 Anth.

59 2056 113 2121 VII.
138 2058 204 2125 363.
235 2059 428 2145 ε’χχενέεσσι.
482 2056 588 2127 Δύεσι
616 2057 779 2124 Aeolibns
810 2056 924 2123 tribuit
947 2058 1140 2123 Eustathius

59 2154 117 2235 892,
135 2160 180 2225 28.
260 2172 283 2193 ·’

119 2280 138 2359 §.
155 2278 184 2342 4.
230 2277 335 2360 Quod
355 2276 525 2341 Hesiodus
549 2272 687 2343 ἐθύνεον
711 2276 794 2339 dixit
817 2298 878 2363 pro
909 2272 1044 2353 ἴθυνον,
1073 2297 1141 2339 non

55 2373 230 2458 pleonasmus
264 2388 315 2444 est
346 2388 383 2442 ut
408 2376 518 2463 Epim.
550 2376 578 2441 I.
606 2375 657 2441 55.
678 2378 877 2463 >suspicatur
902 2374 962 2440 sed
995 2375 1142 2461 enallage

56 2474 264 2558 declinationis,
302 2480 394 2565 cujus
427 2477 578 2565 exempla
615 2500 655 2541 ex
690 2478 778 2542 omni
816 2498 936 2563 genere
970 2476 1142 2541 verborum

55 2575 221 2661 liquidorum
243 2580 441 2667 congregavi
462 2580 497 2643 in
518 2577 721 2643 Rbematico.
767 2577 958 2663 speciosius
987 2575 1042 2640 hio
1064 2598 1142 2663 pro-

55 2690 190 2759 ponuntur
205 2682 272 2748 duo
288 2681 388 2746 verba
398 2702 481 2767 pura
492 2678 646 2767 primitivi
665 2679 805 2763 generis,
824 2679 859 2743 in
877 2677 996 2763 quibus
1016 2677 1143 2763 epsilon

54 2770 406 2870 vocalinpraemissum
422 2802 494 2847 esse
507 2780 641 2845 dicitur:
663 2779 701 2845 τὸ
725 2775 912 2865 χρεώμενος
932 2776 1145 2862 πλεονασμὸν

55 2874 173 2958 ἔχειτοῦ
192 2873 320 2951 arcad
341 2883 398 2971 τὴν
420 2876 586 2965 ύρχουσαν
609 2874 732 2946 ὁποῖον
752 2878 811 2946 καὶ
832 2880 871 2946 τὸ
892 2877 1081 2966 μεμνέῳτο,
1104 2867 1144 2944 οὗ

54 2978 78 3043 a*
100 2976 228 3063 ἀπαθὲς
252 2982 329 3066 δίχα
349 2987 409 3050 τοῦ
423 2974 455 3051 ἶ
471 2982 564 3068 παρὰ
587 2984 634 3069 τῷ
652 2982 824 3065 Σοφοκλεῖ
842 2974 1056 3062 „cleopas
1077 3000 1145 3061 με·

53 3078 256 3166 ,Ηνύμεθαιί
285 3086 380 3152 Eust.
408 3084 509 3162 1332,
535 3082 585 3147 19.
635 3082 689 3148 De
714 3080 778 3145 hoo
805 3080 944 3166 amplius
968 3077 1078 3146 Schol.
1104 3077 1144 3141 ll.

51 3178 162 3251 XXIII.
192 3186 267 3251 361.
297 3186 467 3274 μεμνέῳτο
494 3182 553 3251 σύν
580 3186 626 3269 τῷ
652 3169 995 3270 {dilancinatas
1025 3180 1061 3245 ἐκ
1086 3179 1146 3243 τοῦ

51 3285 200 3360 tauriano
225 3281 408 3375 ἡγούμενος
429 3278 513 3351 εἶναι
536 3293 570 3347 et
592 3284 672 3348 EM.
695 3280 768 3359 578,
791 3280 843 3345 54.
865 3280 1070 3377 μεμνέῳτο,
1061 3300 1146 3362 προ-

51 3382 252 3471 παροξύνεται
283 3382 353 3453 ἀπὸ
380 3389 440 3453 τοῦ
461 3382 638 3469 μεμνέοιεο
663 3378 802 3468 αὐξήσει
828 3386 887 3449 τοῦ
910 3407 930 3448 ο
959 3376 1008 3457 εἷς
1035 3406 1062 3446 ιο
1079 3378 1146 3464 ¹⁸).

53 3480 184 3573 Ξενοφῶν
207 3487 246 3555 δὲ
267 3491 421 3573 μεμνῷεο
446 3480 525 3551 ἄνευ
547 3474 661 3565 coia,
696 3482 829 3571 Κράτης
850 3482 887 3551 δὲ
908 3483 1085 3566 μεμνοῖτο·
1108 3476 1146 3545 ari

51 3581 79 3647 δὲ
95 3578 251 3675 ἀνάλογον
282 3587 339 3653 tat
367 3574 736 3683 τοῦ-’ρ’προςκειμένοο
758 3571 872 3649 norff·
916 3582 1089 3669 Πίνδαρος
1112 3578 1149 3647 δὲ

51 3682 256 3775 ύωρικιύεερον
280 3687 338 3755 διὰ
360 3692 420 3774 τῆς
442 3712 478 3753 αι
503 3684 705 3772 μεμναίατο.
753 3681 956 3772 Χρειύμενος
985 3681 1149 3769 χρέωνται

52 3780 188 3869 ἐχρέωντο
200 3812 201 3819 “
212 3798 247 3854 et
267 3788 317 3853 his
340 3798 559 3855 consentanea
576 3788 737 3856 κεέωνεαε
753 3784 912 3852 ε’κεέιοντο
929 3784 985 3850 vix
1005 3801 1150 3868 unquam

52 3880 181 3969 leguntur
204 3892 296 3977 apud
315 3890 523 3956 Herodotum
539 3890 618 3975 quin
635 3888 766 3953 codices
783 3884 976 3972 χρεόμενος,
1001 3887 1150 3952 ντὲονεαι

52 4040 199 4057 “-

107 4127 146 4191 lb)
161 4125 210 4181 Sic
223 4128 441 4191 sustuleras.
454 4130 584 4196 κτείνῳμι
598 4122 658 4179 κατ’
676 4124 789 4178 ἔντεσσιν
805 4123 835 4177 lx
852 4124 900 4177 τοῦ
918 4124 1061 4185 κτείναιμι,
1080 4133 1151 4185 qno·

49 4212 222 4267 modoetiam
247 4207 316 4283 δῴη,
340 4209 430 4284 χνῴνχ,
454 4209 528 4282 ἁλῴη
549 4210 727 4282 explicantur
746 4210 812 4272 968,
831 4210 873 4260 63.
887 4214 925 4259 -et
943 4198 1151 4273 ὖνιοσιιιχύῳεε,

49 4298 115 4360 qnod
131 4297 197 4351 olim
216 4298 365 4369 legebatur
384 4316 436 4370 pro
456 4293 662 4367 ὑποσταχύοιτο.
676 4296 734 4360 08,
750 4294 893 4349 ΧΠ.,218.
