2825 4809
399 348 703 423 ,PRAEFATIQ
954 386 960 392 ·
985 289 988 303 Ι
1071 374 1135 427 vn
1255 430 1264 436 ,

70 562 168 630 quorum
191 542 339 601 structura
368 542 503 599 constat.
552 528 632 599 Hac
658 555 725 599 una
752 533 880 599 ratione
907 534 1055 621 speciem
1082 535 1134 603 in·

70 664 182 734 solertiae
211 652 365 745 effiagiunt
398 650 612 743 inventoque,
646 680 714 743 quo
743 658 923 745 pertinent,
957 657 1072 725 ordine
1102 671 1137 727 et

69 812 151 881 gauere
169 798 277 852 certam
302 794 412 849 notam
438 784 604 871 accipiunt
633 792 734 869 atque
760 784 870 849 locum
890 782 954 849 sibi
977 806 998 848 a
1017 795 1136 851 natura
1212 814 1218 831 ·

69 917 218 999 nigratum
243 920 435 997 recuperant
465 909 588 995 alioqui
609 930 731 995 vagae,
764 907 924 997 abruptae
945 920 980 975 et
997 909 1135 975 inaesti-

68 1042 167 1109 mabiles.
201 1038 315 1121 Neque
329 1036 399 1119 jam
414 1024 528 1101 vereor
544 1054 586 1099 nc
606 1033 680 1119 quis
693 1032 779 1097 hano
796 1054 930 1119 operum
946 1032 982 1099 in
997 1034 1135 1102 literrrlis

70 1148 228 1254 apicibusque
247 1162 388 1257 positam
411 1158 621 1245 micrologiae
643 1158 813 1241 cujusdam
834 1163 980 1236 incauet3
1001 1182 1077 1225 nam
1097 1171 1136 1227 nt

38 1332 39 1341 κ
72 1289 204 1377 physiologi
224 1310 243 1351 a
263 1286 361 1352 rebus
382 1282 720 1370 manifestisproieoti
740 1283 897 1370 deinceps
918 1285 1135 1353 minutissima

38 1489 39 1506 p
68 1412 385 1500 quaequemioroscopii
399 1434 462 1499 ope
486 1391 677 1497 scrupulose
699 1420 953 1496 perscrutantur,
975 1410 1022 1475 ita
1037 1432 1133 1497 grae-

68 1563 102 1604 cas
121 1528 519 1623 analogiae‘investigatio,
550 1535 638 1600 unde
665 1535 721 1601 illa
743 1535 784 1600 ab
805 1536 948 1621 antiquis
972 1535 1140 1626 celebrata

38 1668 40 1743 l
67 1662 229 1749 irpsssoloyr'o
258 1660 320 1729 ἐπὶ
347 1665 419 1737 τοῖς
448 1652 588 1743 ὀνόμασι
614 1658 753 1746 pendet,
791 1682 858 1745 quo
889 1660 1024 1725 ulterius
1053 1660 1132 1747 prd-

38 1744 40 1801 ἱ
66 1787 216 1872 pedaneo
239 1770 339 1848 altius
362 1784 405 1849 ad
425 1784 596 1849 interiores
615 1792 648 1848 et
660 1784 845 1851 reconditas
866 1796 975 1872 partes
995 1784 1132 1853 deseen-

38 1888 42 1995 i
68 1913 98 1974 lit
115 1912 264 1997 primorum
291 1909 523 1973 elementorum
553 1910 762 1996 speculatrix.
784 1946 826 1959 -
859 1910 952 1991 Quin
969 1878 1135 1996 ⁴aliquam·

68 2037 132 2099 nula
148 2034 362 2122 praeterierim
388 2033 430 2097 ad
455 2055 527 2097 rem
550 2034 733 2101 necessaria
754 2034 885 2099 minime
909 2004 1042 2115 dubito,
1074 2038 1135 2104 sed

66 2134 180 2225 excusabit
206 2160 322 2247 operis
349 2180 461 2223 omnes
491 2158 558 2223 lere
586 2159 696 2245 gruem
720 2161 879 2225 sermonis
905 2171 1014 2247 partes
1043 2182 1133 2228 com·

64 2286 118 2370 pleri
133 2288 256 2351 sanetas
283 2282 558 2370 inexsuperabilis
586 2294 620 2349 et
649 2286 741 2369 quod
770 2285 928 2371 opinione
952 2285 1048 2351 citius
1072 2286 1134 2353 ob·

61 2411 126 2496 repsit
148 2410 178 2478 ui
206 2414 271 2497 τῆς
299 2406 408 2495 λήθης
433 2413 546 2496 γῆρας.
589 2410 683 2473 Haeo
707 2419 740 2472 et
759 2410 861 2474 multa
880 2410 937 2475 illa
957 2433 1042 2496 quae
1066 2411 1134 2477 dis·

60 2532 133 2617 putavi
165 2533 300 2615 quidem
339 2531 399 2597 sed
433 2532 613 2597 diffidentia
647 2534 774 2599 consilii
806 2534 985 2620 injudicata
1016 2536 1135 2621 reliqui

59 2657 117 2719 rado
134 2668 161 2721 et
176 2658 303 2722 mando
324 2657 365 2721 iis
389 2658 444 2742 qui
466 2658 630 2739 hooprude
648 2642 681 2723 el
699 2658 845 2725 silvestre
863 2660 968 2725 solum
985 2662 1134 2728 excolere

58 2792 161 2865 pergent.
213 2783 297 2864 Quo
332 2782 420 2847 facto
450 2784 552 2848 sulcos
587 2786 706 2849 iterato
730 2787 854 2865 priores
883 2787 987 2851 orbito
1015 2787 1134 2853 deletu

59 2904 213 2990 linguarum
245 2928 387 2992 graecae
420 2916 452 2971 et
483 2907 602 2972 latinae
636 2906 782 2970 affinium
802 2916 835 2971 et
855 2917 943 2985 ortu,
973 2919 1010 2971 ut
1034 2910 1135 2992 ajunt,

57 3030 157 3111 priorum
184 3034 212 3097 si
227 3034 298 3102 ,vel
325 3032 464 3096 maxime
495 3033 642 3108 notitiam
670 3029 860 3096 habuissem
888 3042 1042 3117 quantam
1067 3033 1136 3097 vel·

54 3152 93 3219 len
108 3158 152 3223 hic
176 3168 289 3223 tamen
316 3154 474 3219 rationem
504 3154 668 3221 duxissem
690 3157 828 3233 nullam,
863 3179 930 3221 non
958 3179 1024 3242 quo
1053 3156 1136 3224 haec

57 3281 127 3345 studia
142 3264 359 3356 contemnam,¹
381 3290 419 3343 ut
438 3279 571 3364 quidam
592 3292 702 3375 narrat
719 3282 759 3366 ¹),
783 3279 843 3349 sed
861 3280 938 3366 quia
957 3304 1025 3347 non
1038 3282 1135 3369 Ogy-

56 3404 110 3485 giam
131 3405 274 3493 linguam
302 3413 440 3501 tractare
466 3404 591 3469 institui
613 3406 672 3471 sed
697 3407 872 3484 Graecam,
906 3388 991 3492 quae
1020 3430 1081 3494 per
1099 3430 1137 3475 se
1220 3424 1222 3428 ’

56 3525 101 3611 ipsa
124 3532 194 3595 satis
228 3551 396 3617 superque
427 3529 552 3613 negotii
583 3529 724 3595 facessit.
783 3532 862 3600 Jam
893 3530 975 3596 nihil
1006 3533 1136 3619 reperio

53 3748 352 3765 ¹—11—1---w---m—--a

75 3899 79 3903 '
99 3902 117 3967 l)
132 3902 174 3957 Sic
192 3901 263 3957 fecit
280 3900 445 3971 Rumpslius
464 3898 681 3963 Casuslehre
704 3919 733 3973 p.
754 3903 799 3958 69.
834 3899 974 3971 Equidem
996 3899 1138 3956 contraria

54 3988 114 4043 annia
133 3991 189 4046 dixi
209 3992 242 4045 in
260 3990 363 4044 Parall.
386 3990 443 4043 127.
465 3990 531 4043 adn.
562 3988 621 4043 Sed
638 3988 834 4045 Mezaofantiis
853 3988 913 4044 istis
931 3988 980 4061 qui
1001 3987 1136 4045 consultis

54 4069 118 4131 lexicis
135 4090 162 4137 et
183 4078 357 4153 compendiis
380 4078 555 4133 manualibus
578 4078 633 4133 sibi
654 4094 757 4149 masos
782 4076 854 4133 scire
874 4078 1006 4133 ridentur
1025 4085 1055 4133 et
1071 4076 1139 4147 jan.

53 4162 111 4221 nuris
125 4169 240 4226 habenis
255 4187 307 4241 per
325 4174 437 4224 eentum
457 4166 566 4237 linguas
584 4174 741 4238 vagantur,
761 4163 820 4221 non
838 4165 962 4244 invideo.
