2825 4809
229 358 277 441 50
310 385 322 401 ‘
593 346 914 430 DISSERTATIO
945 348 973 421 1.
1098 353 1102 359 ’

228 541 270 615 de
288 539 437 626 quinque
449 536 618 608 voeabulis
635 560 720 624 quae
735 538 936 629 Apollonius
953 560 1015 625 pro
1032 534 1205 624 ephseesi
1225 535 1334 615 attnlit·

228 643 369 733 primun
384 641 486 726 νέρθε
502 663 583 709 eane
600 641 784 709 dennuoati
799 642 944 729 speeiem
959 638 1075 716 habet3
1093 640 1175 723 χθές
1189 649 1227 705 et
1237 645 1334 718 κεῖνος

228 768 296 819 uon
319 744 427 815 meisa
448 764 522 809 esse
544 744 785 831 propemodum
806 766 868 831 pro
894 752 984 809 oetto
1004 739 1121 807 habeo.
1163 741 1219 807 De
1240 740 1333 810 tribus

228 845 402 936 postremis
428 866 536 931 neque
564 846 608 913 ad
629 846 874 913 assentiendum
899 866 1009 931 neque
1030 842 1075 911 od
1094 852 1207 909 eontra
1231 842 1333 909 dioen-

230 950 308 1018 dum
324 947 486 1015 rationum
496 946 583 1015 estis
603 948 760 1036 suppetit.
798 948 868 1016 Sed
878 947 950 1033 jam
965 945 1110 1033 reliquos
1125 953 1226 1011 testes
1242 945 1334 1011 inter-

228 1072 400 1138 eugenue.¹
478 1112 481 1117 .
519 1116 521 1118 ,
1164 1090 1168 1095 -

313 1174 339 1256 i.
362 1171 393 1239 2.
436 1168 629 1237 Eustathius
658 1192 692 1257 p.
709 1167 768 1246 82,
790 1167 842 1233 32.
864 1165 924 1235 adv
940 1160 1091 1248 Ἐξάδιον
1112 1164 1197 1243 τινὲς
1218 1158 1336 1235 Ξδδιον

228 1268 435 1360 γράφουσιν·
463 1266 550 1339 oliuo
582 1268 638 1337 καὶ
664 1274 727 1360 ιῆς
756 1268 791 1336 ἐν
818 1268 1018 1356 προθέσεως
1047 1265 1136 1335 ἔστιν
1167 1254 1207 1334 οὗ
1238 1260 1338 1352 ἄριοι·

229 1377 363 1462 ροῦνσσι
391 1370 428 1439 ιδ
455 1360 487 1451 ε’,
515 1372 650 1454 νέρθεν,
679 1370 847 1457 νέρτερος,
874 1368 1098 1454 σκορακίζιιν,
1121 1362 1338 1452 nicopolitas,

229 1469 507 1559 σκαρδαμύττειν,
537 1470 742 1558 προνώπιον.
786 1470 884 1541 Illud,
897 1470 987 1557 quod
1013 1470 1056 1535 de
1076 1468 1206 1535 Exodio
1228 1466 1341 1532 dieitur

228 1574 381 1660 Heynins
409 1573 452 1639 ad
478 1573 518 1639 Il.
542 1574 570 1639 I.
593 1573 666 1639 264.
694 1572 777 1637 falso
806 1572 854 1637 lta
879 1571 1024 1661 aooeplt‚
1052 1571 1088 1635 in
1116 1569 1180 1635 hoo
1207 1568 1341 1634 Homeri

228 1696 325 1741 versu
349 1674 523 1741 nonnullos
547 1670 674 1753 Ξάδιος
700 1674 888 1760 εσιίρεὶεεε;
916 1697 992 1739 nam
1014 1673 1099 1739 olere
1122 1670 1231 1738 Sohol.
1254 1670 1343 1757 prior

114 1845 117 1849 .
179 1832 181 1837 .
224 1771 375 1857 Ἐξδδιος
404 1775 500 1862 παρὰ
528 1781 599 1853 τοῖς
626 1775 801 1860 νεωτέροις
827 1775 883 1841 καὶ
902 1774 1004 1864 χωρὶς
1022 1761 1131 1841 σοιἰἷ.
1178 1773 1220 1838 Id
1245 1771 1342 1837 hodie

229 1898 296 1943 non
316 1875 445 1962 legitur,
467 1878 614 1945 Exadius
635 1896 712 1941 vero
734 1875 876 1962 saepius,
898 1876 957 1941 sed
976 1874 1040 1940 hoo
1061 1896 1079 1939 e
1100 1873 1343 1961 praepositione

230 1978 269 2047 δι
291 1987 324 2044 et
343 1977 443 2044 verbo
466 1976 559 2057 διέιν,
585 1987 622 2043 ut
642 1976 677 2041 in
697 1976 778 2043 EM.
802 1976 936 2055 dieitur,
960 1975 1177 2063 compositum
1202 1996 1272 2040 esse
1297 1974 1347 2039 sio

121 2104 125 2113 ·
229 2089 266 2145 at
290 2078 492 2165 significetur
513 2074 531 2145 ὁ
556 2077 671 2165 ἐξοχὴν
693 2072 775 2159 ἔχων
799 2078 834 2146 δν
857 2082 906 2167 τῷ
928 2073 1075 2152 διώκειν,
1104 2077 1210 2163 primo
1231 2076 1347 2141 auditu

230 2180 408 2246 absurdum
431 2190 490 2246 eet
532 2178 602 2245 Alii
623 2188 659 2242 ut
680 2177 722 2243 ab
744 2174 838 2257 εἰκάς
854 2175 1014 2257 Εἷκάδιος
1034 2177 1082 2245 εἰσ
1099 2178 1142 2247 ab
1160 2174 1236 2258 ἑξάς
1250 2173 1348 2257 ‘Ego'-

231 2284 304 2361 διος
330 2281 511 2348 derivatum
533 2304 606 2349 esse
628 2289 813 2347 statuerumt
835 2281 930 2347 Euat.
953 2280 1025 2357 101,
1046 2280 1099 2345 20.
1122 2280 1212 2365 quod
1233 2288 1350 2345 eontra

230 2392 381 2449 monetur
407 2384 535 2472 epsilon
562 2383 742 2470 aspiratum
768 2403 936 2467 nunquam
965 2382 1069 2448 omitti
1096 2404 1126 2447 v.
1148 2379 1248 2447 Ptoll.
1269 2380 1349 2446 352.

229 2485 301 2551 Nos
324 2486 365 2553 δι
387 2484 451 2552 hoo
466 2484 631 2573 Lapithae
652 2484 786 2551 nomine
805 2483 956 2551 fabuloso
976 2506 1044 2548 non
1063 2483 1222 2550 curiosius
1242 2504 1352 2568 quae·

104 2592 117 2601 ‘
229 2588 356 2666 iamne,
385 2588 554 2674 quamde
585 2586 658 2652 aliis
687 2586 821 2675 proprie
849 2585 1023 2675 appelletis
1051 2594 1088 2651 ut
1107 2583 1220 2664 Βοσός
1246 2583 1356 2663 ἔθνος

230 2689 361 2773 λέγεται
380 2688 436 2755 καὶ
450 2682 587 2771 Ἔβσσός
603 2687 720 2775 Steph.
736 2700 770 2753 et
785 2686 902 2755 fluvius
921 2686 1095 2771 Χείδωρος
1110 2695 1143 2751 et
1156 2680 1355 2770 Ἐχέδωρος,

230 2789 402 2874 insulaque
421 2790 552 2868 Βοῦσος
568 2798 607 2853 et
618 2782 779 2873 ’Έβοιισος
800 2790 892 2875 quod
911 2787 1076 2875 improbet
1091 2785 1285 2872 Bernhardy
1306 2786 1361 2849 ad

229 2890 332 2959 Dion.
355 2913 388 2979 p.
412 2889 485 2955 641.
511 2899 544 2955 et
569 2890 735 2976 quomodo
761 2890 844 2956 illud
866 2891 1038 2957 lonnatum
1060 2888 1103 2953 sit
1129 2887 1255 2954 neseire
1284 2885 1360 2953 hoo

229 2991 336 3057 minus
362 2990 467 3079 pudet
492 2992 584 3077 quod
611 3014 653 3057 ne
675 2992 765 3058 attici
786 2992 919 3077 quidem
948 2990 1034 3062 demi
1057 2988 1192 3077 Ξοπέση
1215 2998 1362 3075 etymon

231 3092 388 3181 expedire
410 3092 564 3178 cuiquam
585 3094 731 3181 contigit.
779 3092 1009 3161 Peroelebreta
1034 3110 1113 3157 vero
1144 3101 1195 3157 eet
1223 3090 1363 3177 aphae-

229 3194 312 3260 resis
333 3194 424 3260 uerbi
444 3196 575 3262 vemills
597 3192 817 3283 σκορακίζειν,
841 3195 931 3280 quod
953 3202 1152 3262 connectam
1172 3212 1244 3259 esse
1265 3212 1363 3257 eon-

232 3304 297 3363 stat
316 3294 353 3365 tn
371 3292 431 3363 δύο
449 3298 570 3377 λέξεων
587 3297 821 3381 διεζευγμένων
840 3296 875 3374 ἐς
889 3293 1038 3382 κόρακος
1051 3295 1131 3363 ΕΜ.
1148 3306 1185 3358 ut
1203 3293 1240 3361 σὸ
1262 3288 1361 3358 αὐτὸ

192 3449 196 3457 ,
230 3392 392 3483 ιοδεὸιης
414 3406 447 3463 et
467 3396 530 3463 alia
551 3398 691 3484 quaein
714 3418 808 3465 suum
829 3396 938 3466 locum
959 3395 1081 3463 differri
1104 3395 1234 3462 debent.
1280 3393 1368 3460 Sed

231 3494 444 3580 σιερβόλλιιν
479 3509 512 3565 et
543 3495 830 3587 οκαρδοιμύσσειν,
866 3509 1032 3583 uteunque
1063 3508 1097 3564 et
1129 3497 1369 3581 undecunque

229 3596 369 3669 formata
390 3608 481 3679 sunt,
510 3612 597 3668 oerte
620 3599 899 3690 praepositionem
920 3601 956 3679 δς
980 3600 1071 3666 nnllo
1092 3600 1198 3686 gradu
1218 3598 1371 3667 eontin-

230 3708 323 3787 μοι.
358 3698 426 3770 Pto
445 3700 641 3787 προνώπιον
652 3702 845 3793 Eustathius
862 3702 982 3770 sentius
998 3702 1188 3791 protulisset
1205 3701 1241 3766 id
1255 3702 1373 3786 quod

230 3798 306 3865 huic
328 3801 492 3867 antecedit
513 3801 711 3893 προνωπής,
732 3827 919 3891 quanquam
936 3805 972 3871 id
989 3802 1204 3891 qnoquaalio
1221 3802 1375 3868 traduci

231 3924 332 3994 posse
354 3901 480 3973 dicetur
500 3904 535 3975 in
556 3905 722 3995 Synoope.
765 3908 884 3994 Itaque
904 3931 946 3977 ex
966 3904 1198 3977 illoEustathii
1218 3911 1379 3974 caterva

232 4132 293 4201 δῶν
311 4141 487 4219 ἐρυσίπτολιν
506 4143 536 4205 id
553 4152 596 4200 est
612 4146 797 4220 περσέπτολιν
814 4152 846 4200 ut
863 4143 912 4203 ille
930 4144 959 4199 in
975 4144 1013 4203 H.
1031 4143 1061 4204 in
1073 4143 1142 4199 Lav.
1155 4127 1197 4199 li.¹
1214 4148 1381 4215 vocatur;

231 4230 448 4303 Neoptolemum
466 4250 533 4289 vero
552 4230 725 4288 Heliodorus
744 4231 774 4287 in
790 4230 900 4315 ‘cantico
918 4230 970 4291 111.
988 4234 1015 4291 2.
1035 4231 1161 4287 celebrat
1178 4230 1383 4304 περσέπολιν

237 4311 350 4396 Τρώων,
368 4320 514 4401 dualitates
531 4320 659 4381 Δαναῶν.
