2825 4809
111 328 165 394 aa
181 323 299 390 rsus
318 319 558 390 arnoorm
581 321 1049 439 aerumnosum.
1076 331 1153 405 sao

73 512 117 601 τὴν
137 507 169 576 de*
197 503 353 591 Φόρζιριν
377 503 577 594 Παρύσατιν
591 509 623 593 ⁹)
652 508 693 573 ei.
720 507 805 574 ΧΠ.
826 507 900 575 549.
951 511 1021 579 Sed
1046 513 1151 580 Grac-

72 629 307 694 eorumquoque
336 606 505 673 hominum
531 608 745 695 locorumque
772 611 935 676 vocabula
962 613 1153 681 mirabiliter

71 713 245 799 interpolata,
281 720 449 797 correpta,
485 709 680 796 amplificata
713 734 786 777 osse
817 712 852 777 in
884 713 986 779 Proll.
1020 739 1053 802 p.
1078 717 1150 782 147.

70 815 123 881 282.
136 813 200 878 504.
219 809 434 876 demonstravi
454 810 612 898 exemplis
635 811 794 898 plurimis,
814 836 899 899 quae
917 815 1027 880 omnia
1048 839 1068 880 a
1089 838 1150 903 pa·

69 914 202 1000 tholegiae
224 913 342 978 finibus
370 923 495 978 remota
519 911 638 978 habeo.
685 915 738 979 Ea
764 917 900 1002 propria
925 916 987 981 fuit
1012 919 1150 983 materia

68 1018 190 1083 librorum
212 1013 383 1079 Nicanoris
410 1023 443 1078 et
467 1014 605 1080 aliomm
630 1015 687 1100 qni
713 1014 975 1100 Μετανομασίαι
1000 1017 1151 1106 inscripti

68 1118 177 1198 sunt¹⁰l
203 1116 418 1202 similiumque
446 1116 526 1200 περὶ
550 1121 690 1203 φθορᾶς
717 1115 786 1180 sive
807 1117 1071 1204 παρεφθορυίας
1093 1118 1150 1188 λέ·

68 1223 125 1302 ξαις
143 1231 212 1284 eto.-

124 1321 215 1386 Alind
231 1320 282 1386 his
300 1318 452 1385 omnibus
468 1317 632 1384 diversum
646 1335 752 1401 genus
766 1339 943 1404 syncopae,
963 1342 1031 1405 quo
1049 1344 1147 1389 voces

66 1433 199 1511 separatae
219 1422 490 1509 compingimur,
511 1417 660 1484 nonnulli
683 1417 912 1484 sibi‘invenire
933 1421 994 1486 visi
1015 1425 1148 1488 suntin

66 1526 188 1614 particula
214 1523 420 1590 adhortative
447 1522 543 1588 όιῦτε
572 1518 667 1606 quasi
696 1541 738 1584 ex
767 1515 859 1605 δεῦρ’
889 1517 941 1587 ἴτε
969 1534 1145 1604 contracta,

66 1629 104 1692 sed
125 1627 258 1713 potiores
295 1634 446 1690 auctores
476 1621 686 1708 imperativus
723 1613 784 1706 όόχε
812 1632 846 1686 et
880 1617 978 1708 ι’όγετε
1012 1621 1146 1715 ἀχρεῖτε

66 1751 162 1792 oausam
181 1727 280 1792 irrisae
304 1726 425 1792 docent
446 1745 504 1790 our
523 1724 620 1788 etiam
643 1721 834 1788 adverbium
860 1726 973 1810 όεῦρο,
1002 1727 1030 1792 si
1056 1729 1146 1794 idem

64 1828 244 1915 compluribus
266 1827 498 1913 imperaretur,
522 1824 565 1889 ad
586 1824 832 1890 similitudinem
848 1827 975 1891 numeri
993 1830 1146 1914 pluratiri

63 1932 206 1996 reductum
229 1930 272 1996 sit
292 1953 323 1994 v.
344 1929 458 2016 Apoll.
479 1926 567 1992 Adv.
589 1925 663 1992 553.
685 1926 803 1992 Lehrs.
827 1926 870 1990 ad
887 1929 1014 1993 Herod
1035 1953 1069 2016 p.
1092 1929 1144 1997 92.
1186 1930 1197 1959 ²

62 2031 124 2097 Ado.
142 2033 180 2096 ad
198 2034 321 2098 Buttm.
343 2029 417 2096 344.
443 2039 476 2094 et
496 2027 570 2092 297.
598 2026 659 2092 sub
687 2023 749 2092 Τά.
767 2065 810 2076 -
832 2024 928 2095 'Fore
949 2054 1027 2097 num
1049 2055 1092 2098 ex
1110 2033 1147 2112 ἐς

63 2127 354 2220 incompositum
383 2131 440 2209 sit,
470 2152 571 2216 supra
594 2128 843 2216 disputavimus.
887 2133 967 2198 Jam
987 2136 1144 2200 enarratis

62 2233 174 2300 omnbus
199 2233 375 2321 generibus
410 2241 551 2319 apparet
578 2253 745 2317 syncopae
773 2233 871 2297 trium
897 2232 1063 2301 literarum
1084 2258 1144 2302 ex-

61 2335 176 2420 emplum,
188 2337 246 2402 'oui
261 2336 364 2423 plane·
378 2333 543 2400 oonfidare
559 2332 735 2419 possimus,
753 2333 879 2399 nullum
895 2333 1003 2400 afferri
1014 2349 1146 2423 praeter

59 2434 202 2520 ιὲιραχμον
219 2439 263 2502 ει
295 2437 386 2523 qnod
414 2429 464 2500 illi
488 2435 554 2500 fide
583 2435 770 2522 proximum
790 2436 851 2500 sed
871 2459 892 2500 a
914 2437 1144 2506 Grammaticis

59 2538 228 2617 praeteritum
239 2550 292 2604 est
303 2534 497 2625 κράταιγος·
518 2547 659 2622 quatuor
674 2544 784 2601 autem
798 2535 963 2601 literarum
979 2539 1143 2605 delectum

58 2658 85 2698 re
101 2660 154 2702 uno
177 2641 310 2725 quidem
329 2637 490 2704 vocabulo
513 2637 728 2703 demonstrari
753 2659 864 2723 posse.
908 2639 985 2705 Hoc
1007 2641 1144 2727 negotio

59 2745 183 2806 tansaeto
205 2741 391 2827 quaestioni
413 2739 604 2827 propositae
628 2739 706 2803 satis
733 2738 857 2804 laetum
888 2741 992 2806 videri
1014 2753 1144 2830 poterat

58 2837 99 2900 nisi
115 2843 390 2926 paululum'ourae
415 2853 569 2929 posceret
589 2849 744 2906 accentus
767 2852 801 2906 et
823 2844 967 2929 spiritus.

115 2945 136 3025 ι.
154 2945 183 3008 3.
223 2945 411 3009 Literarum
442 2943 700 3008 imminutionem
734 2943 927 3031 plerumque
958 2945 1043 3009 hanc
1075 2946 1141 3010 vim

57 3037 145 3108 hebere
163 3055 197 3108 ut
220 3056 372 3111 accentus
396 3069 416 3109 a
437 3046 611 3132 postremis
628 3044 865 3111 vocabulorum
893 3044 1045 3130 syllabis,
1074 3046 1140 3111 nisi

57 3142 111 3224 quid
132 3145 241 3226 obstet,
263 3147 307 3212 ad
323 3148 485 3233 principia
502 3147 693 3224 revolvatur,
716 3159 843 3212 veteres
859 3170 927 3212 non
943 3147 1142 3232 generaliter

57 3244 156 3325 quidem
179 3251 312 3314 edicunt
341 3248 524 3335 sedsaepe
547 3271 607 3336 per
629 3248 837 3315 occasionem
858 3272 921 3315 nos
948 3249 1141 3315 admonent:

56 3369 83 3408 ια
75 3344 143 3414 tta
158 3355 213 3418 τοῦ
231 3377 274 3418 αα
289 3349 376 3416 κατὰ
392 3345 508 3428 πάθας
529 3347 688 3436 γενόμενα
713 3345 866 3430 όξύνεται
881 3348 1142 3437 (παροξύνεται)

57 3435 95 3524 lu,
99 3447 191 3542 χρόα
216 3455 296 3518 Aro.
328 3451 407 3528 100,
432 3452 482 3515 12.
511 3447 679 3539 ὃφλοιός
701 3445 869 3531 ὀξύνεται,
900 3447 1085 3535 ἀποβαλὼν
1106 3451 1144 3519 de

58 3544 113 3614 uio
137 3552 312 3639 βαρύνεται
343 3546 390 3630 ὦς
414 3552 453 3619 τὸ
483 3547 594 3634 χνόας,
625 3546 717 3636 ῥόος·
740 3551 829 3618 οὕτω
852 3553 890 3620 δὲ
909 3551 947 3619 ἐκ
969 3554 1029 3617 τοῦ
1046 3546 1145 3635 χραιό

57 3637 70 3726 ἦ
86 3645 151 3733 χρόα
171 3649 295 3737 γίνεται
319 3677 377 3720 και
368 3651 435 3720 ἐκ
456 3656 515 3720 τοῦ
538 3648 616 3739 ῥοιά
639 3651 703 3736 ῥόα
724 3677 783 3719 και
774 3652 841 3719 ἐκ
860 3656 922 3721 τοῦ
944 3645 1038 3740 όειρή
1064 3652 1142 3741 δέρη

58 3743 233 3832 010941
253 3755 374 3840 quibus
390 3755 468 3820 addi
482 3764 612 3842 poterat
633 3751 704 3835 ζειό
726 3753 799 3834 ζόα,
822 3749 909 3821 ποιά
929 3749 1015 3832 πόα,
1039 3771 1143 3836 quan-

59 3866 354 3890 Ἣ

95 3937 131 4005 9)
143 3940 225 3993 Χνιῖ“
185 3963 228 4008 aa
241 3947 328 3996 Φίοιν
315 3963 359 4010 rap
371 3959 468 3994 verum
487 3947 515 3994 et
527 3938 671 4010 proprium
691 3946 737 3992 est
749 3936 873 4008 regionis
887 3953 1004 4002 nomen,
1024 3933 1145 4017 Χαναόν

60 4015 132 4074 illata
122 4030 179 4077 um

109 4109 143 4176 )
157 4111 217 4166 Hoc
232 4111 344 4167 nomine
363 4109 543 4166 eontinentur
559 4116 588 4164 et
590 4108 643 4162 iam
658 4107 790 4180 dionyma
799 4101 979 4176 Yon-za„
963 4106 1021 4160 ds
1014 4127 1037 4166 ς
1043 4147 1050 4173 ,
1067 4103 1143 4178 Ἀρι-

59 4194 309 4267 “wala-nterea,
328 4190 716 4272 Τόριαμος-Θεόφραστας,
733 4188 1068 4267 Ἀρισταιέιης-Βότνος
1085 4200 1141 4249 etc.

59 4275 166 4350 ῖ-δῑθιιὶι.
184 4300 204 4336 s.
223 4279 316 4358 Πόρος
332 4291 361 4338 et
371 4281 458 4353 Ὕδιι,
478 4292 508 4338 et
524 4281 759 4354 polyonymos-um
777 4295 886 4350 genera
903 4277 990 4332 vario.
