<?xml version="1.0" encoding="UTF-8"?>
<!DOCTYPE html PUBLIC "-//W3C//DTD XHTML 1.0 Transitional//EN"
    "http://www.w3.org/TR/xhtml1/DTD/xhtml1-transitional.dtd">
<html xmlns="http://www.w3.org/1999/xhtml" xml:lang="en" lang="en">
 <head>
  <title>
</title>
<meta http-equiv="Content-Type" content="text/html;charset=utf-8" />
  <meta name='ocr-system' content='tesseract 3.04.00' />
  <meta name='ocr-capabilities' content='ocr_page ocr_carea ocr_par ocr_line ocrx_word'/>
</head>
<body>
  <div class='ocr_page' id='page_1' title='image "./pathologiaegrae01lobegoog/pathologiaegrae01lobegoog_0082.png"; bbox 0 0 2825 4809; ppageno 0'>
   <div class='ocr_carea' id='block_1_1' title="bbox 224 326 970 439">
    <p class='ocr_par' dir='ltr' id='par_1_1' title="bbox 224 326 970 439">
     <span class='ocr_line' id='line_1_1' title="bbox 224 326 970 439; baseline -0.005 -13"><span class='ocrx_word' id='word_1_1' title='bbox 224 359 275 439; x_wconf 67' lang='grc' dir='ltr'><strong><em>τι</em></strong></span> <span class='ocrx_word' id='word_1_2' title='bbox 590 326 913 425; x_wconf 75' lang='lat' dir='ltr'>nissnnmrro</span> <span class='ocrx_word' id='word_1_3' title='bbox 941 356 970 422; x_wconf 92' lang='lat'>1.</span> 
     </span>
    </p>
   </div>
   <div class='ocr_carea' id='block_1_2' title="bbox 151 535 1382 3489">
    <p class='ocr_par' dir='ltr' id='par_1_2' title="bbox 151 535 1382 3489">
     <span class='ocr_line' id='line_1_2' title="bbox 223 535 1354 629; baseline -0.005 -14"><span class='ocrx_word' id='word_1_4' title='bbox 223 570 281 615; x_wconf 85' lang='grc' dir='ltr'><strong><em>ται</em></strong></span> <span class='ocrx_word' id='word_1_5' title='bbox 311 540 343 612; x_wconf 76' lang='grc' dir='ltr'>τί</span> <span class='ocrx_word' id='word_1_6' title='bbox 368 542 431 628; x_wconf 73' lang='grc' dir='ltr'>μὲν</span> <span class='ocrx_word' id='word_1_7' title='bbox 452 540 606 629; x_wconf 98' lang='grc' dir='ltr'><strong><em>σημαίνει</em></strong></span> <span class='ocrx_word' id='word_1_8' title='bbox 627 541 666 609; x_wconf 87' lang='grc' dir='ltr'>τὸ</span> <span class='ocrx_word' id='word_1_9' title='bbox 687 539 874 627; x_wconf 77' lang='grc' dir='ltr'><strong><em>μερίζεται,</em></strong></span> <span class='ocrx_word' id='word_1_10' title='bbox 902 542 1028 628; x_wconf 79' lang='grc' dir='ltr'><strong><em>γίνεται</em></strong></span> <span class='ocrx_word' id='word_1_11' title='bbox 1047 535 1118 609; x_wconf 75' lang='grc' dir='ltr'>ἀπὸ</span> <span class='ocrx_word' id='word_1_12' title='bbox 1141 544 1204 608; x_wconf 81' lang='grc' dir='ltr'><strong><em>τοῦ</em></strong></span> <span class='ocrx_word' id='word_1_13' title='bbox 1222 540 1354 629; x_wconf 80' lang='grc' dir='ltr'><strong><em>μέρος·</em></strong></span> 
     </span>
     <span class='ocr_line' id='line_1_3' title="bbox 224 638 1358 733; baseline -0.006 -17"><span class='ocrx_word' id='word_1_14' title='bbox 224 644 256 717; x_wconf 80' lang='lat' dir='ltr'>ci</span> <span class='ocrx_word' id='word_1_15' title='bbox 279 645 317 714; x_wconf 77' lang='lat' dir='ltr'>di</span> <span class='ocrx_word' id='word_1_16' title='bbox 338 643 493 732; x_wconf 74' lang='grc' dir='ltr'><strong><em>σημαίνει</em></strong></span> <span class='ocrx_word' id='word_1_17' title='bbox 513 644 552 712; x_wconf 84' lang='grc' dir='ltr'>τὸ</span> <span class='ocrx_word' id='word_1_18' title='bbox 576 644 756 728; x_wconf 74' lang='grc' dir='ltr'><strong><em>ἐπιθυμεῖ,</em></strong></span> <span class='ocrx_word' id='word_1_19' title='bbox 777 638 847 711; x_wconf 70' lang='lat' dir='ltr'>tut</span> <span class='ocrx_word' id='word_1_20' title='bbox 869 647 932 711; x_wconf 75' lang='grc' dir='ltr'><strong><em>τοῦ</em></strong></span> <span class='ocrx_word' id='word_1_21' title='bbox 951 640 1070 733; x_wconf 75' lang='grc' dir='ltr'><strong><em>ἵμερος</em></strong></span> <span class='ocrx_word' id='word_1_22' title='bbox 1095 640 1263 731; x_wconf 74' lang='grc' dir='ltr'><strong><em>ἱμείρεται</em></strong></span> <span class='ocrx_word' id='word_1_23' title='bbox 1292 642 1358 709; x_wconf 78' lang='grc' dir='ltr'>καὶ</span> 
     </span>
     <span class='ocr_line' id='line_1_4' title="bbox 224 743 1357 836; baseline -0.007 -19"><span class='ocrx_word' id='word_1_24' title='bbox 224 743 299 817; x_wconf 78' lang='grc' dir='ltr'><strong><em>κατ’</em></strong></span> <span class='ocrx_word' id='word_1_25' title='bbox 329 743 510 836; x_wconf 75' lang='grc' dir='ltr'><strong><em>ἀφαίρεσιν</em></strong></span> <span class='ocrx_word' id='word_1_26' title='bbox 537 744 699 835; x_wconf 85' lang='grc' dir='ltr'><strong><em>μείρεται.</em></strong></span> <span class='ocrx_word' id='word_1_27' title='bbox 746 746 857 831; x_wconf 88' lang='lat' dir='ltr'>Hujus</span> <span class='ocrx_word' id='word_1_28' title='bbox 881 754 1047 811; x_wconf 77' lang='lat' dir='ltr'>auctorem</span> <span class='ocrx_word' id='word_1_29' title='bbox 1071 768 1173 809; x_wconf 92' lang='lat' dir='ltr'>unum</span> <span class='ocrx_word' id='word_1_30' title='bbox 1192 744 1357 810; x_wconf 88' lang='lat' dir='ltr'>novimus</span> 
     </span>
     <span class='ocr_line' id='line_1_5' title="bbox 223 844 1359 937; baseline -0.007 -18"><span class='ocrx_word' id='word_1_31' title='bbox 223 849 427 919; x_wconf 72' lang='lat' dir='ltr'><strong>Nicandrum</strong></span> <span class='ocrx_word' id='word_1_32' title='bbox 447 847 514 913; x_wconf 83' lang='lat' dir='ltr'>Th.</span> <span class='ocrx_word' id='word_1_33' title='bbox 536 849 611 914; x_wconf 87' lang='grc'>400.</span> <span class='ocrx_word' id='word_1_34' title='bbox 629 847 829 932; x_wconf 80' lang='grc' dir='ltr'><strong><em>βασιλίσκσυ</em></strong></span> <span class='ocrx_word' id='word_1_35' title='bbox 846 845 941 937; x_wconf 72' lang='grc' dir='ltr'><strong><em>ἰυγήν</em></strong></span> <span class='ocrx_word' id='word_1_36' title='bbox 958 844 1000 914; x_wconf 79' lang='grc' dir='ltr'>οἷν</span> <span class='ocrx_word' id='word_1_37' title='bbox 1016 846 1174 932; x_wconf 85' lang='grc' dir='ltr'><strong><em>μίμνουσι</em></strong></span> <span class='ocrx_word' id='word_1_38' title='bbox 1190 845 1359 913; x_wconf 81' lang='grc' dir='ltr'><strong><em>κνώδαλα</em></strong></span> 
     </span>
     <span class='ocr_line' id='line_1_6' title="bbox 226 944 1359 1038; baseline -0.004 -20"><span class='ocrx_word' id='word_1_39' title='bbox 226 946 278 1019; x_wconf 71' lang='grc' dir='ltr'>ὅτ’</span> <span class='ocrx_word' id='word_1_40' title='bbox 305 951 340 1029; x_wconf 76' lang='grc' dir='ltr'>ἐς</span> <span class='ocrx_word' id='word_1_41' title='bbox 360 949 464 1030; x_wconf 85' lang='grc' dir='ltr'><strong><em>νομὸν</em></strong></span> <span class='ocrx_word' id='word_1_42' title='bbox 484 946 525 1038; x_wconf 73' lang='grc' dir='ltr'>ἤι’</span> <span class='ocrx_word' id='word_1_43' title='bbox 548 950 604 1017; x_wconf 75' lang='grc' dir='ltr'>καί</span> <span class='ocrx_word' id='word_1_44' title='bbox 629 944 824 1037; x_wconf 75' lang='grc' dir='ltr'><strong><em>ἇρδηθμοῖσ</em></strong></span> <span class='ocrx_word' id='word_1_45' title='bbox 845 948 1027 1033; x_wconf 85' lang='grc' dir='ltr'><strong><em>μιίρονται,</em></strong></span> <span class='ocrx_word' id='word_1_46' title='bbox 1049 947 1141 1033; x_wconf 90' lang='lat' dir='ltr'>quod</span> <span class='ocrx_word' id='word_1_47' title='bbox 1162 971 1229 1013; x_wconf 90' lang='lat' dir='ltr'>non</span> <span class='ocrx_word' id='word_1_48' title='bbox 1245 948 1359 1013; x_wconf 82' lang='lat' dir='ltr'>-uliter</span> 
     </span>
     <span class='ocr_line' id='line_1_7' title="bbox 151 1043 1359 1139; baseline -0.002 -21"><span class='ocrx_word' id='word_1_49' title='bbox 151 1043 155 1062; x_wconf 71' lang='lat'><em>⁶</em></span> <span class='ocrx_word' id='word_1_50' title='bbox 226 1051 333 1139; x_wconf 67' lang='lat' dir='ltr'>accipi</span> <span class='ocrx_word' id='word_1_51' title='bbox 354 1060 465 1139; x_wconf 80' lang='lat' dir='ltr'>potest</span> <span class='ocrx_word' id='word_1_52' title='bbox 487 1073 586 1137; x_wconf 85' lang='lat' dir='ltr'>qusm</span> <span class='ocrx_word' id='word_1_53' title='bbox 606 1060 643 1116; x_wconf 90' lang='lat' dir='ltr'>ut</span> <span class='ocrx_word' id='word_1_54' title='bbox 665 1048 851 1134; x_wconf 63' lang='lat' dir='ltr'>Scholinsts</span> <span class='ocrx_word' id='word_1_55' title='bbox 872 1050 967 1128; x_wconf 92' lang='lat' dir='ltr'>dicit,</span> <span class='ocrx_word' id='word_1_56' title='bbox 988 1046 1229 1136; x_wconf 74' lang='lat' dir='ltr'>iusipovtur⁸).</span> <span class='ocrx_word' id='word_1_57' title='bbox 1250 1051 1359 1117; x_wconf 76' lang='lat' dir='ltr'>-Vo-</span> 
     </span>
     <span class='ocr_line' id='line_1_8' title="bbox 226 1152 1360 1239; baseline -0.004 -18"><span class='ocrx_word' id='word_1_58' title='bbox 226 1153 314 1221; x_wconf 76' lang='lat' dir='ltr'>celos</span> <span class='ocrx_word' id='word_1_59' title='bbox 337 1162 446 1217; x_wconf 84' lang='lat' dir='ltr'>sutem</span> <span class='ocrx_word' id='word_1_60' title='bbox 462 1152 581 1239; x_wconf 80' lang='lat' dir='ltr'>longas</span> <span class='ocrx_word' id='word_1_61' title='bbox 599 1152 702 1217; x_wconf 91' lang='lat' dir='ltr'>deteri</span> <span class='ocrx_word' id='word_1_62' title='bbox 721 1161 790 1218; x_wconf 78' lang='lat' dir='ltr'>tem</span> <span class='ocrx_word' id='word_1_63' title='bbox 804 1162 919 1218; x_wconf 84' lang='lat' dir='ltr'>contre</span> <span class='ocrx_word' id='word_1_64' title='bbox 933 1161 1084 1216; x_wconf 84' lang='lat' dir='ltr'>nstnrsm</span> <span class='ocrx_word' id='word_1_65' title='bbox 1099 1161 1159 1229; x_wconf 84' lang='lat' dir='ltr'>est,</span> <span class='ocrx_word' id='word_1_66' title='bbox 1180 1161 1218 1217; x_wconf 88' lang='lat' dir='ltr'>ut</span> <span class='ocrx_word' id='word_1_67' title='bbox 1237 1174 1360 1239; x_wconf 74' lang='lat' dir='ltr'>poene</span> 
     </span>
     <span class='ocr_line' id='line_1_9' title="bbox 226 1250 1362 1343; baseline -0.004 -21"><span class='ocrx_word' id='word_1_68' title='bbox 226 1255 357 1322; x_wconf 73' lang='lat' dir='ltr'>credam</span> <span class='ocrx_word' id='word_1_69' title='bbox 384 1254 582 1341; x_wconf 86' lang='lat' dir='ltr'>primitivum</span> <span class='ocrx_word' id='word_1_70' title='bbox 612 1254 716 1319; x_wconf 79' lang='lat' dir='ltr'>inisse</span> <span class='ocrx_word' id='word_1_71' title='bbox 744 1250 872 1341; x_wconf 80' lang='grc' dir='ltr'><strong><em>ἆμείριυ</em></strong></span> <span class='ocrx_word' id='word_1_72' title='bbox 901 1274 975 1320; x_wconf 80' lang='grc' dir='ltr'><strong><em>αισα</em></strong></span> <span class='ocrx_word' id='word_1_73' title='bbox 1001 1253 1054 1318; x_wconf 88' lang='lat' dir='ltr'>vel</span> <span class='ocrx_word' id='word_1_74' title='bbox 1082 1251 1221 1343; x_wconf 82' lang='grc' dir='ltr'><strong><em>ὀμείροι,</em></strong></span> <span class='ocrx_word' id='word_1_75' title='bbox 1256 1255 1362 1339; x_wconf 90' lang='lat' dir='ltr'>quod</span> 
     </span>
     <span class='ocr_line' id='line_1_10' title="bbox 227 1354 1360 1443; baseline -0.003 -20"><span class='ocrx_word' id='word_1_76' title='bbox 227 1358 329 1425; x_wconf 75' lang='lat' dir='ltr'>codd.</span> <span class='ocrx_word' id='word_1_77' title='bbox 354 1356 470 1443; x_wconf 90' lang='lat' dir='ltr'>optimi</span> <span class='ocrx_word' id='word_1_78' title='bbox 499 1357 542 1422; x_wconf 90' lang='lat' dir='ltr'>N.</span> <span class='ocrx_word' id='word_1_79' title='bbox 572 1356 613 1421; x_wconf 89' lang='grc' dir='ltr'>Τ.</span> <span class='ocrx_word' id='word_1_80' title='bbox 642 1355 812 1443; x_wconf 72' lang='lat' dir='ltr'><strong>praebent.</strong></span> <span class='ocrx_word' id='word_1_81' title='bbox 865 1356 1017 1421; x_wconf 81' lang='lat' dir='ltr'>Alterum</span> <span class='ocrx_word' id='word_1_82' title='bbox 1043 1355 1138 1421; x_wconf 81' lang='lat' dir='ltr'>affert</span> <span class='ocrx_word' id='word_1_83' title='bbox 1165 1354 1279 1423; x_wconf 90' lang='lat' dir='ltr'>Schol.</span> <span class='ocrx_word' id='word_1_84' title='bbox 1314 1357 1360 1432; x_wconf 90' lang='lat' dir='ltr'>Il.</span> 
     </span>
     <span class='ocr_line' id='line_1_11' title="bbox 225 1453 1363 1547; baseline -0.004 -20"><span class='ocrx_word' id='word_1_85' title='bbox 225 1459 273 1527; x_wconf 80' lang='lat' dir='ltr'>X.</span> <span class='ocrx_word' id='word_1_86' title='bbox 296 1458 370 1525; x_wconf 76' lang='lat'><strong>335.</strong></span> <span class='ocrx_word' id='word_1_87' title='bbox 394 1457 506 1547; x_wconf 81' lang='grc' dir='ltr'><strong><em>κτιδὲη</em></strong></span> <span class='ocrx_word' id='word_1_88' title='bbox 531 1453 602 1523; x_wconf 80' lang='grc' dir='ltr'><strong><em>κατ’</em></strong></span> <span class='ocrx_word' id='word_1_89' title='bbox 628 1454 826 1545; x_wconf 79' lang='grc' dir='ltr'><strong><em>ἀφαίρεσιν·</em></strong></span> <span class='ocrx_word' id='word_1_90' title='bbox 855 1455 940 1534; x_wconf 78' lang='grc' dir='ltr'><strong><em>ἷκτὶς</em></strong></span> <span class='ocrx_word' id='word_1_91' title='bbox 970 1453 1034 1544; x_wconf 78' lang='grc' dir='ltr'>γάρ</span> <span class='ocrx_word' id='word_1_92' title='bbox 1056 1456 1128 1523; x_wconf 74' lang='grc' dir='ltr'><strong><em>ἐστι</em></strong></span> <span class='ocrx_word' id='word_1_93' title='bbox 1149 1457 1187 1522; x_wconf 84' lang='grc' dir='ltr'>τὸ</span> <span class='ocrx_word' id='word_1_94' title='bbox 1210 1455 1363 1544; x_wconf 79' lang='grc' dir='ltr'><strong><em>πρωτό-</em></strong></span> 
     </span>
     <span class='ocr_line' id='line_1_12' title="bbox 227 1558 1365 1646; baseline -0.002 -19"><span class='ocrx_word' id='word_1_95' title='bbox 227 1582 344 1638; x_wconf 84' lang='grc' dir='ltr'><strong><em>τυντον,</em></strong></span> <span class='ocrx_word' id='word_1_96' title='bbox 366 1559 457 1645; x_wconf 93' lang='lat' dir='ltr'>qnod</span> <span class='ocrx_word' id='word_1_97' title='bbox 478 1568 591 1625; x_wconf 80' lang='lat' dir='ltr'>contre</span> <span class='ocrx_word' id='word_1_98' title='bbox 608 1559 672 1624; x_wconf 92' lang='lat' dir='ltr'>dici</span> <span class='ocrx_word' id='word_1_99' title='bbox 690 1569 802 1646; x_wconf 90' lang='lat' dir='ltr'>potest</span> <span class='ocrx_word' id='word_1_100' title='bbox 817 1558 1018 1645; x_wconf 75' lang='lat' dir='ltr'>cogitatione</span> <span class='ocrx_word' id='word_1_101' title='bbox 1039 1558 1257 1623; x_wconf 79' lang='lat' dir='ltr'>antecessisse</span> <span class='ocrx_word' id='word_1_102' title='bbox 1281 1558 1365 1637; x_wconf 80' lang='grc' dir='ltr'><strong><em>κτίς</em></strong></span> 
     </span>
     <span class='ocr_line' id='line_1_13' title="bbox 228 1659 1364 1748; baseline -0.004 -17"><span class='ocrx_word' id='word_1_103' title='bbox 228 1661 297 1740; x_wconf 75' lang='lat' dir='ltr'>scd,</span> <span class='ocrx_word' id='word_1_104' title='bbox 330 1660 409 1748; x_wconf 83' lang='lat' dir='ltr'>quis</span> <span class='ocrx_word' id='word_1_105' title='bbox 438 1659 666 1747; x_wconf 78' lang='lat' dir='ltr'>monosyllaba</span> <span class='ocrx_word' id='word_1_106' title='bbox 696 1662 885 1747; x_wconf 88' lang='lat' dir='ltr'>hujusmodi</span> <span class='ocrx_word' id='word_1_107' title='bbox 914 1661 1147 1748; x_wconf 84' lang='lat' dir='ltr'>repudiantur,</span> <span class='ocrx_word' id='word_1_108' title='bbox 1188 1660 1364 1726; x_wconf 88' lang='lat' dir='ltr'>continuo</span> 
     </span>
     <span class='ocr_line' id='line_1_14' title="bbox 228 1763 1367 1855; baseline -0.003 -25"><span class='ocrx_word' id='word_1_109' title='bbox 228 1774 359 1855; x_wconf 78' lang='lat' dir='ltr'>suctum</span> <span class='ocrx_word' id='word_1_110' title='bbox 388 1786 461 1829; x_wconf 90' lang='lat' dir='ltr'>esse</span> <span class='ocrx_word' id='word_1_111' title='bbox 488 1764 582 1830; x_wconf 82' lang='lat' dir='ltr'>litere.</span> <span class='ocrx_word' id='word_1_112' title='bbox 614 1786 698 1850; x_wconf 82' lang='lat' dir='ltr'>quse</span> <span class='ocrx_word' id='word_1_113' title='bbox 726 1763 858 1850; x_wconf 91' lang='lat' dir='ltr'>longius</span> <span class='ocrx_word' id='word_1_114' title='bbox 880 1764 1050 1852; x_wconf 88' lang='lat' dir='ltr'>productis</span> <span class='ocrx_word' id='word_1_115' title='bbox 1070 1785 1182 1828; x_wconf 90' lang='lat' dir='ltr'>rursus</span> <span class='ocrx_word' id='word_1_116' title='bbox 1204 1764 1367 1829; x_wconf 80' lang='lat' dir='ltr'>decessit</span> 
     </span>
     <span class='ocr_line' id='line_1_15' title="bbox 227 1862 1368 1953; baseline -0.001 -19"><span class='ocrx_word' id='word_1_117' title='bbox 227 1890 258 1934; x_wconf 80' lang='lat' dir='ltr'>v.</span> <span class='ocrx_word' id='word_1_118' title='bbox 284 1867 405 1935; x_wconf 82' lang='lat' dir='ltr'>Pursll.</span> <span class='ocrx_word' id='word_1_119' title='bbox 434 1867 486 1933; x_wconf 87' lang='grc'>84.</span> <span class='ocrx_word' id='word_1_120' title='bbox 538 1866 596 1935; x_wconf 87' lang='lat' dir='ltr'>Sic</span> <span class='ocrx_word' id='word_1_121' title='bbox 625 1866 722 1931; x_wconf 84' lang='lat' dir='ltr'>etiem</span> <span class='ocrx_word' id='word_1_122' title='bbox 748 1862 819 1946; x_wconf 72' lang='grc' dir='ltr'>ἶξιὲς</span> <span class='ocrx_word' id='word_1_123' title='bbox 840 1867 905 1931; x_wconf 89' lang='lat' dir='ltr'>dici</span> <span class='ocrx_word' id='word_1_124' title='bbox 927 1888 988 1953; x_wconf 90' lang='lat' dir='ltr'>pro</span> <span class='ocrx_word' id='word_1_125' title='bbox 1008 1866 1066 1945; x_wconf 77' lang='grc' dir='ltr'>ξῦς</span> <span class='ocrx_word' id='word_1_126' title='bbox 1088 1864 1165 1932; x_wconf 73' lang='lat' dir='ltr'>icet</span> <span class='ocrx_word' id='word_1_127' title='bbox 1186 1864 1282 1931; x_wconf 79' lang='grc' dir='ltr'><strong><em>ἐστιν</em></strong></span> <span class='ocrx_word' id='word_1_128' title='bbox 1302 1862 1368 1933; x_wconf 81' lang='grc' dir='ltr'><strong><em>ἇν-</em></strong></span> 
     </span>
     <span class='ocr_line' id='line_1_16' title="bbox 228 1964 1367 2056; baseline -0.005 -18"><span class='ocrx_word' id='word_1_129' title='bbox 228 1968 388 2056; x_wconf 75' lang='grc' dir='ltr'><strong><em>θρώνιοις</em></strong></span> <span class='ocrx_word' id='word_1_130' title='bbox 413 1966 512 2049; x_wconf 80' lang='grc' dir='ltr'><strong><em>ξύσαι</em></strong></span> <span class='ocrx_word' id='word_1_131' title='bbox 539 1964 641 2055; x_wconf 77' lang='grc' dir='ltr'><strong><em>αὐτήν</em></strong></span> <span class='ocrx_word' id='word_1_132' title='bbox 664 1969 760 2035; x_wconf 84' lang='lat' dir='ltr'>Eust.</span> <span class='ocrx_word' id='word_1_133' title='bbox 791 1968 888 2047; x_wconf 82' lang='lat'>1531,</span> <span class='ocrx_word' id='word_1_134' title='bbox 918 1970 950 2033; x_wconf 89' lang='grc'>4.</span> <span class='ocrx_word' id='word_1_135' title='bbox 976 1968 1115 2034; x_wconf 80' lang='lat' dir='ltr'>fortasse</span> <span class='ocrx_word' id='word_1_136' title='bbox 1134 1966 1367 2032; x_wconf 82' lang='lat' dir='ltr'>Herodianus</span> 
     </span>
     <span class='ocr_line' id='line_1_17' title="bbox 227 2069 1368 2159; baseline -0.002 -23"><span class='ocrx_word' id='word_1_137' title='bbox 227 2071 301 2159; x_wconf 87' lang='lat' dir='ltr'>ipse</span> <span class='ocrx_word' id='word_1_138' title='bbox 327 2070 466 2137; x_wconf 91' lang='lat' dir='ltr'>credidit</span> <span class='ocrx_word' id='word_1_139' title='bbox 486 2092 515 2135; x_wconf 85' lang='lat' dir='ltr'>v.</span> <span class='ocrx_word' id='word_1_140' title='bbox 538 2069 656 2135; x_wconf 87' lang='lat' dir='ltr'>Lehrs.</span> <span class='ocrx_word' id='word_1_141' title='bbox 675 2094 710 2157; x_wconf 93' lang='lat' dir='ltr'>p.</span> <span class='ocrx_word' id='word_1_142' title='bbox 734 2071 805 2135; x_wconf 86' lang='lat'><strong>104.</strong></span> <span class='ocrx_word' id='word_1_143' title='bbox 828 2071 882 2136; x_wconf 89' lang='lat' dir='ltr'>cui</span> <span class='ocrx_word' id='word_1_144' title='bbox 898 2071 1001 2136; x_wconf 87' lang='lat' dir='ltr'>multo</span> <span class='ocrx_word' id='word_1_145' title='bbox 1019 2069 1168 2134; x_wconf 81' lang='lat' dir='ltr'>stolidior</span> <span class='ocrx_word' id='word_1_146' title='bbox 1185 2070 1368 2134; x_wconf 84' lang='lat' dir='ltr'>sententia</span> 
     </span>
     <span class='ocr_line' id='line_1_18' title="bbox 229 2167 1370 2258; baseline 0.002 -21"><span class='ocrx_word' id='word_1_147' title='bbox 229 2172 380 2238; x_wconf 79' lang='lat' dir='ltr'>tribuitur</span> <span class='ocrx_word' id='word_1_148' title='bbox 400 2172 436 2237; x_wconf 93' lang='lat' dir='ltr'>in</span> <span class='ocrx_word' id='word_1_149' title='bbox 458 2169 548 2239; x_wconf 83' lang='lat' dir='ltr'>Gud.</span> <span class='ocrx_word' id='word_1_150' title='bbox 570 2170 643 2248; x_wconf 83' lang='lat'>350,</span> <span class='ocrx_word' id='word_1_151' title='bbox 669 2172 722 2236; x_wconf 85' lang='lat'>34.</span> <span class='ocrx_word' id='word_1_152' title='bbox 751 2172 847 2256; x_wconf 82' lang='grc' dir='ltr'><strong><em>παρὰ</em></strong></span> <span class='ocrx_word' id='word_1_153' title='bbox 872 2173 910 2238; x_wconf 77' lang='grc' dir='ltr'>τὸ</span> <span class='ocrx_word' id='word_1_154' title='bbox 932 2171 996 2239; x_wconf 74' lang='grc' dir='ltr'>ἵκω</span> <span class='ocrx_word' id='word_1_155' title='bbox 1019 2168 1146 2251; x_wconf 82' lang='grc' dir='ltr'><strong><em>ἷκιίλος</em></strong></span> <span class='ocrx_word' id='word_1_156' title='bbox 1168 2170 1225 2239; x_wconf 77' lang='grc' dir='ltr'>καί</span> <span class='ocrx_word' id='word_1_157' title='bbox 1246 2167 1370 2258; x_wconf 78' lang='grc' dir='ltr'><strong><em>ἀφαι-</em></strong></span> 
     </span>
     <span class='ocr_line' id='line_1_19' title="bbox 230 2266 1370 2361; baseline 0 -22"><span class='ocrx_word' id='word_1_158' title='bbox 230 2273 321 2357; x_wconf 76' lang='grc' dir='ltr'><strong><em>ρέσει</em></strong></span> <span class='ocrx_word' id='word_1_159' title='bbox 345 2271 464 2351; x_wconf 83' lang='grc' dir='ltr'><strong><em>κτίλος.</em></strong></span> <span class='ocrx_word' id='word_1_160' title='bbox 491 2266 701 2358; x_wconf 81' lang='grc' dir='ltr'><strong><em>Ἡρωδιανὸς</em></strong></span> <span class='ocrx_word' id='word_1_161' title='bbox 723 2273 803 2355; x_wconf 76' lang='grc' dir='ltr'><strong><em>περὶ</em></strong></span> <span class='ocrx_word' id='word_1_162' title='bbox 823 2278 957 2340; x_wconf 70' lang='grc' dir='ltr'><strong><em>παθῶν.</em></strong></span> <span class='ocrx_word' id='word_1_163' title='bbox 993 2274 1169 2339; x_wconf 88' lang='lat' dir='ltr'>Minimum</span> <span class='ocrx_word' id='word_1_164' title='bbox 1189 2275 1370 2361; x_wconf 88' lang='lat' dir='ltr'>ponderis</span> 
     </span>
     <span class='ocr_line' id='line_1_20' title="bbox 229 2367 1370 2463; baseline 0.004 -24"><span class='ocrx_word' id='word_1_165' title='bbox 229 2372 330 2440; x_wconf 80' lang='lat' dir='ltr'>hebet</span> <span class='ocrx_word' id='word_1_166' title='bbox 354 2373 434 2439; x_wconf 83' lang='lat' dir='ltr'>EM.</span> <span class='ocrx_word' id='word_1_167' title='bbox 462 2371 537 2450; x_wconf 89' lang='grc'><strong>464,</strong></span> <span class='ocrx_word' id='word_1_168' title='bbox 563 2371 616 2438; x_wconf 84' lang='grc'>43.</span> <span class='ocrx_word' id='word_1_169' title='bbox 653 2368 732 2457; x_wconf 62' lang='lat' dir='ltr'>iiio}</span> <span class='ocrx_word' id='word_1_170' title='bbox 754 2367 844 2452; x_wconf 79' lang='grc' dir='ltr'><strong><em>εἶδος</em></strong></span> <span class='ocrx_word' id='word_1_171' title='bbox 871 2368 989 2463; x_wconf 77' lang='grc' dir='ltr'><strong><em>ὀρνέου</em></strong></span> <span class='ocrx_word' id='word_1_172' title='bbox 1016 2380 1209 2462; x_wconf 79' lang='grc' dir='ltr'><strong><em>κρακτικοῠ,</em></strong></span> <span class='ocrx_word' id='word_1_173' title='bbox 1247 2376 1291 2456; x_wconf 78' lang='grc' dir='ltr'>ἐξ</span> <span class='ocrx_word' id='word_1_174' title='bbox 1324 2368 1370 2444; x_wconf 80' lang='grc' dir='ltr'><strong><em>οὗ</em></strong></span> 
     </span>
     <span class='ocr_line' id='line_1_21' title="bbox 220 2468 1372 2564; baseline 0.006 -24"><span class='ocrx_word' id='word_1_175' title='bbox 220 2468 352 2559; x_wconf 77' lang='grc' dir='ltr'><strong><em>Ἴβυκος</em></strong></span> <span class='ocrx_word' id='word_1_176' title='bbox 374 2473 488 2563; x_wconf 84' lang='grc' dir='ltr'><strong><em>κύριον</em></strong></span> <span class='ocrx_word' id='word_1_177' title='bbox 512 2472 568 2540; x_wconf 80' lang='grc' dir='ltr'>καί</span> <span class='ocrx_word' id='word_1_178' title='bbox 594 2470 793 2562; x_wconf 78' lang='grc' dir='ltr'><strong><em>ἷβυκηνίσαι,</em></strong></span> <span class='ocrx_word' id='word_1_179' title='bbox 816 2475 906 2562; x_wconf 76' lang='grc' dir='ltr'><strong><em>ὅπερ</em></strong></span> <span class='ocrx_word' id='word_1_180' title='bbox 932 2476 1017 2543; x_wconf 81' lang='grc' dir='ltr'><strong><em>κατὰ</em></strong></span> <span class='ocrx_word' id='word_1_181' title='bbox 1038 2476 1237 2564; x_wconf 82' lang='grc' dir='ltr'><strong><em>μεταφορὰν</em></strong></span> <span class='ocrx_word' id='word_1_182' title='bbox 1262 2480 1372 2563; x_wconf 81' lang='grc' dir='ltr'><strong><em>λέγε-</em></strong></span> 
     </span>
     <span class='ocr_line' id='line_1_22' title="bbox 229 2574 1372 2667; baseline 0.003 -24"><span class='ocrx_word' id='word_1_183' title='bbox 229 2598 286 2644; x_wconf 84' lang='grc' dir='ltr'><strong><em>ται</em></strong></span> <span class='ocrx_word' id='word_1_184' title='bbox 313 2574 524 2663; x_wconf 81' lang='grc' dir='ltr'><strong><em>βουκηνίσαι,</em></strong></span> <span class='ocrx_word' id='word_1_185' title='bbox 554 2596 615 2662; x_wconf 94' lang='lat' dir='ltr'>pro</span> <span class='ocrx_word' id='word_1_186' title='bbox 644 2596 711 2662; x_wconf 91' lang='lat' dir='ltr'>quo</span> <span class='ocrx_word' id='word_1_187' title='bbox 732 2576 905 2661; x_wconf 80' lang='grc' dir='ltr'><strong><em>’βυκινίσαι</em></strong></span> <span class='ocrx_word' id='word_1_188' title='bbox 936 2589 969 2643; x_wconf 93' lang='lat' dir='ltr'>et</span> <span class='ocrx_word' id='word_1_189' title='bbox 990 2579 1226 2667; x_wconf 77' lang='grc' dir='ltr'><strong><em>παραφθορὰν</em></strong></span> <span class='ocrx_word' id='word_1_190' title='bbox 1250 2602 1372 2667; x_wconf 92' lang='lat' dir='ltr'>repo-</span> 
     </span>
     <span class='ocr_line' id='line_1_23' title="bbox 229 2673 1375 2770; baseline 0.001 -23"><span class='ocrx_word' id='word_1_191' title='bbox 229 2680 374 2747; x_wconf 88' lang='lat' dir='ltr'>nendum</span> <span class='ocrx_word' id='word_1_192' title='bbox 395 2688 445 2745; x_wconf 89' lang='lat' dir='ltr'>est</span> <span class='ocrx_word' id='word_1_193' title='bbox 470 2701 511 2744; x_wconf 86' lang='lat' dir='ltr'>ex</span> <span class='ocrx_word' id='word_1_194' title='bbox 530 2679 625 2745; x_wconf 85' lang='lat' dir='ltr'>Eust.</span> <span class='ocrx_word' id='word_1_195' title='bbox 649 2678 743 2757; x_wconf 83' lang='lat'><strong>1321,</strong></span> <span class='ocrx_word' id='word_1_196' title='bbox 764 2679 817 2745; x_wconf 83' lang='lat'>34.</span> <span class='ocrx_word' id='word_1_197' title='bbox 844 2678 881 2746; x_wconf 77' lang='grc' dir='ltr'>ἐκ</span> <span class='ocrx_word' id='word_1_198' title='bbox 901 2683 964 2748; x_wconf 76' lang='grc' dir='ltr'><strong><em>τοῦ</em></strong></span> <span class='ocrx_word' id='word_1_199' title='bbox 981 2673 1113 2762; x_wconf 77' lang='grc' dir='ltr'><strong><em>Ἴβυκος</em></strong></span> <span class='ocrx_word' id='word_1_200' title='bbox 1140 2682 1375 2770; x_wconf 72' lang='grc' dir='ltr'><strong><em>παραφθείρ-</em></strong></span> 
     </span>
     <span class='ocr_line' id='line_1_24' title="bbox 230 2778 1375 2865; baseline 0.003 -17"><span class='ocrx_word' id='word_1_201' title='bbox 230 2787 296 2849; x_wconf 80' lang='grc' dir='ltr'><strong><em>θαι</em></strong></span> <span class='ocrx_word' id='word_1_202' title='bbox 318 2782 411 2847; x_wconf 81' lang='grc' dir='ltr'><strong><em>δοκεῖ</em></strong></span> <span class='ocrx_word' id='word_1_203' title='bbox 432 2784 504 2858; x_wconf 82' lang='grc' dir='ltr'><strong><em>τοῖς</em></strong></span> <span class='ocrx_word' id='word_1_204' title='bbox 524 2784 685 2862; x_wconf 82' lang='grc' dir='ltr'><strong><em>τεχνικοῖς</em></strong></span> <span class='ocrx_word' id='word_1_205' title='bbox 709 2778 746 2845; x_wconf 86' lang='grc' dir='ltr'>τὸ</span> <span class='ocrx_word' id='word_1_206' title='bbox 768 2780 953 2864; x_wconf 78' lang='grc' dir='ltr'><strong><em>βυκινίζειν.</em></strong></span> <span class='ocrx_word' id='word_1_207' title='bbox 997 2782 1054 2849; x_wconf 87' lang='lat' dir='ltr'>Sic</span> <span class='ocrx_word' id='word_1_208' title='bbox 1079 2782 1165 2846; x_wconf 89' lang='lat' dir='ltr'>enim</span> <span class='ocrx_word' id='word_1_209' title='bbox 1194 2792 1229 2846; x_wconf 93' lang='lat' dir='ltr'>et</span> <span class='ocrx_word' id='word_1_210' title='bbox 1248 2788 1375 2865; x_wconf 85' lang='grc' dir='ltr'><strong><em>βυκα-</em></strong></span> 
     </span>
     <span class='ocr_line' id='line_1_25' title="bbox 230 2879 1377 2969; baseline 0.003 -20"><span class='ocrx_word' id='word_1_211' title='bbox 230 2881 331 2965; x_wconf 84' lang='grc' dir='ltr'><strong><em>νίζειν</em></strong></span> <span class='ocrx_word' id='word_1_212' title='bbox 359 2880 479 2949; x_wconf 72' lang='lat' dir='ltr'>Graeci</span> <span class='ocrx_word' id='word_1_213' title='bbox 507 2879 698 2969; x_wconf 89' lang='lat' dir='ltr'>posterioris</span> <span class='ocrx_word' id='word_1_214' title='bbox 728 2881 844 2947; x_wconf 80' lang='lat' dir='ltr'>aetatis</span> <span class='ocrx_word' id='word_1_215' title='bbox 874 2881 987 2948; x_wconf 91' lang='lat' dir='ltr'>dicunt</span> <span class='ocrx_word' id='word_1_216' title='bbox 1013 2883 1150 2948; x_wconf 81' lang='lat' dir='ltr'>latinum</span> <span class='ocrx_word' id='word_1_217' title='bbox 1181 2886 1377 2953; x_wconf 78' lang='lat' dir='ltr'>buccinare</span> 
     </span>
     <span class='ocr_line' id='line_1_26' title="bbox 230 2970 1379 3068; baseline 0.002 -17"><span class='ocrx_word' id='word_1_218' title='bbox 230 2983 406 3051; x_wconf 83' lang='lat' dir='ltr'>reddentes</span> <span class='ocrx_word' id='word_1_219' title='bbox 429 2992 461 3048; x_wconf 85' lang='lat' dir='ltr'>et</span> <span class='ocrx_word' id='word_1_220' title='bbox 479 2979 606 3067; x_wconf 81' lang='grc' dir='ltr'><strong><em>βυκάνη</em></strong></span> <span class='ocrx_word' id='word_1_221' title='bbox 627 3003 687 3068; x_wconf 91' lang='lat' dir='ltr'>pro</span> <span class='ocrx_word' id='word_1_222' title='bbox 710 2982 850 3049; x_wconf 87' lang='lat' dir='ltr'>buccina</span> <span class='ocrx_word' id='word_1_223' title='bbox 872 2985 963 3068; x_wconf 93' lang='lat' dir='ltr'>quod</span> <span class='ocrx_word' id='word_1_224' title='bbox 988 2984 1128 3051; x_wconf 85' lang='lat' dir='ltr'>sbuccs</span> <span class='ocrx_word' id='word_1_225' title='bbox 1145 2970 1294 3051; x_wconf 32' lang='lat' dir='ltr'>ductum*</span> <span class='ocrx_word' id='word_1_226' title='bbox 1316 3000 1379 3055; x_wconf 87' lang='lat' dir='ltr'>est</span> 
     </span>
     <span class='ocr_line' id='line_1_27' title="bbox 232 3080 1377 3174; baseline 0.003 -20"><span class='ocrx_word' id='word_1_227' title='bbox 232 3098 265 3155; x_wconf 87' lang='lat' dir='ltr'>et</span> <span class='ocrx_word' id='word_1_228' title='bbox 296 3097 469 3173; x_wconf 87' lang='lat' dir='ltr'>utrumque</span> <span class='ocrx_word' id='word_1_229' title='bbox 496 3108 516 3150; x_wconf 80' lang='lat' dir='ltr'>a</span> <span class='ocrx_word' id='word_1_230' title='bbox 541 3080 611 3167; x_wconf 75' lang='grc' dir='ltr'>βύω</span> <span class='ocrx_word' id='word_1_231' title='bbox 637 3084 725 3150; x_wconf 84' lang='lat' dir='ltr'>unde</span> <span class='ocrx_word' id='word_1_232' title='bbox 752 3081 914 3173; x_wconf 77' lang='grc' dir='ltr'><strong><em>βύκτηςὸ</em></strong></span> <span class='ocrx_word' id='word_1_233' title='bbox 940 3084 1092 3174; x_wconf 57' lang='lat' dir='ltr'>(properie</span> <span class='ocrx_word' id='word_1_234' title='bbox 1112 3087 1223 3173; x_wconf 84' lang='lat' dir='ltr'>Epim.</span> <span class='ocrx_word' id='word_1_235' title='bbox 1246 3089 1280 3154; x_wconf 95' lang='lat' dir='ltr'>I.</span> <span class='ocrx_word' id='word_1_236' title='bbox 1310 3093 1377 3157; x_wconf 86' lang='lat'>38.</span> 
     </span>
     <span class='ocr_line' id='line_1_28' title="bbox 231 3186 1379 3271; baseline 0.003 -16"><span class='ocrx_word' id='word_1_237' title='bbox 231 3197 266 3255; x_wconf 89' lang='lat' dir='ltr'>et</span> <span class='ocrx_word' id='word_1_238' title='bbox 284 3189 570 3255; x_wconf 85' lang='lat' dir='ltr'>instrumentorum</span> <span class='ocrx_word' id='word_1_239' title='bbox 589 3186 803 3265; x_wconf 89' lang='lat' dir='ltr'>musicorum,</span> <span class='ocrx_word' id='word_1_240' title='bbox 833 3210 918 3271; x_wconf 87' lang='lat' dir='ltr'>quse</span> <span class='ocrx_word' id='word_1_241' title='bbox 939 3186 1093 3253; x_wconf 84' lang='lat' dir='ltr'>inflantur</span> <span class='ocrx_word' id='word_1_242' title='bbox 1114 3211 1237 3254; x_wconf 92' lang='lat' dir='ltr'>nomen</span> <span class='ocrx_word' id='word_1_243' title='bbox 1261 3213 1379 3259; x_wconf 90' lang='lat' dir='ltr'>com-</span> 
     </span>
     <span class='ocr_line' id='line_1_29' title="bbox 230 3286 1380 3377; baseline 0.008 -23"><span class='ocrx_word' id='word_1_244' title='bbox 230 3309 329 3355; x_wconf 86' lang='lat' dir='ltr'>mune</span> <span class='ocrx_word' id='word_1_245' title='bbox 358 3286 550 3377; x_wconf 63' lang='lat' dir='ltr'>puerperium</span> <span class='ocrx_word' id='word_1_246' title='bbox 580 3296 612 3353; x_wconf 88' lang='lat' dir='ltr'>ct</span> <span class='ocrx_word' id='word_1_247' title='bbox 633 3286 808 3371; x_wconf 79' lang='grc' dir='ltr'><strong><em>βόμβυκες.</em></strong></span> <span class='ocrx_word' id='word_1_248' title='bbox 859 3289 928 3356; x_wconf 87' lang='lat' dir='ltr'>Sed</span> <span class='ocrx_word' id='word_1_249' title='bbox 945 3289 1040 3375; x_wconf 86' lang='lat' dir='ltr'>Ibyci</span> <span class='ocrx_word' id='word_1_250' title='bbox 1063 3313 1198 3369; x_wconf 91' lang='lat' dir='ltr'>nomen,</span> <span class='ocrx_word' id='word_1_251' title='bbox 1225 3292 1256 3356; x_wconf 91' lang='lat' dir='ltr'>si</span> <span class='ocrx_word' id='word_1_252' title='bbox 1280 3316 1380 3363; x_wconf 88' lang='lat' dir='ltr'>vere</span> 
     </span>
     <span class='ocr_line' id='line_1_30' title="bbox 231 3389 1382 3489; baseline 0.007 -31"><span class='ocrx_word' id='word_1_253' title='bbox 231 3412 386 3489; x_wconf 77' lang='lat' dir='ltr'>graecum</span> <span class='ocrx_word' id='word_1_254' title='bbox 407 3399 466 3468; x_wconf 82' lang='lat' dir='ltr'>est,</span> <span class='ocrx_word' id='word_1_255' title='bbox 488 3389 808 3476; x_wconf 81' lang='lat' dir='ltr'>onomatopoeticum</span> <span class='ocrx_word' id='word_1_256' title='bbox 827 3390 996 3458; x_wconf 85' lang='lat' dir='ltr'>videturs</span> <span class='ocrx_word' id='word_1_257' title='bbox 1019 3391 1118 3459; x_wconf 90' lang='lat' dir='ltr'>verbo</span> <span class='ocrx_word' id='word_1_258' title='bbox 1142 3390 1235 3476; x_wconf 76' lang='grc' dir='ltr'><strong><em>ἶΰζω,</em></strong></span> <span class='ocrx_word' id='word_1_259' title='bbox 1258 3402 1382 3485; x_wconf 86' lang='lat' dir='ltr'>cujus</span> 
     </span>
    </p>
   </div>
   <div class='ocr_carea' id='block_1_3' title="bbox 230 3639 1391 4413">
    <p class='ocr_par' dir='ltr' id='par_1_3' title="bbox 230 3639 1391 4413">
     <span class='ocr_line' id='line_1_31' title="bbox 301 3639 1380 3722; baseline 0.003 -24"><span class='ocrx_word' id='word_1_260' title='bbox 301 3646 332 3714; x_wconf 83' lang='grc'>3)</span> <span class='ocrx_word' id='word_1_261' title='bbox 346 3644 432 3711; x_wconf 85' lang='lat' dir='ltr'>Quod</span> <span class='ocrx_word' id='word_1_262' title='bbox 444 3646 480 3699; x_wconf 85' lang='lat' dir='ltr'>ad</span> <span class='ocrx_word' id='word_1_263' title='bbox 493 3646 548 3701; x_wconf 89' lang='lat' dir='ltr'>Od.</span> <span class='ocrx_word' id='word_1_264' title='bbox 562 3642 653 3699; x_wconf 86' lang='lat' dir='ltr'><strong>XVII.</strong></span> <span class='ocrx_word' id='word_1_265' title='bbox 668 3644 726 3697; x_wconf 83' lang='lat'><strong>518.</strong></span> <span class='ocrx_word' id='word_1_266' title='bbox 747 3639 924 3705; x_wconf 79' lang='grc' dir='ltr'><strong><em>ἇοιτίός-ὅςιε</em></strong></span> <span class='ocrx_word' id='word_1_267' title='bbox 943 3648 1019 3700; x_wconf 75' lang='grc' dir='ltr'><strong><em>θεῶν</em></strong></span> <span class='ocrx_word' id='word_1_268' title='bbox 1030 3645 1058 3708; x_wconf 75' lang='grc' dir='ltr'>ἓξ</span> <span class='ocrx_word' id='word_1_269' title='bbox 1072 3644 1150 3722; x_wconf 73' lang='grc' dir='ltr'><strong><em>ἀείδῃ</em></strong></span> <span class='ocrx_word' id='word_1_270' title='bbox 1162 3645 1276 3711; x_wconf 78' lang='grc' dir='ltr'><strong><em>δεδαώς</em></strong></span> <span class='ocrx_word' id='word_1_271' title='bbox 1301 3653 1380 3709; x_wconf 73' lang='grc' dir='ltr'><strong><em>ἔπε’</em></strong></span> 
     </span>
     <span class='ocr_line' id='line_1_32' title="bbox 233 3726 1385 3814; baseline 0.01 -30"><span class='ocrx_word' id='word_1_272' title='bbox 233 3726 379 3802; x_wconf 84' lang='grc' dir='ltr'><strong><em>ίμερόενια</em></strong></span> <span class='ocrx_word' id='word_1_273' title='bbox 391 3730 421 3785; x_wconf 92' lang='lat' dir='ltr'>in</span> <span class='ocrx_word' id='word_1_274' title='bbox 432 3730 510 3787; x_wconf 86' lang='lat' dir='ltr'>Herl.</span> <span class='ocrx_word' id='word_1_275' title='bbox 528 3728 699 3801; x_wconf 79' lang='lat' dir='ltr'>adscriptum</span> <span class='ocrx_word' id='word_1_276' title='bbox 714 3735 759 3783; x_wconf 89' lang='lat' dir='ltr'>est</span> <span class='ocrx_word' id='word_1_277' title='bbox 771 3726 858 3802; x_wconf 77' lang='grc' dir='ltr'>γρᾶφ.</span> <span class='ocrx_word' id='word_1_278' title='bbox 878 3728 1067 3804; x_wconf 75' lang='grc' dir='ltr'><strong><em>ἔπιμιρόεντα,</em></strong></span> <span class='ocrx_word' id='word_1_279' title='bbox 1087 3733 1238 3805; x_wconf 88' lang='lat' dir='ltr'>dupliciter</span> <span class='ocrx_word' id='word_1_280' title='bbox 1259 3741 1385 3814; x_wconf 79' lang='lat' dir='ltr'>accipi</span> 
     </span>
     <span class='ocr_line' id='line_1_33' title="bbox 231 3810 1388 3894; baseline 0.001 -21"><span class='ocrx_word' id='word_1_281' title='bbox 231 3822 326 3889; x_wconf 85' lang='lat' dir='ltr'>potest</span> <span class='ocrx_word' id='word_1_282' title='bbox 342 3816 389 3871; x_wconf 82' lang='lat' dir='ltr'>vel</span> <span class='ocrx_word' id='word_1_283' title='bbox 401 3818 468 3872; x_wconf 77' lang='grc' dir='ltr'><strong><em>ἔπεα</em></strong></span> <span class='ocrx_word' id='word_1_284' title='bbox 480 3813 614 3889; x_wconf 81' lang='grc' dir='ltr'><strong><em>μερόενια</em></strong></span> <span class='ocrx_word' id='word_1_285' title='bbox 626 3832 643 3870; x_wconf 85' lang='lat' dir='ltr'>s</span> <span class='ocrx_word' id='word_1_286' title='bbox 657 3821 736 3870; x_wconf 87' lang='lat' dir='ltr'>recto</span> <span class='ocrx_word' id='word_1_287' title='bbox 745 3810 881 3886; x_wconf 80' lang='grc' dir='ltr'><strong><em>μερόειςί.</em></strong></span> <span class='ocrx_word' id='word_1_288' title='bbox 893 3835 921 3887; x_wconf 91' lang='lat' dir='ltr'>q.</span> <span class='ocrx_word' id='word_1_289' title='bbox 937 3815 1056 3890; x_wconf 78' lang='grc' dir='ltr'><strong><em>ἱμερόεις</em></strong></span> <span class='ocrx_word' id='word_1_290' title='bbox 1066 3820 1113 3873; x_wconf 89' lang='lat' dir='ltr'>vel</span> <span class='ocrx_word' id='word_1_291' title='bbox 1122 3818 1179 3874; x_wconf 80' lang='grc' dir='ltr'><strong><em>ἔπε’</em></strong></span> <span class='ocrx_word' id='word_1_292' title='bbox 1194 3819 1388 3894; x_wconf 60' lang='grc' dir='ltr'><strong><em>ἠμορόενῑα</em></strong></span> 
     </span>
     <span class='ocr_line' id='line_1_34' title="bbox 232 3896 1386 3977; baseline 0.002 -18"><span class='ocrx_word' id='word_1_293' title='bbox 232 3902 290 3960; x_wconf 83' lang='lat' dir='ltr'>sive</span> <span class='ocrx_word' id='word_1_294' title='bbox 309 3900 463 3977; x_wconf 83' lang='grc' dir='ltr'><strong><em>ἀμορόεντα</em></strong></span> <span class='ocrx_word' id='word_1_295' title='bbox 483 3901 514 3957; x_wconf 90' lang='lat' dir='ltr'>id</span> <span class='ocrx_word' id='word_1_296' title='bbox 533 3910 575 3957; x_wconf 89' lang='lat' dir='ltr'>est</span> <span class='ocrx_word' id='word_1_297' title='bbox 593 3896 683 3977; x_wconf 83' lang='grc' dir='ltr'><strong><em>μόρου</em></strong></span> <span class='ocrx_word' id='word_1_298' title='bbox 701 3899 741 3971; x_wconf 81' lang='grc' dir='ltr'><strong><em>μὴ</em></strong></span> <span class='ocrx_word' id='word_1_299' title='bbox 764 3904 917 3972; x_wconf 76' lang='grc' dir='ltr'><strong><em>μετέχοντα</em></strong></span> <span class='ocrx_word' id='word_1_300' title='bbox 935 3902 1071 3975; x_wconf 80' lang='lat' dir='ltr'>Apollon.</span> <span class='ocrx_word' id='word_1_301' title='bbox 1092 3906 1162 3960; x_wconf 88' lang='lat' dir='ltr'>Lex.</span> <span class='ocrx_word' id='word_1_302' title='bbox 1183 3924 1241 3962; x_wconf 91' lang='lat' dir='ltr'>uno</span> <span class='ocrx_word' id='word_1_303' title='bbox 1260 3916 1386 3970; x_wconf 79' lang='lat' dir='ltr'>verbo</span> 
     </span>
     <span class='ocr_line' id='line_1_35' title="bbox 232 3981 1387 4067; baseline -0.001 -22"><span class='ocrx_word' id='word_1_304' title='bbox 232 3985 359 4067; x_wconf 71' lang='grc' dir='ltr'><strong><em>ἄμβροτα</em></strong></span> <span class='ocrx_word' id='word_1_305' title='bbox 377 3998 408 4045; x_wconf 90' lang='lat' dir='ltr'>ut</span> <span class='ocrx_word' id='word_1_306' title='bbox 426 3989 582 4062; x_wconf 85' lang='lat' dir='ltr'>Sophocles</span> <span class='ocrx_word' id='word_1_307' title='bbox 600 3989 667 4043; x_wconf 85' lang='lat' dir='ltr'>Ant.</span> <span class='ocrx_word' id='word_1_308' title='bbox 687 3989 763 4042; x_wconf 76' lang='grc'><strong>1111.</strong></span> <span class='ocrx_word' id='word_1_309' title='bbox 784 3987 836 4056; x_wconf 76' lang='grc' dir='ltr'>ἔπη</span> <span class='ocrx_word' id='word_1_310' title='bbox 856 3981 990 4061; x_wconf 67' lang='grc' dir='ltr'><strong><em>ἄμβροτα.</em></strong></span> <span class='ocrx_word' id='word_1_311' title='bbox 1021 3989 1077 4053; x_wconf 88' lang='lat' dir='ltr'>Qui</span> <span class='ocrx_word' id='word_1_312' title='bbox 1094 3990 1123 4045; x_wconf 91' lang='lat' dir='ltr'>in</span> <span class='ocrx_word' id='word_1_313' title='bbox 1141 3991 1174 4044; x_wconf 91' lang='lat' dir='ltr'>Il.</span> <span class='ocrx_word' id='word_1_314' title='bbox 1192 3992 1278 4048; x_wconf 88' lang='lat' dir='ltr'><strong>XIV.</strong></span> <span class='ocrx_word' id='word_1_315' title='bbox 1304 4000 1387 4055; x_wconf 78' lang='grc'><strong>183,</strong></span> 
     </span>
     <span class='ocr_line' id='line_1_36' title="bbox 231 4071 1389 4152; baseline 0 -19"><span class='ocrx_word' id='word_1_316' title='bbox 231 4094 285 4149; x_wconf 87' lang='lat' dir='ltr'>pro</span> <span class='ocrx_word' id='word_1_317' title='bbox 303 4078 435 4150; x_wconf 79' lang='grc' dir='ltr'><strong><em>τρίγληνα</em></strong></span> <span class='ocrx_word' id='word_1_318' title='bbox 452 4073 590 4152; x_wconf 82' lang='grc' dir='ltr'><strong><em>μορόεντα</em></strong></span> <span class='ocrx_word' id='word_1_319' title='bbox 613 4072 785 4147; x_wconf 86' lang='lat' dir='ltr'>scripserunt</span> <span class='ocrx_word' id='word_1_320' title='bbox 806 4074 940 4145; x_wconf 54' lang='grc' dir='ltr'><strong><em>τρίγλην,</em></strong></span> <span class='ocrx_word' id='word_1_321' title='bbox 960 4071 1131 4146; x_wconf 78' lang='grc' dir='ltr'><strong><em>ἀμορόεντα,</em></strong></span> <span class='ocrx_word' id='word_1_322' title='bbox 1151 4075 1217 4131; x_wconf 89' lang='lat' dir='ltr'>huic</span> <span class='ocrx_word' id='word_1_323' title='bbox 1231 4086 1389 4142; x_wconf 76' lang='lat' dir='ltr'>eandem</span> 
     </span>
     <span class='ocr_line' id='line_1_37' title="bbox 232 4158 1391 4244; baseline 0.001 -27"><span class='ocrx_word' id='word_1_324' title='bbox 232 4162 465 4237; x_wconf 75' lang='lat' dir='ltr'>significationem</span> <span class='ocrx_word' id='word_1_325' title='bbox 485 4159 640 4233; x_wconf 88' lang='lat' dir='ltr'>incorrupti</span> <span class='ocrx_word' id='word_1_326' title='bbox 660 4158 793 4216; x_wconf 81' lang='lat' dir='ltr'>tribuisse</span> <span class='ocrx_word' id='word_1_327' title='bbox 817 4158 948 4215; x_wconf 82' lang='lat' dir='ltr'>videntur</span> <span class='ocrx_word' id='word_1_328' title='bbox 970 4161 1141 4217; x_wconf 91' lang='lat' dir='ltr'>homericum</span> <span class='ocrx_word' id='word_1_329' title='bbox 1166 4167 1272 4237; x_wconf 78' lang='grc' dir='ltr'><strong><em>εἵματα</em></strong></span> <span class='ocrx_word' id='word_1_330' title='bbox 1306 4165 1391 4244; x_wconf 73' lang='grc' dir='ltr'>ἄμ..</span> 
     </span>
     <span class='ocr_line' id='line_1_38' title="bbox 230 4239 1391 4323; baseline -0.001 -18"><span class='ocrx_word' id='word_1_331' title='bbox 230 4248 316 4323; x_wconf 69' lang='grc' dir='ltr'><strong><em>’βροια</em></strong></span> <span class='ocrx_word' id='word_1_332' title='bbox 333 4259 501 4323; x_wconf 76' lang='lat' dir='ltr'>spectantes.</span> <span class='ocrx_word' id='word_1_333' title='bbox 522 4243 664 4323; x_wconf 74' lang='grc' dir='ltr'><strong><em>Ἅμαρόεις</em></strong></span> <span class='ocrx_word' id='word_1_334' title='bbox 683 4244 725 4301; x_wconf 89' lang='lat' dir='ltr'>illi</span> <span class='ocrx_word' id='word_1_335' title='bbox 742 4247 777 4301; x_wconf 84' lang='lat' dir='ltr'>sb</span> <span class='ocrx_word' id='word_1_336' title='bbox 796 4239 902 4319; x_wconf 69' lang='grc' dir='ltr'><strong><em>ὅμορος</em></strong></span> <span class='ocrx_word' id='word_1_337' title='bbox 920 4246 1074 4302; x_wconf 79' lang='lat' dir='ltr'>derivatum</span> <span class='ocrx_word' id='word_1_338' title='bbox 1091 4266 1153 4304; x_wconf 90' lang='lat' dir='ltr'>esse</span> <span class='ocrx_word' id='word_1_339' title='bbox 1165 4249 1391 4316; x_wconf 72' lang='lat' dir='ltr'>crediderunt,</span> 
     </span>
     <span class='ocr_line' id='line_1_39' title="bbox 232 4332 921 4413; baseline -0.001 -24"><span class='ocrx_word' id='word_1_340' title='bbox 232 4340 264 4390; x_wconf 76' lang='lat' dir='ltr'>ut</span> <span class='ocrx_word' id='word_1_341' title='bbox 275 4333 399 4409; x_wconf 77' lang='grc' dir='ltr'><strong><em>ἀκυρὸεις</em></strong></span> <span class='ocrx_word' id='word_1_342' title='bbox 411 4340 448 4394; x_wconf 71' lang='lat' dir='ltr'>ub</span> <span class='ocrx_word' id='word_1_343' title='bbox 461 4332 564 4413; x_wconf 68' lang='grc' dir='ltr'><strong><em>ἄκυρος</em></strong></span> <span class='ocrx_word' id='word_1_344' title='bbox 577 4342 631 4392; x_wconf 79' lang='lat' dir='ltr'>etc.</span> <span class='ocrx_word' id='word_1_345' title='bbox 645 4352 670 4389; x_wconf 77' lang='grc' dir='ltr'>ν.</span> <span class='ocrx_word' id='word_1_346' title='bbox 686 4332 717 4389; x_wconf 85' lang='lat' dir='ltr'>O.</span> <span class='ocrx_word' id='word_1_347' title='bbox 732 4332 785 4388; x_wconf 88' lang='lat' dir='ltr'><strong>III.</strong></span> <span class='ocrx_word' id='word_1_348' title='bbox 800 4334 824 4401; x_wconf 70' lang='lat'>§-</span> <span class='ocrx_word' id='word_1_349' title='bbox 838 4334 862 4386; x_wconf 84' lang='grc'>3.</span> <span class='ocrx_word' id='word_1_350' title='bbox 874 4334 921 4389; x_wconf 88' lang='lat' dir='ltr'>fin.</span> 
     </span>
    </p>
   </div>
   <div class='ocr_carea' id='block_1_4' title="bbox 0 0 1428 4809">
    <p class='ocr_par' dir='ltr' id='par_1_4' title="bbox 0 0 1428 4809">
     <span class='ocr_line' id='line_1_40' title="bbox 0 0 1428 4809; baseline 0 0"><span class='ocrx_word' id='word_1_351' title='bbox 0 0 1428 4809; x_wconf 95' lang='lat' dir='ltr'> </span> 
     </span>
    </p>
   </div>
  </div>
 </body>
</html>
