2825 4809
233 345 306 421 128
454 363 460 379 “
508 391 511 396 -
596 338 917 453 Dlsslsltrnrlo
950 338 979 403 I.
1030 353 1037 361 ‘

232 525 424 613 scripturam
440 521 609 588 confirmat
617 523 829 592 Herodianus
839 523 953 610 Epim:
960 523 1010 588 73.
1022 522 1161 588 tortasse
1177 520 1351 602 auritio,

231 630 361 704 σκῦλον,
381 625 470 688 unde
491 622 684 690 Eustathius
705 624 840 691 verbum
861 621 1061 691 σκολίιισειν
1085 605 1267 690 ᾱεείνίιιαω
1288 651 1350 712 pu-

159 726 163 738 ’
231 728 363 812 tatu),
394 724 582 810 Hesychius
609 748 685 791 vero
710 749 811 810 quum
835 724 994 790 id·verbo
1019 722 1169 792 κολούειν
1196 727 1350 812 explicat,

232 832 452 915 conjecturam
475 826 614 913 praebet
636 839 810 913 utrumque
833 851 853 891 a
880 825 980 904 κιίλος
1005 826 1146 911 κολοβός
1172 827 1352 893 derivatum

232 953 321 1007 esse3
342 923 511 1013 Σκνρίσίω
533 927 695 1014 κερασίζοι
718 929 840 996 Suidas
863 927 952 994 solus
974 929 1075 994 novit.
1118 926 1297 1015 Κίλλαρσς
1321 941 1353 995 et

112 1114 116 1120 Δ
231 1029 423 1125 Σκύλλαρος
444 1028 538 1114 attigi
558 1029 594 1093 in
612 1029 714 1095 Proll.
726 1029 799 1096 255.
825 1028 959 1129 Σκύφος
977 1031 1135 1095 incertum
1152 1039 1261 1094 utrum
1279 1054 1353 1095 cum

232 1129 357 1216 κύμβη,
379 1128 543 1198 κύπελλον
564 1131 790 1217 similibusque
812 1153 964 1196 vasorum
987 1132 1153 1198 vocabulis
1177 1132 1354 1198 cohaereat

231 1256 275 1299 an
294 1233 384 1297 idem
405 1231 447 1295 sit
467 1232 559 1315 quod
580 1230 721 1320 σκάφος.
768 1233 836 1300 Sed
858 1254 1063 1300 communem
1085 1237 1104 1298 a
1125 1230 1226 1321 κόρος
1248 1235 1352 1320 origi-

232 1357 309 1399 nem
332 1331 452 1397 habere
479 1333 631 1397 videntur
653 1331 832 1420 καρσοίνισς
854 1329 871 1399 ὁ
896 1334 1066 1412 νεανίσκος
1093 1345 1126 1432 et
1153 1358 1237 1421 quae
1263 1336 1354 1400 idem
1390 1371 1391 1456 ρ

231 1434 418 1520 significant
433 1433 588 1518 σκύθραξ
600 1434 668 1500 sive
679 1431 836 1516 σκίρθαξ
850 1428 948 1518 atque
964 1436 1180 1521 σκυρθάλισς.
1203 1436 1355 1503 Verbum
1390 1457 1391 1508 ι

231 1533 389 1615 κανάζειν
405 1532 594 1617 Hesychius
611 1529 818 1615 ἀποσκάζειν
834 1535 1074 1622 interpretatur,
1092 1533 1225 1617 σκσίζειν
1240 1547 1354 1601 autem

231 1657 307 1707 eum
329 1632 450 1711 σκαιός
470 1649 507 1698 ut
526 1635 561 1697 in
582 1634 663 1699 EM.
688 1636 840 1714 traditur,
863 1659 1002 1721 cumque
1026 1635 1176 1719 σκαμβός
1199 1646 1231 1702 et
1252 1662 1354 1720 σκιμ-
1390 1653 1391 1728 ι

230 1735 292 1821 βός
314 1736 467 1801 cohaeret
485 1757 515 1798 v.
536 1734 628 1800 Diss.
650 1735 715 1799 III.
738 1739 763 1819 ξ.
783 1737 814 1802 2.
858 1737 954 1802 Haec
976 1737 1117 1822 exempli
1138 1760 1236 1802 causa
1260 1738 1353 1802 suffi-
1390 1735 1391 1786 ἶ

232 1837 328 1903 cient
366 1838 446 1904 Jam
467 1837 509 1900 de
530 1835 657 1901 duabus
676 1837 905 1921 gutturalibus‚
929 1861 1013 1923 quae
1033 1839 1138 1924 sigma
1155 1841 1249 1924 sequi
1271 1863 1354 1926 pos·
1390 1843 1391 1914 λ

232 1949 325 2016 sunt,
356 1947 458 2001 restat
479 1937 578 2001 altera
599 1936 662 2001 chi.
706 1938 775 2003 Pro
802 1937 981 2024 Χασιηρία
1004 1934 1023 2025 ἡ
1047 1934 1244 2025 ἀνείργοοσα
1268 1943 1355 2006 Hes.

231 2039 410 2107 Salmasius
432 2037 559 2102 dubitat
578 2061 620 2102 ne
644 2035 830 2125 σχασσηρία
856 2039 1063 2105 scribendum
1085 2041 1127 2104 sit
1150 2051 1181 2106 et
1204 2042 1357 2107 similiter
1390 2027 1391 2074 ³

230 2138 431 2226 Hippocrati
459 2161 519 2224 pro
544 2134 673 2221 χασμός
700 2138 825 2205 Coraes
852 2139 992 2206 restituit
1019 2141 1182 2225 σχασμός,
1210 2165 1357 2227 quorum
1390 2145 1391 2206 3

161 2246 165 2251 “
230 2250 268 2304 ut
292 2250 443 2304 neutrum
465 2238 627 2325 improbo,
651 2238 697 2302 ita
721 2241 761 2304 de
785 2241 941 2307 affinitate
962 2240 1134 2306 verborum
1157 2243 1293 2308 cedendi
1320 2257 1359 2309 et
1390 2271 1391 2320 ι

230 2338 364 2404 laxandi
384 2335 503 2420 χάζειν,
526 2336 656 2421 σχίζειν
675 2349 709 2403 et
724 2343 837 2430 χαλᾷν,
858 2365 942 2427 quae
961 2343 1029 2407 dixi
1046 2342 1080 2407 in
1092 2342 1218 2407 Techn.
1230 2344 1283 2410 84.
1296 2347 1357 2429 ⁵²)
1390 2335 1391 2421 i

110 2453 114 2469 '
231 2464 299 2506 non
325 2450 427 2504 muto.
473 2438 672 2519 Χελονοίζειν
696 2450 729 2504 et
751 2442 957 2526 σχελννοίζειν
980 2443 1215 2529 Theognostus
1239 2446 1297 2523 12,
1325 2448 1357 2510 7.

232 2551 266 2607 et
284 2539 472 2625 Hesychius
500 2539 616 2603 eodem
638 2541 738 2605 modo
764 2541 1016 2629 interpretantur
1038 2546 1214 2631 φλυαρεῖν,
1245 2568 1358 2632 eaque
1390 2551 1391 2624 ζ

230 2641 451 2710 Schneiderus
479 2642 521 2704 ad
541 2637 640 2728 χλευή
666 2640 777 2719 refert,
806 2643 869 2709 hoo
891 2656 998 2710 autem
1019 2645 1098 2710 ΕΜ.
1120 2667 1140 2707 a
1160 2647 1273 2726 χεῖλος
1300 2671 1358 2712 re·

230 2743 331 2829 petit,
357 2744 449 2826 cujus
475 2739 802 2826 paraschematismus
830 2756 880 2809 est
903 2742 1035 2830 χελύνη,
1061 2755 1093 2808 et
1121 2744 1217 2809 simili
1247 2759 1359 2812 meta—
1390 2745 1391 2814 J

224 2842 336 2930 phora
355 2839 557 2925 μολλαίνειν,
580 2839 644 2905 hoc
663 2852 715 2906 est
734 2843 945 2924 subsannare,
968 2844 1101 2910 alabiis
1122 2845 1189 2910 sive
1210 2849 1362 2930 μὺλλσις

229 2942 516 3010 translatumesse
540 2949 677 3005 constat.
724 2943 913 3032 Σχέραφος,
940 2947 1110 3034 σκὲραφος
1138 2957 1171 3012 et
1199 2948 1363 3036 κέραφος
1390 2989 1391 3028 4

229 3041 432 3130 grammatici
454 3040 577 3128 pariter
601 3053 772 3128 exponunt
796 3043 981 3130 χλευασμός
1003 3045 1158 3132 λοιδορία
1186 3047 1225 3112 ci.
1246 3049 1362 3116 Proll.

228 3147 302 3212 292.
335 3144 423 3210 unde
457 3165 525 3208 nou
558 3142 659 3229 longe
692 3143 810 3208 absunt
848 3145 1059 3231 οκερβόλλειν
1095 3158 1128 3212 et
1161 3157 1360 3234 κερτομεῖν.
1390 3141 1391 3164 ³

227 3249 353 3332 Σχῦρος
375 3245 480 3327 ἐχῖνος
501 3246 584 3310 Hes.
608 3268 627 3308 a
651 3242 713 3332 χήρ
744 3247 923 3311 derivatum
947 3247 1075 3313 videtui
1101 3271 1163 3313 nec
1191 3250 1363 3318 dissimile
1390 3305 1391 3336 3

230 3358 281 3412 est
300 3351 429 3428 χοῖρος,
450 3346 539 3410 unde
560 3346 778 3432 compositum
797 3344 1033 3432 χοιρόγρυλλος
1051 3351 1150 3414 modo
1172 3349 1363 3436 hystricem

227 3448 329 3512 modo
360 3445 542 3510 erinaceum
574 3447 814 3532 significat⁵³).
863 3449 999 3518 Nomen
1022 3449 1121 3535 χίδρα
1152 3453 1196 3516 ad
1225 3453 1365 3536 σχίζειν

299 3681 346 3746 51)
360 3680 518 3751 Hesychius
532 3678 733 3736 ’Λιιισκίλιιπτε
745 3669 887 3737 'staremus
902 3683 931 3738 τὸ
948 3686 1046 3758 δέρμα,
1065 3683 1134 3740 ὅθεν
1149 3691 1196 3740 καὶ
1215 3691 1366 3744 exolutis-

228 3787 295 3841 φης,
315 3769 393 3837 quod
409 3766 494 3835 vulgo
515 3765 619 3820 dicitur
636 3770 817 3838 σκυλοιλέψης.
1120 3755 1131 3766 ”

298 3853 345 3922 52)
364 3851 451 3905 Arist.
472 3852 568 3905 Nubb.
587 3854 647 3906 ⁷40.
670 3851 776 3923 σχίσας
796 3853 846 3924 τὴν
865 3855 1005 3928 φροντίδα
1028 3862 1057 3909 et
1077 3856 1174 3926 paullo
1195 3866 1266 3927 post
1291 3861 1365 3920 751.

227 3939 375 4011 ἁποχαλᾷν
391 3937 440 4006 τὴν
456 3939 594 4010 φροντίδα
614 3938 645 3991 id
662 3947 706 3993 est
723 3939 829 3995 laxare.
912 3937 915 3954 '
1228 3943 1231 3948 ’

297 4025 344 4092 53)
356 4021 469 4093 Ὓσιριξ
487 4021 502 4077 ὃ
519 4020 733 4095 ἀκανθόχοιρος,
751 4021 765 4078 ὃ
780 4030 914 4096 χερσαῖος
930 4026 1021 4094 ἐχῖνος
1033 4023 1111 4079 Suid.
1138 4023 1368 4099 Χοιρόγρυλλος

227 4111 318 4182 ἐχῖνος
332 4109 427 4180 Cyrill.
458 4109 523 4162 Huc
538 4108 623 4163 etiam
636 4111 725 4164 verbs
739 4110 911 4192 oonveniunt
923 4106 1130 4182 ’Λιιοχοιραίσαι
1144 4110 1363 4182 λιιοσκιριῆσαι

227 4194 499 4263 ἀποσοβεῖν-ἔνιοι
517 4196 549 4250 δὲ
568 4199 615 4249 καλ
633 4193 679 4250 διὰ
699 4199 747 4251 τοῦ
767 4217 783 4251 ιι
801 4193 1029 4271 ιλιιοσκορριιίζαν
1046 4197 1154 4251 Aneod.
1175 4197 1268 4253 Bekk.
1285 4203 1367 4256 439.

227 4281 264 4333 cf.
280 4279 388 4334 Techn.
405 4281 462 4333 134.
