2825 4809
121 349 175 416 Da
194 343 399 414 SYNOOPE
418 344 566 414 UNIUS
588 343 809 414 VOCALIS.
843 343 882 414 C.
899 345 960 415 VI.
983 350 1009 433 ξ.
1023 345 1052 414 1.
1080 349 1153 426 931

81 537 180 602 udone
200 531 390 620 explicuisse
414 542 451 596 ut
476 532 574 617 φιλοῖ
600 533 696 598 attice
721 532 756 596 in
780 531 897 622 φιλοίη
925 544 1083 600 mutatum
1105 535 1156 601 di·

80 647 159 713 caret,
180 635 253 699 hinc
276 644 382 699 antem
403 645 437 699 et
456 635 634 700 secundam
655 657 829 721 personam
853 635 999 702 extitisse
1021 637 1157 725 φιλοίης

80 753 104 806 ct
114 739 251 824 deinceps
266 736 403 822 primam
419 736 564 824 φιλοίην.
597 739 710 823 Atque
726 737 774 802 sic
789 735 1041 804 Choeroboscus
1060 739 1157 804 etiam

78 843 188 929 ιρίφοιν
220 839 340 906 enodat
375 838 496 926 triplex
530 835 647 917 πάθος
683 849 885 906 commentus
919 841 1156 927 pleonasmum‚

77 944 258 1020 uchomen,
278 963 457 1028 syncopen.
501 941 571 1009 Sed
591 942 685 1008 addit
704 937 723 1008 d
752 940 789 1007 dd
806 938 1015 1029 Ἡρωδιανὸς
1036 943 1073 1010 τὸ
1097 967 1155 1032 ps-

75 1036 290 1142 λοίη-σίλλοίως
318 1042 512 1131 σχηματίζει
540 1039 610 1111 ἀπὸ
639 1047 697 1110 τοῦ
725 1045 859 1130 φιλοῐμι
888 1048 1000 1134 τροπῇ
1028 1050 1089 1134 τῆς
1114 1036 1156 1130 7ιῖ

75 1145 111 1225 είς
128 1174 171 1233 ην,
198 1145 361 1230 quomodo
387 1144 484 1212 etiam
506 1147 665 1233 τρεφοίην
686 1144 854 1232 accepisse
875 1144 1018 1224 videtur,
1043 1159 1076 1212 ct
1097 1149 1156 1214 od·

74 1249 124 1314 dita
138 1269 273 1335 syncope
294 1249 442 1337 τρίφοιν.
485 1247 622 1314 Praeter
642 1247 705 1314 hoc
722 1271 806 1314 unus
825 1248 957 1314 affertur
971 1247 1157 1333 hujusmodi

74 1351 209 1437 optativus
227 1351 288 1416 scd
304 1351 334 1416 is
350 1350 441 1416 verbi
458 1350 684 1437 anthypotccti
705 1345 878 1436 ἁμάρτοιν,
897 1353 990 1436 cujus
1005 1353 1155 1440 exemplo

73 1456 251 1520 Humannus
272 1454 308 1520 in
329 1456 409 1521 Eur.
423 1453 500 1520 Hel.
516 1452 589 1518 271.
612 1447 730 1536 λάβοιν
751 1473 811 1538 pro
832 1454 947 1536 λαβεῖν
960 1453 992 1538 ⁵)
1016 1454 1156 1542 scripsit,

74 1558 119 1621 dia
135 1557 180 1622 his
199 1557 318 1622 similia
334 1555 528 1622 Dindorfius
550 1565 582 1621 ct
596 1553 746 1620 Naukius
770 1556 811 1621 dc
825 1555 997 1643 Aristoph.
1020 1581 1053 1644 p.
1065 1559 1157 1625 V.-

72 1660 100 1723 ln
116 1659 254 1745 personis
275 1659 403 1724 numeri
424 1657 529 1724 dualis
551 1669 585 1723 et
600 1657 735 1744 pluralis
758 1669 811 1723 eta
831 1680 930 1744 saepe
946 1659 1157 1745 praecedenti

74 1760 248 1848 diphthongo
271 1761 389 1827 cedere
409 1760 528 1825 iterant
543 1758 805 1847 scholiographi:
830 1761 1056 1845 διακρινθεῖτε
1075 1765 1159 1828 soro

72 1866 161 1940 ιιὰιλος
183 1864 314 1949 γέγονεν
340 1861 377 1928 ἐκ
402 1866 462 1928 τοῦ
490 1862 756 1950 ὁιακρινβειήιε·
783 1856 910 1945 ὁμοίιος
936 1860 973 1927 τί)
1003 1862 1157 1930 catastis

72 1962 114 2028 ιιιλ
131 1967 387 2053 λιατοσμηθεῖτε
413 1963 491 2030 Sch.
511 1965 556 2030 A.
579 1964 624 2028 ad
646 1964 686 2029 Il.
708 1964 773 2028 III.
798 1964 870 2029 102.
899 1985 966 2028 non
995 1962 1156 2050 explicato

71 2065 207 2159 quodnam
226 2064 293 2131 hoc
313 2062 432 2145 πάθος
449 2065 509 2143 sit3
531 2067 642 2136 Schol.
661 2066 706 2132 ad
723 2066 810 2132 Plst.
827 2065 1011 2153 Euthyphr.
1026 2066 1101 2132 328.
1116 2067 1156 2130 Β.

73 2167 168 2233 dubitet
191 2180 304 2234 utrum
324 2167 458 2234 atticum
480 2162 730 2256 ἀπαλλαγῶμεν
751 2191 794 2234 ex
815 2191 961 2256 syncope
986 2179 1093 2234 ortum
1116 2168 1158 2234 sit

71 2293 100 2333 cn
113 2293 144 2335 er
158 2272 253 2338 crasi.
289 2271 385 2336 Illam
399 2271 547 2358 plerique
561 2282 706 2336 veterum
721 2271 924 2359 praeferunt:
941 2267 1159 2358 Ἡρακλείδης

68 2372 133 2455 λίγιι
150 2372 199 2440 ίίιι
221 2370 241 2462 ἡ
263 2369 391 2458 σἰρχαία
407 2368 528 2451 'Audio
548 2371 591 2439 τὰ
611 2369 746 2440 εὐκτικὰ
767 2369 948 2459 συγκύπτοι
964 2369 1039 2439 κατ’
1059 2370 1158 2458 ίξαρ·

67 2495 104 2538 σιν
124 2480 197 2554 μιᾶς
222 2477 395 2562 συλλαβῆς
419 2478 662 2559 κσσριοίλεῖμεν,
690 2481 896 2560 κρινέλεῖμεν,
925 2471 1016 2558 alpes
1037 2477 1094 2542 καί
1118 2475 1159 2542 τὰ

26 2612 27 2617 κ
66 2571 166 2643 scissos
193 2575 338 2660 δεύτερα
365 2577 460 2643 Εαελ.
487 2576 585 2652 1907,
607 2574 661 2641 46.
691 2573 805 2664 εἴημεν
832 2575 921 2661 είότε
948 2577 1007 2644 καί
1035 2576 1159 2668 ἐκβολῇ

26 2701 27 2769 j
65 2682 110 2742 aad
128 2664 152 2765 ᾗ
172 2671 240 2744 είτε
267 2677 379 2765 Epim.
401 2678 430 2743 Ι.
453 2678 527 2744 367.
550 2675 588 2743 τίν
614 2675 771 2764 ὑφαιρεῖν
797 2679 833 2746 ad
863 2670 890 2766 ἦ
909 2684 973 2746 τῶν
1001 2672 1159 2746 sincratio

65 2778 169 2857 δοκοῖς,
191 2785 316 2866 τιμῴς,
340 2773 593 2846 inerudissimis*
615 2769 643 2866 ᾧ
663 2776 863 2858 ἀκολούθως
882 2777 1012 2865 εἴρηται
1028 2779 1065 2844 τὸ
1084 2780 1159 2846 δια-

64 2886 207 2960 κρινθεῖτε
229 2881 401 2947 Plutarch.
424 2882 466 2946 de
488 2882 588 2948 Pocs.
610 2884 711 2948 Hom.
736 2906 763 2947 c.
785 2883 867 2948 XII.
911 2884 1040 2948 Horum
1063 2881 1159 2962 trium

64 2980 113 3046 doc
133 2983 235 3069 prima
256 2983 384 3069 vulgari
404 2985 504 3049 modo
528 2995 693 3050 contracta
715 2995 803 3061 sunt,
831 2986 960 3050 tertium
983 2981 1158 3068 synaeresi,

63 3085 225 3163 addicitur,
249 3075 352 3150 attica
374 3109 471 3171 quarn
495 3087 705 3172 Musgravius
728 3088 771 3152 ad
791 3087 883 3154 Med.
907 3087 979 3152 719.
1002 3084 1105 3171 (731.)
1128 3091 1160 3148 et

63 3183 251 3254 hermannus
273 3187 317 3276 ad
333 3185 485 3253 Phoenn.
502 3189 594 3254 1209.
615 3189 712 3254 etiam
731 3188 886 3274 singulari
904 3187 1089 3254 concedunt
1106 3183 1161 3250 illa

63 3297 161 3366 μεθεὶς
178 3289 340 3366 scribens,
358 3289 412 3356 hic
429 3284 476 3356 είν
495 3313 556 3377 pro
574 3288 653 3378 τίον.
681 3283 831 3371 ’Ἀνωχθι
850 3313 891 3356 cx
908 3286 1056 3376 ἆνιίγρθι
1080 3311 1160 3355 oon-

62 3387 146 3456 cisum
165 3415 241 3458 esse
266 3393 436 3458 contendit
455 3394 534 3459 EM.
558 3393 629 3472 115,
650 3394 703 3460 38.
724 3401 846 3478 negant
865 3392 912 3457 illi
934 3415 1017 3478 quos
1038 3392 1160 3457 Eusta-

63 3490 131 3556 thius
159 3494 291 3560 inducit
322 3494 399 3571 790,
428 3494 478 3560 18.
510 3497 601 3562 δοκεῖ
624 3519 692 3562 τισι
721 3488 1007 3571 ιιεεατιειιλάσθαι
1036 3493 1081 3571 ἐκ,
1101 3497 1161 3560 τοῦ

63 3581 148 3680 desuye
163 3592 251 3664 καθ’
276 3595 390 3679 ἕτερον
407 3595 651 3678 προςτακτικὸν
671 3590 800 3662 cetrati
819 3593 1041 3680 (ουντελικόν)
1064 3604 1161 3680 atque

63 3691 127 3760 hacc
147 3697 289 3764 fortasse
310 3696 484 3784 Apollonii
510 3697 669 3763 sententia
693 3696 755 3762 fuit
779 3694 1005 3782 imperativum
1026 3696 1162 3784 perfecti

61 3795 231 3894 ipepsilou
254 3801 343 3868 exire
365 3800 563 3879 affirmantis,
585 3795 603 3863 d
627 3799 664 3866 dc*
681 3793 886 3886 Ἡρωδιανὸς
906 3792 1096 3864 τούναντίον
1115 3794 1163 3876 εἷς

61 3907 105 3963 ds·
121 3905 206 3988 μηδὲ
228 3903 294 3989 γὰρ
314 3897 399 3970 εἶναι
420 3901 480 3991 τὴν
501 3900 549 3981 εἰς
566 3891 785 3987 ἷκατάληξιν
803 3897 881 3968 Sch.
892 3900 936 3964 A.
948 3899 992 3966 ad
1003 3899 1043 3966 Il.
1054 3899 1161 3966 Χ.67.

116 4158 144 4224 5)
157 4157 207 4214 stc
220 4159 306 4214 etiam
317 4153 455 4228 ἆμιίριοιν
465 4156 720 4243 illud—inomnib-us
734 4160 818 4213 codd.
832 4157 936 4214 Suidas
945 4155 1164 4229 parispomenon

61 4247 101 4295 est.
126 4243 199 4299 Num
218 4244 307 4316 igitur
323 4246 439 4300 fuerunt
454 4245 504 4319 qui
523 4264 584 4315 οιην
603 4243 634 4298 in
652 4264 696 4300 οιν
715 4252 889 4302 contractum
908 4251 1040 4319 putarent
1063 4250 1093 4300 ut
1114 4243 1164 4304 do-

60 4332 163 4404 καίομεν
182 4332 339 4405 occuper?
