2825 4809
253 348 330 422 520
605 339 927 408 DISSERTATIO
955 339 1017 408 IV.

251 555 282 596 v.
292 529 436 596 Ahrens.
446 526 535 593 Dinl.
546 525 644 592 Aeol
654 525 755 611 54sq.
767 525 866 610 tosq.
895 526 950 592 De
962 525 1072 590 dativo
1086 521 1210 611 ιαμίασι
1226 527 1321 596 dicatur

253 631 342 697 alibi.
364 667 405 680 -
424 629 514 705 Iota,
543 626 634 714 quod
655 637 774 713 poetae
804 627 1040 714 praepositioni
1068 623 1150 713 ὑπέρ
1170 627 1284 714 simplici
1299 643 1321 696 et

253 729 455 821 compositas
475 721 782 810 internuntiando
806 727 890 807 ἅλα,
913 724 1093 812 ὑπεέρρχσς
1111 737 1167 794 etc.
1187 728 1322 796 Gramma·

252 837 309 903 tici
333 841 468 902 monent
486 830 522 896 in
542 830 608 894 fine
629 828 858 894 collocandum
878 829 980 896 inisse
1002 824 1105 912 ὑπερί
1125 827 1226 909 ιιιένί,
1247 831 1323 918 orori

252 934 366 1026 πρσεί.
415 936 540 1002 Verum
567 930 630 996 hae
653 929 900 1016 monosyllabae
932 930 1226 1019 prossohematismo
1249 933 1323 998 mulo

254 1051 330 1107 sunt
340 1033 651 1104 accommodatiores
667 1055 765 1117 quam
785 1028 881 1119 ὑπέρ,
904 1034 996 1118 quod
1018 1031 1075 1097 ubi
1088 1032 1273 1098 ‚adminiculo
1289 1034 1324 1098 in-

254 1143 390 1229 digeret,
413 1135 633 1226 promtissima
654 1143 724 1198 erat
745 1133 866 1199 vocalis
889 1157 955 1219 qua
975 1134 1150 1200 hnlciuntur
1171 1127 1260 1214 daal,
1278 1159 1325 1199 ια-

254 1242 327 1331 ραί,
356 1240 522 1323 semelque
549 1235 646 1301 etiam
673 1235 779 1321 prima
806 1236 931 1322 syllaba
957 1235 1207 1323 praepositionis
1226 1233 1325 1320 περίἱι
1374 1278 1375 1312 ,

254 1344 406 1431 syntheto
431 1336 636 1424 Πειρίθους,
676 1337 730 1403 cui
758 1338 937 1425 adstupent
969 1337 1180 1404 Grammatici
1204 1336 1324 1422 Epiml
1374 1333 1375 1408 l

253 1447 327 1513 370.
347 1444 429 1510 EM.
450 1439 525 1516 668,
549 1438 599 1504 15.
642 1439 684 1504 Id
701 1440 826 1506 Asoles
846 1441 986 1506 fortasse
1006 1440 1159 1505 dixeruru
1176 1437 1327 1524 Περρἰθαις

253 1558 292 1614 ιιι
311 1544 485 1632 πέρραχας.
530 1540 703 1607 contrario
732 1551 823 1606 motu
851 1541 1047 1629 diphthongi
1065 1527 1260 1609 {vocalem
1275 1538 1325 1602 ulti·

38 1648 58 1679 *
159 1678 164 1692 ι
253 1670 341 1715 mam
368 1647 404 1710 in
429 1642 587 1729 syllabam
614 1643 746 1708 finalem
777 1644 943 1710 transiisse
970 1644 1139 1710 contendit
1161 1641 1325 1706 Herodianus

254 1752 289 1816 in
312 1744 478 1815 Choerob.
506 1744 588 1811 Can.
610 1743 690 1823 852,
713 1743 765 1811 25.
796 1746 925 1811 Anecd
956 1746 1023 1813 Ox.
1046 1745 1087 1810 T.
1110 1746 1175 1812 111.
1200 1735 1291 1808 27οΪ
1278 1739 1323 1806 eoi

254 1855 314 1920 roi
337 1844 408 1933 εἰμι’
428 1845 467 1913 τὸ
491 1839 691 1934 δεύτεραι
660 1869 709 1922 εις
735 1846 791 1914 καὶ
812 1841 897 1914 καθ’
920 1842 1147 1935 ὑπέρθεσιν
1131 1843 1192 1925 soi,
1215 1843 1262 1911 nol
1278 1841 1328 1910 lod

254 1951 297 2020 ιὰ
323 1947 374 2028 εἰς
402 1974 417 2014 ι
447 1944 607 2070 λήγοειια
637 1943 738 2033 φύσει
766 1953 922 2036 μακρᾷ
913 1945 1190 2035 παραλήγεται
1174 1943 1250 2012 eccl.
1283 1939 1330 2010 Διὰ

253 2052 288 2120 εἰ
317 2051 354 2119 dd
378 2043 439 2118 οὐκ
459 2046 532 2114 ἔστι
551 2045 592 2117 τὸ
613 2075 633 2114 ν
653 2045 909 2131 ἐφελκσστικόις
936 2048 1022 2115 κατὰ
1044 2048 1105 2134 μὲν
1132 2042 1281 2136 Τρύφωνα
1296 2042 1333 2111 du

254 2146 509 2235 πλεονασμόν”
486 2173 555 2230 εχει
576 2154 636 2216 τοῦ
657 2173 681 2230 ι,
705 2173 790 2215 κατα
780 2148 847 2216 δὲ
864 2143 1099 2218 Φιλόπονσν”
1079 2174 1135 2216 στι
1160 2142 1237 2214 καθ’
1258 2142 1333 2232 ilitio

254 2261 354 2322 θεσιν
376 2251 520 2338 ἕγένετσ,
551 2273 617 2336 quo
638 2250 673 2317 in
693 2251 768 2318 loco
796 2273 857 2338 pro
880 2251 921 2318 sol
949 2248 999 2330 εἰς
1020 2278 1033 2318 ι
1056 2250 1157 2318 scribi
1178 2259 1291 2338 oportet
1307 2243 1335 2312 ri

255 2351 305 2432 εἷς
325 2379 362 2422 σι
382 2362 421 2416 ut
441 2349 665 2420 Choerobosc.
690 2352 772 2419 Can.
794 2353 868 2432 565,
890 2353 943 2418 31.
966 2351 1008 2420 rol
1031 2349 1080 2430 εἷς
1101 2357 1138 2421 σι
1161 2349 1333 2441 ρήματαμα-

255 2458 319 2544 κρᾷ
342 2453 483 2521 θέλουσι
506 2449 781 2542 παραλήγεσθαι,
803 2451 942 2533 δίδωσι,
969 2449 1134 2538 ζεύγνυσι,
1166 2452 1251 2533 ἐσσί,
1274 2450 1334 2536 quod

256 2579 359 2644 quum
383 2565 547 2678 repugnet
572 2556 705 2642 regulae
732 2556 937 2643 propositae,
969 2555 1070 2622 verba
1099 2555 1265 2622 inferenda
1287 2563 1377 2618 sut

255 2657 443 2744 hujusmodi
467 2654 505 2724 sd
531 2654 569 2724 δὲ
592 2653 713 2724 tuost
690 2680 758 2738 εχει
778 2657 878 2726 θέσει
898 2655 1043 2744 μακράν
1067 2651 1104 2723 σι’·
1128 2658 1192 2746 γὰρ
1212 2649 1248 2746 ἦν
1266 2653 1338 2778 piro
1376 2621 1377 2724 l

255 2755 488 2881 μακρύνεσθαι
508 2757 564 2824 ἵνα
585 2757 630 2843 μὴ
655 2756 845 2846 σιιεμπέσῃ
864 2760 912 2846 τῷ
935 2751 1002 2826 εἶσι
1026 2750 1047 2845 ἢ
1068 2761 1116 2846 τῷ
1140 2754 1199 2846 tini
1219 2752 1283 2824 dari
1299 2758 1340 2821 roi

256 2857 353 2952 φησί.
395 2860 520 2926 Verum
546 2856 622 2925 ἐσσί
645 2857 814 2924 residuum
842 2869 892 2924 est
917 2859 1008 2925 verbi
1034 2859 1135 2947 prisci
1164 2857 1254 2945 ἐσμί,
1283 2853 1341 2923 s‘orl.

255 2961 378 3028 Adhuc
399 2982 501 3024 unum
530 2959 663 3024 affertur
691 2961 752 3026 sed
775 2959 910 3026 dubium
936 2956 1145 3049 ἑξαίᾳσης’
1124 2958 1198 3029 απὸ
1218 2985 1271 3028 τοι
1258 2955 1343 3036 ’ἐξα

200 3101 204 3109 -
255 3060 357 3149 ιιιίης
388 3059 475 3128 κατὰ
507 3057 694 3146 μετάθεσιν
727 3062 784 3127 καὶ
816 3061 946 3150 τροπὴν
976 3064 1037 3129 τοῦ
1067 3063 1177 3147 ψιλοῦ
1209 3058 1255 3139 εἷς
1281 3051 1343 3124 δασύ

257 3162 436 3248 Moschop.
466 3160 587 3229 Schsd.
618 3185 652 3248 p.
681 3161 734 3228 59.
764 3184 826 3228 nec
852 3163 970 3228 certior
989 3161 1164 3250 Apollonii
1190 3163 1345 3246 conjectura

255 3262 291 3328 in
310 3262 403 3330 Diss.
424 3265 470 3329 ΙΙ.
492 3263 533 3328 P.
555 3263 584 3328 I.
608 3285 637 3328 c.
658 3263 688 3328 Ι.
711 3267 737 3347 §.
758 3263 790 3328 2.
818 3263 916 3329 allata
944 3262 1194 3352 ἕξαίφνηςῬιο
1223 3263 1259 3344 ἐξ
1276 3257 1344 3348 ἄφι-

255 3361 347 3441 ιείας
377 3363 500 3428 dictum
529 3387 612 3430 csse.
657 3363 761 3446 Quod
787 3387 888 3449 quum
921 3365 1000 3432 satis
1028 3365 1177 3432 mirabile
1205 3366 1263 3442 sit,
1297 3375 1346 3425 tun

256 3487 391 3552 prorsus
413 3488 481 3530 non
502 3465 650 3552 intelligo
680 3489 746 3551 quo
774 3466 874 3532 modo
904 3466 1069 3532 conciliari
1095 3469 1215 3554 possit¹
1232 3489 1296 3534 cum
1318 3483 1344 3526 eo

255 3568 330 3632 loco
353 3589 451 3652 quem
472 3567 507 3633 in
530 3566 691 3634 vestibulo
714 3567 811 3652 hujus
839 3567 1071 3654 disputationis
1093 3569 1188 3634 attuli
1210 3561 1346 3636 ἀλλὰκαὶ

255 3667 423 3752 συλλαβαὶ
442 3664 684 3757 ὑπερτίθεειαι
702 3665 863 3756 ἐξαπίνης
884 3666 1060 3758 ἐξαίφνης,
1087 3663 1217 3758 ὄρωρεν
1239 3661 1345 3756 ὤρορεν,

254 3771 332 3836 Hoc
363 3767 399 3834 in
430 3791 497 3834 nno
530 3781 617 3836 certe
644 3769 785 3836 Homeri
811 3769 886 3836 loco
920 3771 1099 3857 perfectum
1129 3771 1244 3860 potins
1275 3787 1346 3855 quau

213 3891 218 3898 “
256 3871 397 3938 noristus
420 3893 493 3938 esse
513 3871 642 3938 videtur
662 3872 724 3938 sed
745 3894 906 3959 quaenam
926 3872 962 3937 in
982 3872 1135 3939 adverbio
1158 3873 1217 3940 illo
1238 3870 1347 3956 ouon

254 3972 473 4060 transpositae
502 3973 583 4052 sint,
620 3973 764 4040 divinam
791 3995 920 4061 nequeo
950 3997 1058 4060 neque
1087 3974 1151 4043 hoc
1179 3979 1349 4041 memoratur

254 4073 296 4142 ab
316 4075 489 4161 Apollonii
511 4077 747 4166 adstipulatore
771 4076 923 4142 Planude
946 4077 1007 4142 scd
1027 4076 1203 4164 λακέρυζα,
1226 4097 1282 4164 pro
1299 4089 1347 4158 quo

254 4177 375 4242 rectius
398 4170 590 4264 ὀρσόλαιιας
613 4178 784 4244 attulisset.
828 4178 914 4244 Nam
936 4178 1018 4245 illud
1041 4169 1180 4244 cornicis
1205 4177 1349 4265 epitheton

254 4299 275 4342 a
293 4278 394 4343 verbo
425 4281 540 4346 lausia
569 4281 751 4347 derivatum
778 4289 828 4346 cst
862 4280 953 4366 quod
983 4280 1144 4348 diversum
1173 4301 1287 4349 sonum
1304 4297 1347 4342 ex·
