2825 4809
253 366 327 443 390
535 356 856 425 mssnnunmo
885 357 934 423 n
976 358 1019 425 P.
1040 360 1087 427 11.

252 572 347 620 orum
367 549 402 614 in
422 536 506 625 ἆῖιξ
523 544 712 611 exeuntium
733 544 893 631 syllabam
912 546 1061 613 nltimam
1081 561 1261 635 amputatam
1271 577 1326 622 csse

252 652 383 719 abunde
408 647 550 737 probant
578 646 718 713 Homeri
738 648 897 734 figmema
924 643 1106 731 ἐννεάχιλοι
1129 659 1160 713 et
1181 649 1326 736 δεκάχιλοι,

251 776 336 841 qnae
358 750 512 839 copulata
533 759 609 815 nunt
629 770 671 814 ex
694 748 825 815 duobus
845 750 881 814 in
902 749 1070 839 paratheei
1082 750 1192 836 positis
1211 752 1327 834 ἐννεάπς

249 855 371 939 χίλιοι,
404 847 538 931 δεκάκις
562 876 591 934 χ.
634 850 721 916 Nam
747 852 775 916 si
802 852 859 936 qui
885 851 966 917 haec
995 852 1043 917 ita
1068 852 1255 939 interpretati
1272 868 1327 921 sunt

249 951 283 1024 ολ
309 952 412 1034 ἐννέα,
438 951 520 1021 δέκα
541 950 634 1038 χείλη
655 949 785 1035 ἔχοντες
804 954 902 1040 qnasi
923 976 965 1020 ex
986 952 1142 1020 cardinali
1161 964 1192 1019 et
1206 956 1326 1041 substan·

247 1059 314 1125 tivo
345 1055 530 1143 composita
556 1078 587 1120 v.
615 1054 709 1121 Diss.
737 1056 783 1120 Π.
820 1078 849 1122 c.
873 1057 939 1122 111.
967 1060 994 1141 ξ.
1016 1056 1048 1123 2.
1077 1054 1240 1143 analogiae
1269 1060 1325 1145 plus

247 1182 345 1249 quam
365 1160 448 1225 ratio
470 1158 593 1247 patitur
609 1156 825 1225 indulserunt
868 1157 1039 1224 Adverbia
1053 1158 1181 1245 integra
1192 1160 1326 1245 nunquan

245 1263 452 1352 reperiuntur
478 1261 542 1327 nisi
574 1261 609 1326 in
637 1261 806 1347 parathesi
835 1283 909 1327 cum
942 1260 1164 1327 cardinalibus
1189 1286 1326 1345 τετράκις-

243 1366 357 1447 χίλιοι,
379 1358 665 1451 πεντακιςμύριοι,
688 1362 797 1427 accisa
817 1384 952 1449 perraro
973 1364 1008 1429 in
1033 1363 1178 1449 synthesi
1200 1386 1264 1429 cum
1282 1365 1324 1428 ad·

236 1465 367 1552 jectivis
388 1473 426 1529 ut
447 1474 498 1529 est
518 1457 730 1541 ἑπτάπεκτος
751 1475 786 1529 et
807 1464 1053 1551 τετραέλικτος,
1085 1464 1205 1551 quibus
1226 1466 1326 1531 accedit

242 1567 432 1633 adverbium
467 1590 487 1631 a
518 1564 662 1631 Cornicis
695 1566 808 1631 fictum
836 1563 1037 1634 δεκάπαλαι.
1086 1567 1266 1633 Proximum
1289 1579 1325 1631 eat

242 1657 303 1737 W
322 1670 382 1735 sed
404 1668 554 1756 exemplo
573 1689 640 1740 uno
663 1656 771 1753 eoque
793 1667 948 1755 ambiguo
970 1668 1322 1756 ap.Sehol.Arat155.

240 1766 335 1860 πηδά
360 1771 444 1839 κατὰ
471 1768 642 1857 συχκοπὴο
666 1770 710 1837 τά
738 1771 906 1859 πηδάλια,
947 1771 1012 1839 nisi
1045 1794 1219 1861 apocopen
1243 1773 1322 1838 dicere

237 1871 340 1940 voluit
362 1881 400 1937 ut
419 1871 576 1959 Apollon.
598 1869 686 1937 Adv.
710 1870 784 1937 567.
813 1871 871 1939 ὅτι
897 1873 958 1939 καί
988 1871 1049 1941 δύο
1072 1878 1243 1959 συλλαβῶν
1260 1868 1333 1939 ἄπο--

238 1972 347 2043 κοπαὶ
363 1972 512 2061 γίνονται
534 1971 569 2039 ἐν
589 1977 639 2059 τῷ
660 1972 742 2056 περὶ
757 1976 883 2041 παθῶν
904 1971 1058 2063 ἐδείχθη·
1073 1974 1194 2063 τόχάρ
1213 1976 1326 2063 πρόπαρ

238 2074 343 2155 οὕτως
365 2074 433 2158 ἔχει
454 2074 514 2141 καὶ
533 2073 572 2142 τὸ
594 2069 709 2161 μάκαρ
730 2072 791 2139 καὶ
818 2074 857 2141 τὸ
882 2072 976 2163 πηδά
1004 2076 1066 2143 καί
1089 2076 1129 2144 τά
1158 2074 1236 2161 ὑμίν
1253 2078 1325 2161 παρὰ

236 2175 457 2266 Καλλιμάχῳ,
487 2177 548 2243 sed
575 2198 618 2241 ne
647 2196 821 2262 apocopae
846 2176 980 2260 quidem
1005 2178 1194 2265 indigemus
1214 2178 1329 2243 admissa

234 2276 519 2379 paragoge-node
547 2274 658 2367 πηόόν
677 2272 855 2365 λπηάάλιοκ
883 2278 1113 2345 v.1>r011.59.
1143 2291 1177 2346 et
1195 2280 1243 2346 98.
1281 2280 1326 2346 Se

234 2382 345 2468 quitur
364 2408 434 2460 αοο,
458 2380 486 2445 si
507 2380 639 2446 bufonis
661 2378 808 2466 epitheto
836 2379 994 2469 λαχειδής
1025 2382 1227 2469 significatur
1248 2384 1328 2461 λαχα-

232 2481 364 2571 κοειδής
384 2482 419 2546 id
440 2492 491 2547 est
521 2479 694 2568 πραοίζων
717 2491 755 2545 ut
779 2481 921 2547 Tzetzes
952 2484 1188 2571 interpretatur
1213 2486 1254 2549 ad
1270 2484 1326 2549 Nic.

231 2586 295 2652 Th.
310 2585 383 2667 570.
396 2587 427 2671 ⁵)
455 2582 514 2650 sed
539 2584 740 2669 antiquiores
763 2606 825 2670 pro
847 2582 952 2663 δασύς
972 2586 1041 2651 sive
1062 2582 1234 2675 λαχνώάης
1255 2607 1328 2650 accc-
1379 2601 1382 2636 ῖ

229 2698 348 2777 parunt
367 2688 407 2753 cf.
430 2687 532 2754 Proll.
557 2686 608 2750 77.
651 2686 741 2751 Num
765 2686 822 2771 qui
831 2687 1016 2752 Homerum
1034 2687 1198 2773 adjectivo
1220 2682 1327 2773 άπτοο-

228 2814 287 2869 τος
306 2799 371 2855 tres
392 2790 501 2854 literas
522 2776 585 2876 ἧὶο
607 2788 767 2854 exemisse
789 2788 1003 2868 crediderint,
1031 2814 1100 2855 non
1127 2791 1210 2856 satis
1236 2791 1327 2875 liquet

228 2892 339 2962 Schol.
359 2894 403 2958 A.
429 2892 472 2958 ad
494 2892 533 2955 Π.
556 2890 585 2955 Ι.
610 2889 684 2954 567.
711 2896 826 2976 χεῖρας
855 2885 1008 2971 άάπτους
1025 2887 1247 2977 Ἀρίσταρχος
1272 2892 1327 2956 ία-
1370 2927 1378 3024 Ι

226 2995 286 3074 τάς
313 2994 373 3060 καὶ
396 2988 600 3080 άπτοήτοος,
632 3001 664 3057 et
687 2992 786 3059 VIII.
808 2992 882 3058 209.
927 2991 1014 3081 Ἥρη
1052 2989 1230 3082 (imoensis
1253 2986 1327 3077 Ἀρί-

225 3119 366 3181 σταρχος
383 3098 484 3185 ψιλοί
495 3090 579 3173 ἴσως
600 3093 696 3176 παρά
719 3091 759 3159 τὸ
783 3098 985 3160 ποριεῖσθαι
1006 3088 1026 3181 ἦ
1049 3088 1225 3182 άπτόοτος
1244 3093 1326 3177 ἐντῷ

224 3194 333 3280 λέγειν
346 3190 376 3283 ἢ
398 3191 484 3283 άγαο
505 3199 666 3261 πτοοῦσα.
711 3193 844 3258 Etenim
874 3217 948 3259 cum
979 3195 1080 3282 stirpe
1108 3218 1229 3261 vocum
1256 3192 1327 3278 ποίη

223 3296 328 3363 πτοία
356 3302 487 3363 πτοιεῖο
514 3286 733 3382 compositum
764 3305 815 3361 est
844 3288 1025 3382 άπτοοςθ).
1051 3301 1279 3381 imperterritus
1303 3304 1327 3357 et

222 3400 399 3466 accedente
429 3397 527 3484 alpha
563 3398 720 3463 intentive
759 3398 811 3462 vel
855 3398 1060 3483 pleonastico
1096 3393 1251 3476 άάπτοος
1289 3397 1328 3479 (ut

221 3496 406 3587 άάαπετος)
436 3501 527 3584 cujus
561 3500 766 3565 accusativus
793 3499 828 3562 in
857 3494 1010 3578 άάπτοος
1040 3498 1191 3565 contrahi
1234 3506 1326 3586 potest
1377 3521 1378 3582 3

220 3601 315 3688 quasi
337 3625 357 3665 a
378 3600 577 3667 nominativo
598 3596 749 3679 άάπτοος
777 3601 824 3667 sic
850 3612 887 3665 ut
914 3598 1116 3688 παλίρρους,
1149 3602 1211 3667 sed
1235 3600 1325 3666 nomi·

218 3702 364 3770 nativum
391 3726 524 3790 quoque
550 3704 673 3791 fingere
699 3704 776 3768 licet
802 3725 949 3789 syncope
980 3714 1184 3769 attenuatum
1207 3696 1324 3776 άαπτος
1377 3715 1379 3774 j

177 3867 181 3873 .
218 3806 302 3872 sicut
325 3803 448 3882 διπλάς
476 3828 538 3892 pro
562 3801 704 3882 διπλόος
730 3814 763 3868 et
789 3796 943 3893 άψοῤῥος
970 3807 1150 3871 secundum
1179 3805 1325 3891 quosdam

292 3978 320 4046 5)
340 3976 372 4051 §i
388 3970 551 4046 λαχανειάής
574 3973 790 4046 praeponimus,
818 3976 936 4029 duarum
957 3977 1041 4029 modo
1060 3974 1205 4031 literarum
1226 3973 1325 4044 jactura

216 4064 445 4215 faetisiiietzee
457 4148 494 4201 ad
506 4147 575 4201 Hes.
590 4146 666 4217 Opp.
687 4145 746 4199 147.
760 4138 865 4201 ίίαπτοι
876 4152 972 4217 χοῖρος
983 4149 1014 4201 αἱ
1025 4141 1138 4218 άφοβοι,
1156 4140 1268 4205 intuor
1279 4138 1325 4212 γάρ

113 4286 118 4295 ,
213 4227 355 4301 ὄάφοβος
370 4239 606 4306 μικρογραφεῖται
624 4234 758 4299 statuaria
778 4235 856 4303 quod
876 4232 959 4287 finxit
978 4241 1095 4304 propter
1112 4249 1216 4287 nomen
1233 4226 1325 4284 montis

214 4316 334 4368 Πτῶον.
