2825 4809
187 292 190 301 Δ
268 330 345 407 274
473 383 477 391 .
562 326 884 393 crassescere
911 327 959 392 α.
1002 327 1094 393 αι.
1148 386 1152 391 ,

267 512 484 581 consensione
515 533 641 577 summa
669 508 850 589 munimur,
876 511 1031 598 idemque
1050 512 1085 578 in
1102 513 1219 581 duobus
1236 519 1335 588 Anto.

267 614 377 699 lagiae
397 613 479 677 locis
504 614 569 679 ΙΧ.
591 614 666 679 408.
687 623 721 677 et
740 612 824 679 XII.
842 613 914 677 119.
936 613 994 679 ubi
1009 613 1177 682 Jacobsius
1192 618 1335 686 erSchae

215 794 224 812 ι
266 716 329 783 leri
350 714 480 781 decreto
506 711 585 801 ἡμέο
609 714 730 790 edidit3
751 708 879 800 ὑφάγεα
901 714 1043 780 Theocr.
1068 715 1113 784 IL
1135 717 1202 783 101.
1236 718 1335 787 Ahreu

268 818 337 885 sius
357 816 394 883 in
416 812 547 904 ἂφαγέο
569 815 705 883 mutavit
726 815 787 881 sed
805 815 963 881 intactum
988 816 1108 881 mansit
1130 813 1223 901 μίμεο
1241 820 1271 882 in
1286 844 1337 887 ver-

269 919 360 987 sibus
383 918 546 985 Simonidi
568 917 744 1005 adscriptis
769 940 803 1003 p.
820 917 879 983 157.
910 918 963 983 ed.
984 918 1184 985 Schneidew.
1219 920 1273 985 His
1291 945 1338 989 nos

268 1021 408 1087 elitioam
423 1018 572 1085 vocalem
591 1019 787 1085 subductam
808 1041 881 1084 esse
903 1020 963 1085 sed
981 1042 1053 1085 eam
1071 1020 1204 1105 quaein
1222 1021 1338 1089 substan·

221 1134 226 1139 “
268 1123 315 1189 tia
334 1120 426 1189 verbi
447 1121 648 1200 continetur,
671 1120 883 1207 cognoscitur
903 1144 945 1185 ex
965 1122 1154 1207 imperativo
1170 1124 1269 1188 tertiae
1283 1148 1338 1190 oon-

260 1222 444 1311 jugationis
470 1218 661 1301 ἀνακοίιεο,
686 1244 784 1308 quem
803 1225 1022 1300 Buttmannus
1044 1222 1339 1309 Gramm.§.105,t
1376 1247 1378 1302 ς

266 1326 366 1393 tacite
386 1334 616 1412 paroxytonon
641 1324 729 1390 fecit
771 1323 862 1389 Huic
883 1348 1019 1390 numero
1039 1326 1255 1391 Herodianum
1271 1327 1339 1391 etion
1376 1373 1377 1378 η

265 1427 467 1507 homericum
485 1421 580 1491 αἴδεο
597 1425 759 1511 adjecisse
772 1448 842 1491 non
856 1437 908 1491 sat
925 1427 1011 1491 clare
1027 1428 1202 1494 ostendunt
1215 1438 1339 1514 pomum

266 1530 353 1595 illius
374 1526 491 1593 scholii
512 1525 612 1591 verba
636 1526 744 1593 allatis
766 1527 931 1613 proxima:
951 1526 989 1594 τὸ
1012 1529 1128 1609 μέντοι
1150 1524 1237 1595 αἴδεο
1253 1528 1338 1594 uulsi
1376 1571 1378 1574 ·

265 1633 406 1699 τοιαῦτα
429 1632 488 1716 τῆς
508 1622 645 1715 πρώτης
670 1620 751 1695 iimo
774 1628 931 1714 συζυγίας
951 1634 1017 1695 τῶν
1037 1630 1281 1713 περισπωμένων
1294 1624 1338 1694 ἴλ-

136 1765 141 1773 ·
266 1735 325 1820 λης
346 1724 527 1811 ἀναλογίας
550 1725 670 1809 ἴχιιαι.
706 1729 774 1794 Hic
790 1730 819 1794 si
839 1730 1049 1815 negationem
1069 1729 1234 1795 inserimus
1250 1724 1279 1795 oi
1292 1732 1337 1813 τῆς

145 1876 148 1886 =
266 1828 419 1919 πρώτης,
442 1830 497 1897 ille
520 1829 562 1895 de
583 1828 683 1896 verbo
708 1830 869 1916 berytono
891 1826 1033 1914 alituum
1054 1831 1208 1915 loquutus
1228 1838 1274 1894 est
1295 1828 1340 1894 Sin

267 1934 309 1999 de
337 1928 513 2015 αἰδέομαι,
540 1930 576 1995 id
603 1943 703 2018 negat
732 1954 807 2000 cum
834 1933 976 2014 κλέομαι
1003 1933 1156 1999 omnibus
1182 1932 1266 1999 rebm
1285 1952 1341 1994 eon-

264 2033 391 2108 venire;
421 2031 488 2097 hoo
512 2032 664 2099 nimirum
693 2045 743 2099 est
764 2043 875 2099 sextae
897 2032 1133 2117 barytoncrum
1155 2033 1271 2109 classis,
1285 2029 1343 2097 illud

264 2136 389 2223 primae
410 2134 676 2221 perispomenon.
719 2136 779 2201 Ad
794 2135 977 2220 berytonon
991 2135 1135 2225 pertinet
1153 2129 1242 2201 αἴδεο
1260 2142 1343 2195 terre·

265 2238 405 2325 petitum
428 2235 500 2301 sine
523 2238 589 2303 ulla
611 2237 767 2303 librorum
788 2236 1023 2323 discrepantia,
1051 2238 1096 2301 ad
1118 2236 1248 2301 alterum
1266 2228 1345 2297 elisio

267 2337 518 2406 Od.1X.269.
550 2361 590 2403 ex
618 2334 731 2407 αἴδὲεο
753 2347 957 2403 contractum
974 2349 1012 2403 ut
1033 2343 1177 2421 μυθεῖαι
1198 2348 1230 2403 et
1247 2332 1347 2401 nonna

265 2443 375 2516 κλεῖα,
398 2433 559 2523 εὐῤῥεῐος,
581 2461 769 2525 quanquam
783 2438 978 2505 Eustathius
1001 2438 1099 2517 1361,
1120 2440 1173 2505 34.
1196 2438 1230 2502 id
1247 2454 1347 2521 quoque
1376 2477 1378 2486 .

265 2565 309 2607 ex
332 2538 426 2609 αἴδεο
444 2540 566 2605 iactum
588 2552 699 2608 censet
724 2540 903 2608 ἐπενδέαει
928 2544 988 2608 soi
1016 2528 1118 2607 ἶκαὶ
1142 2535 1347 2624 καταβιβασμῷ
1376 2613 1378 2618 Ι

265 2647 327 2711 τοῦ
358 2637 473 2719 τόνου,
508 2641 564 2727 qui
597 2642 839 2708 catabibasrnus
868 2664 937 2707 non
964 2651 1102 2728 apparet
1131 2642 1166 2706 in
1193 2634 1349 2725 imperativo

266 2742 360 2828 ἔρειο
384 2742 424 2806 11.
453 2741 519 2807 xl.
548 2742 621 2809 611.
654 2744 718 2809 nis
745 2744 782 2807 in
810 2743 1050 2829 aliquerdd.
1071 2742 1226 2827 auoque.
1263 2738 1350 2803 ωο-

265 2852 363 2911 centu
392 2842 575 2929 imperativi
604 2839 772 2930 ἀποαίρεο
799 2844 840 2909 11
866 2846 896 2911 1.
918 2843 992 2911 215.
1020 2866 1088 2909 non
1116 2865 1231 2909 omnes
1251 2835 1350 2921 conspi-

163 3000 165 3006 .
263 2968 355 3015 rasse
385 2955 524 3031 apparet
547 2966 588 3011 ex
614 2945 695 3013 EM.
726 2945 803 3025 126,
829 2946 881 3012 18.
910 2943 980 3015 ἀπὸ
1013 2950 1075 3013 τοῦ
1106 2944 1266 3032 αἱροῦμαι
1291 2933 1378 3028 νατᾶξ

264 3045 419 3119 διάλυσιν
440 3043 536 3131 αῐρῖο
559 3056 592 3111 et
611 3046 722 3133 Epina
745 3047 774 3112 Ι.
798 3048 851 3114 24.
873 3043 942 3116 ἀπὸ
963 3049 1023 3114 τοῦ
1050 3043 1148 3133 αἴρεο
1176 3046 1254 3132 (scr.
1277 3038 1352 3127 αἱρῶ)
1376 3087 1378 3094 -

263 3150 302 3219 εδ
326 3146 569 3232 normannum
592 3143 691 3234 αἴρου
714 3144 851 3235 (αἱροῦ)
868 3146 926 3222 καὶ,
941 3147 1027 3215 κατὰ
1042 3146 1198 3215 διάλυσιν
1218 3140 1302 3231 αἴρεο
1315 3139 1355 3205 καὶ

218 3314 221 3317 .
263 3242 442 3336 inuoluto.
485 3249 534 3315 Hi
557 3250 635 3335 quia
656 3248 787 3328 λίσσεο,
818 3250 948 3315 sicum
973 3248 1093 3313 usitato
1116 3246 1236 3315 λίσαοο
1256 3242 1378 3344 confer-3

265 3361 334 3427 mr,
361 3349 513 3416 dissoluti
544 3352 689 3438 speciem
719 3349 833 3429 offert,
860 3350 945 3417 hanc
972 3350 1113 3435 dialysin
1138 3340 1356 3436 improvideal

264 3451 519 3540 perispomenon
544 3450 640 3537 αἱροῦ
663 3452 905 3519 transtulerunt.
949 3455 1036 3519 Nam
1057 3454 1150 3538 quod
1171 3444 1377 3517 Thierschius,

263 3553 448 3641 suspicatur
476 3552 512 3619 iu
541 3552 685 3620 Gramm.
710 3557 735 3637 ς.
764 3555 838 3620 221.
865 3578 898 3619 n.
929 3556 979 3621 18.
1011 3555 1108 3641 hujus
1135 3575 1270 3640 quoque
1291 3542 1358 3615 verbi

263 3655 429 3743 duplicem
442 3653 544 3721 luisse
566 3655 827 3722 terminationem
848 3653 951 3740 αἱρέω
973 3667 1008 3721 et
1029 3657 1124 3744 αἴρω,
1147 3656 1212 3721 etsi
1226 3651 1357 3740 quodan-

261 3759 362 3829 modo
378 3757 587 3824 confirmatam
603 3758 766 3843 contagiis
779 3756 954 3823 verborum
966 3753 1052 3843 αἴρω
1065 3767 1097 3823 et
1116 3754 1245 3844 αἱρῶν.
1259 3748 1360 3819 Techn·

264 3860 336 3929 135.
360 3869 468 3925 tumen
490 3856 605 3927 dubim
635 3881 677 3925 au
703 3860 742 3925 id
769 3857 896 3925 abillis
917 3858 1137 3945 significatam
1155 3858 1295 3925 nonsit
1329 3850 1361 3913 In

261 3970 399 4033 accentu
427 3958 609 4046 imperfecti
636 3954 772 4046 ἇναίρεο
797 3960 925 4026 Herod.
940 3961 1026 4031 vll.
1050 3962 1106 4040 16,
1126 3962 1158 4026 3.
1182 3982 1282 4047 quem
1298 3956 1361 4020 Bre-

262 4066 379 4134 dovius
412 4062 514 4137 tacite,
537 4062 572 4130 in
601 4062 814 4149 penultimam
835 4063 1015 4142 emotum,
1044 4064 1178 4130 codices
1201 4061 1280 4127 mire
1300 4076 1361 4120 eon·

261 4169 384 4237 uiuum
405 4196 409 4204 2
427 4166 524 4233 Duos
547 4162 722 4234 verborum
750 4163 983 4249 barytonorum
1007 4165 1220 4253 imperativos
1241 4155 1365 4229 homeri·

260 4292 319 4335 eoa
342 4266 554 4335 Grammatici
584 4266 709 4355 duplici
735 4267 837 4333 mo'do
864 4267 1061 4355 expediunt:
1091 4266 1205 4347 λῖλιξο
1228 4263 1288 4338 καὶ.
1302 4251 1361 4325 ⁷³1³
