2825 4809
251 329 326 404 496
600 317 921 392 DISSERTATIO
950 319 1012 388 IV.

251 507 408 578 aorism'm
435 501 588 594 ἔτρέπην
608 505 651 572 εδ
677 504 791 593 τέρπω
817 506 960 574 referunt
986 515 1022 572 ut
1042 504 1247 592 Apollonius:
1271 531 1333 594 τρο-

250 614 391 698 πεέομεν
415 613 634 696 τερφθιῖριεν·
663 603 796 696 εἴρηται
827 607 864 676 δὲ
894 606 979 676 κατὰ
1003 605 1185 690 μετάθεσιν
1210 599 1334 674 irritati

250 709 464 798 ταρπεέομεν.
513 710 559 776 Et
587 708 651 776 boo
676 709 777 775 modo
806 710 905 778 atim
934 708 1079 794 quinque
1109 707 1218 788 coristi
1237 707 1337 772 activae

249 817 373 882 formae
395 810 599 898 explicantur
621 811 729 896 δέρκω
750 807 905 894 ἔδαρκον,
934 808 1055 898 πέρθω
1083 807 1247 896 ἔπαρθον,
1270 806 1337 894 ὅπερ

250 901 378 1004 γίνεται
412 910 495 979 καθ’
535 909 795 998 ὑπερβιβασμδν
823 910 979 996 ἔδρακον,
1013 908 1169 998 ἔπραθον
1201 909 1338 977 Choerob.
1383 927 1384 948 ³

251 1017 334 1083 Can.
363 1014 438 1091 625,
468 1013 497 1079 7.
529 1005 679 1100 ἥμαρτον
706 1010 765 1078 καὶ
796 1005 883 1078 καθ’
913 1006 1167 1098 δπερβιβασμδν
1198 1006 1340 1099 ἤμβροτον

249 1120 331 1196 623,
352 1116 405 1182 20.
429 1115 573 1200 δραθεῖν
594 1108 679 1180 καθ’
708 1107 894 1200 ὑπέρθεσιν
917 1109 963 1191 ὡς
984 1111 1107 1197 κραδία
1127 1113 1208 1178 ΕΜ.
1222 1111 1289 1188 285,
1301 1112 1340 1176 54.

251 1215 431 1306 ἇπέπαρδε
451 1252 494 1264 -
515 1211 644 1298 ἔπραδε
667 1213 705 1282 δέ
733 1211 1004 1300 προτεταγμένον
1034 1201 1136 1299 scrip
1161 1212 1253 1282 Suid
1273 1211 1343 1297 quod
1384 1215 1385 1272 i

252 1319 401 1388 doricum
436 1339 510 1382 esse
536 1314 721 1402 colligimus
747 1337 789 1380 ex
815 1314 950 1380 dicterio
977 1313 1034 1380 illc
1051 1317 1118 1382 νῦν
1145 1307 1178 1382 τ’
1208 1305 1299 1401 budae
1319 1311 1343 1388 ἐς

248 1422 350 1508 χορὸν
370 1423 426 1486 νῦν
447 1411 477 1484 τ’
501 1412 655 1503 ἔπραδες.
689 1416 731 1482 In
747 1417 911 1484 communi
928 1437 1076 1482 sermone
1096 1425 1129 1482 ct
1144 1415 1243 1482 attico
1259 1411 1344 1500 ἔπαρ-

251 1526 309 1593 δον
339 1521 473 1597 dicitur,
504 1517 678 1606 dupliciter
705 1541 782 1586 vero
812 1505 1027 1604 κατέδαρθον
1052 1526 1085 1582 et
1105 1516 1307 1603 κατέδραθον
1322 1538 1343 1578 v.
1385 1510 1386 1602 l

251 1624 297 1690 ad
322 1624 445 1690 Buttm.
476 1621 549 1686 142.
603 1619 659 1686 Ab
686 1620 755 1698 his,
784 1642 923 1705 quorum
949 1619 1044 1706 origo
1070 1619 1154 1684 ultra
1182 1615 1347 1688 memoriam

243 1727 350 1811 jacet,
373 1723 528 1790 diffcnmt
548 1721 680 1808 poetica
699 1721 756 1788 illa
771 1745 791 1788 a
807 1719 964 1808 stirpibus
983 1721 1073 1808 puris
1092 1720 1247 1798 derivata,
1268 1741 1346 1783 unum

251 1830 320 1910 δρῶ
346 1825 431 1892 κατὰ
453 1824 661 1912 παραγωγήν
682 1821 789 1911 δρέκω
812 1823 870 1890 καί
894 1819 930 1890 έν
950 1817 1136 1905 ὑπερθέσει
1158 1821 1266 1907 δέρκα
1285 1820 1346 1884 Ζοο.
1386 1802 1387 1862 l

249 1927 324 1992 490.
357 1926 494 1990 alterum
524 1928 602 2012 πρῶ
636 1921 764 2012 πρὴθω
797 1925 918 2009 πέρθαι
951 1947 983 1989 v.
1014 1919 1141 1990 Tcobn.
1176 1922 1229 1988 63.
1258 1932 1286 1986 et
1308 1921 1346 1986 97.

250 2027 368 2095 borum
390 2027 478 2094 enim
498 2025 611 2092 coristi
626 2025 792 2092 literarum
812 2025 960 2092 ordinem
975 2045 1043 2091 non
1059 2035 1190 2090 mutant
1203 2023 1266 2090 nisi
1280 2023 1349 2108 quod

251 2125 417 2218 εδδρακής
449 2123 567 2197 dicilur
598 2136 631 2193 et
658 2123 825 2213 εδδαρκής
851 2128 934 2194 Hes.
983 2125 1086 2196 Verbi
1107 2126 1247 2214 perfecti
1265 2136 1349 2190 muu-

250 2231 374 2300 tionem
395 2229 581 2318 approbant
600 2226 773 2313 ἔμβραμαι
795 2237 829 2294 et
842 2229 1014 2314 βέβραμαι
1031 2229 1072 2296 ab
1088 2228 1261 2315 Hesychio
1275 2228 1350 2292 allata
1387 2239 1388 2280 3

251 2353 312 2419 pro
335 2332 516 2417 εἵμαρμαι,
539 2343 572 2394 ct
593 2330 779 2417 διέφρασαι
798 2327 892 2416 παρὰ
911 2323 1027 2418 ’loono
1048 2331 1270 2416 (Schneidew.
1280 2329 1349 2413 218.)

251 2431 342 2500 ἔστιν
359 2429 533 2519 ἔφθαρσαι
549 2427 607 2496 καὶ
625 2426 712 2496 κατὰ
727 2427 889 2515 πάθοςθ)
910 2427 1061 2518 ἔριαρσαι
1080 2432 1138 2500 καὶ
1160 2426 1246 2500 καθ’
1267 2428 1351 2516 δαέρ-

250 2539 351 2600 θεσνν
373 2529 520 2620 ἔφρασαν
540 2531 621 2598 ΕΜ.
643 2529 717 2608 273,
740 2532 792 2596 24.
832 2533 925 2618 Ergo
942 2532 996 2598 ille
1014 2555 1116 2618 quum
1133 2543 1270 2600 coactus
1286 2541 1351 2598 esset
1388 2525 1389 2552 ³

250 2631 340 2698 verbi
360 2628 538 2719 ἔφθαρσαι
562 2632 740 2698 secundam
760 2632 918 2717 syllabam
940 2633 1121 2721 corripere,
1151 2657 1217 2721 pro
1240 2633 1352 2724 ἔρνθρι-

251 2757 310 2802 σαι
333 2731 445 2819 posuit
473 2728 642 2819 ἔφρασαν,
671 2735 750 2818 quia
768 2735 883 2800 literae
909 2741 1026 2824 φθρ
1050 2736 1189 2802 nonita
1210 2746 1248 2802 ut
1267 2757 1285 2816 χ
1303 2741 1352 2817 θρ

252 2834 434 2902 consociari
462 2843 617 2919 possunt3
647 2856 825 2904 consonam
851 2837 959 2902 minus
982 2837 1203 2904 necessariam
1224 2835 1283 2902 rho
1302 2835 1354 2899 lor-

252 2946 338 3003 tasse
362 2934 523 3003 dimittere
545 2935 652 3002 noluit
670 2937 716 3003 ob
739 2961 813 3006 eam
830 2961 967 3006 causam
988 2962 1031 3006 ne
1053 2938 1218 3026 quiahoc
1239 2960 1296 3026 pro
1315 2957 1354 3000 sc·

251 3037 360 3104 cunda
383 3059 526 3123 persona
547 3039 639 3104 vcrbi
659 3036 843 3124 ἔφθασμαι
865 3040 1038 3128 acciperet.
1085 3041 1178 3107 Hinc
1207 3041 1252 3106 ad
1274 3036 1355 3104 decli·

250 3139 416 3206 nationem
430 3140 600 3206 nominum
621 3140 823 3208 deducimur.
868 3143 1015 3208 Primum
1039 3142 1179 3206 transitu
1203 3164 1222 3207 c
1243 3137 1357 3207 casuin

251 3261 363 3306 casum
396 3240 505 3306 literas
534 3243 704 3330 transponi
732 3243 871 3310 credidit
898 3243 1007 3330 Epim.
1036 3244 1065 3309 Ι.
1093 3243 1174 3322 390,
1206 3245 1258 3308 13.
1284 3239 1355 3308 (διεδ.

252 3339 311 3418 79,
332 3342 365 3406 4.
383 3342 479 3426 παρὰ
501 3343 539 3408 τδ
563 3342 623 3429 δήν
644 3340 664 3432 ἦ
687 3344 797 3432 γενικὴ
819 3342 918 3430 ῥητός
938 3343 997 3410 καὶ
1020 3343 1105 3414 κατὰ
1126 3341 1290 3428 συστολὴν
1309 3345 1356 3428 ῥα·

250 3437 308 3517 νός
335 3439 394 3506 καὶ
419 3437 455 3505 ἔν
477 3435 720 3531 δπερβιβασμῷ
749 3438 865 3530 ἀρνός,
894 3446 935 3512 δε
966 3466 1034 3531 quo
1062 3455 1095 3510 et
1120 3445 1163 3510 de
1187 3444 1295 3510 dativo
1314 3437 1356 3505 τέ-

250 3563 348 3625 τρασι
372 3540 456 3606 inira
476 3541 612 3609 dicetur.
655 3546 714 3610 Ad
735 3546 914 3613 motionem
934 3548 1098 3635 pertinent
1113 3545 1319 3632 βαρδδτερος
1334 3548 1357 3605 tt

250 3638 444 3723 βάρδιστος.
494 3645 589 3710 Haec
622 3647 709 3712 enim
740 3669 910 3734 nunquam
938 3649 980 3714 ad
1009 3671 1081 3714 eam
1107 3647 1248 3714 formam
1268 3641 1356 3710 revol-

249 3750 368 3805 vuntur
397 3764 495 3826 quam
525 3745 739 3814 Grammatici
766 3751 948 3816 naturalem
980 3771 1053 3816 esse
1080 3749 1284 3816 constituimt
1311 3739 1357 3809 scd

250 3864 363 3908 versus
384 3842 534 3941 heroicus
555 3850 723 3935 repudiat:
746 3849 843 3934 παρὰ
867 3853 906 3918 τδ
930 3847 1036 3936 βάρος
1056 3848 1165 3938 βαρύς
1188 3851 1249 3916 καὶ
1270 3847 1356 3915 πλεο-

250 3947 367 4032 νασμῷ
383 3949 441 4011 τοῦ
463 3951 483 4012 δ
502 3949 629 4033 βαρδδς
647 3952 705 4016 καὶ
727 3949 761 4016 δν
783 3947 977 4038 ὑπερθέσει
990 3945 1117 4038 βραδύς
1136 3951 1220 4016 ΕΜ.
1235 3947 1305 4026 188,
1317 3944 1358 4010 22.

290 4262 297 4278 ⁴
319 4183 349 4250 8)
356 4180 477 4255 ’Ὑφεσιν
494 4183 588 4242 dicere
605 4182 695 4242 voluit
712 4183 770 4241 sive
788 4187 934 4260 ἐξαίρεσιν,
954 4205 1012 4246 non
1031 4183 1178 4260 σογκοπῆν
1194 4197 1229 4244 ut
1245 4183 1359 4246 Stortiut

250 4275 390 4337 opinatur.
