2825 4809
120 357 172 423 ΒΕ
189 351 302 419 ALIIS
327 348 564 420 SYNCOPAE
587 347 853 417 GENERIBUS
877 346 917 417 C.
933 346 963 414 1.
984 351 1010 434 λ.
1024 348 1057 416 2.
1080 352 1156 429 355

82 539 183 609 nemini
206 537 259 603 sed
285 535 347 601 hoc
378 534 501 623 duplici
530 535 630 603 modo
656 533 791 601 solvitur
816 533 853 597 in
874 533 964 601 Gtud.
990 534 1072 614 256,
1099 535 1155 603 28.

83 641 138 711 κατ’
162 637 276 706 ἔνδειαν
292 642 350 705 τοῦ
371 624 398 705 li
414 636 472 705 ναὶ
503 630 682 725 ἀποκοπὴν
714 640 775 723 τῆς
795 623 861 720 ᾖα,
885 632 918 703 ot
940 635 979 705 δὲ
1000 633 1097 721 παρὰ
1116 634 1156 704 τὸ

81 736 313 823 trapezetam
335 738 394 805 καὶ
422 733 541 825 κράσει
562 741 661 821 θᾶμα
684 734 743 803 καὶ
763 741 900 821 θαῦμα·
925 734 1032 815 οὕτως
1048 731 1157 822 Ἡρω·

80 839 168 917 decade
188 839 218 905 ἐν
237 838 479 928 ἐπιμεριομοῖς.
523 841 648 909 Verum
667 839 750 903 haec
772 837 845 903 alea
867 847 918 904 est
941 838 1074 931 minime
1097 860 1156 905 ne·

79 941 203 1017 cessanm
221 962 295 1005 nam
315 951 353 1007 ut
375 966 395 1007 a
417 941 488 1009 κάια
511 946 623 1022 καῦμα
647 939 829 1016 descendit,
848 938 894 1005 sic
913 934 1157 1007 οθάιαθούσω

80 1038 276 1130 (annotans)
297 1047 427 1127 θαῦμα.
449 1042 602 1109 Duorum
620 1042 790 1109 nominum
809 1040 1044 1129 quaePhotius
1067 1062 1156 1107 com·

78 1142 197 1229 plectitur
219 1140 439 1228 Φεναγμάτων
460 1138 818 1232 κατοφενακισμάνων,
851 1143 988 1209 alterum
1015 1165 1157 1229 parony-

77 1266 132 1308 non
150 1254 193 1308 est
212 1265 230 1305 a
250 1242 367 1329 φέναξ,
391 1245 528 1310 alerum
549 1266 569 1309 a
590 1240 769 1331 φενακίζιο.
812 1245 940 1312 Eadem
952 1245 1036 1309 ratio
1058 1244 1157 1309 inter-

77 1344 141 1409 cedit
164 1344 241 1409 inter
269 1339 468 1431 πάλλαγμα,
495 1346 522 1411 si
552 1344 740 1431 Aeschylus
768 1346 815 1412 ita
844 1346 977 1433 scripsit
1007 1344 1158 1432 Cho'eph

76 1446 127 1511 293.
146 1445 229 1529 (305)
253 1456 286 1510 et
307 1445 525 1529 παλλάκιομα
547 1447 615 1513 sive
637 1444 867 1531 wallaincourt,
890 1448 982 1534 quod
1001 1469 1090 1514 nuuc
1110 1447 1158 1513 le·

77 1549 139 1633 gitur
157 1571 174 1613 a
194 1546 292 1614 verbo
316 1548 434 1613 usitato
459 1549 654 1629 derivatum,
676 1549 759 1616 illud
781 1573 859 1616 vero
882 1551 924 1617 ab
945 1551 1159 1616 intermortuo

75 1645 216 1729 παλάοσιο,
240 1649 293 1715 oui
317 1661 494 1735 cognatum
518 1651 646 1716 videtur
668 1645 814 1718 παλιόιο.
860 1653 928 1721 Sed
957 1652 1048 1737 quod
1067 1651 1159 1716 Leo-

74 1751 142 1816 nidas
161 1751 287 1838 scripsit
308 1751 344 1816 in
363 1752 479 1839 Epigr.
523 1748 671 1839 Κρήθων
693 1747 712 1818 ὃ
734 1756 823 1819 πᾶσι
844 1748 1032 1840 μακαρνός,
1060 1774 1158 1819 nemo

75 1853 208 1937 negaverit
227 1875 289 1940 pro
311 1849 520 1940 μακαριστός
543 1854 688 1941 positum
718 1876 790 1919 esse
819 1854 937 1919 excisis
967 1852 1098 1919 duabus
1118 1854 1159 1919 li·

75 1954 130 2019 teris
151 1942 196 2022 ἷιῖ
237 1954 419 2023 Videamus
438 1955 508 2038 jam
536 1979 635 2041 porro
666 1964 804 2021 caetera.
854 1951 996 2040 Πρόμος
1026 1948 1046 2019 ὃ
1074 1949 1162 2040 πρό-

72 2079 151 2135 μαχος
170 2054 253 2123 κατὰ
276 2051 445 2142 σογιιοπήν
467 2056 578 2123 Schol.
601 2057 644 2121 A.
678 2056 721 2121 ad
742 2056 782 2122 ll.
804 2057 881 2124 VH.
906 2054 956 2120 75.
976 2056 1060 2124 XV.
1084 2058 1159 2124 293.

73 2156 128 2220 ΕΜ
146 2157 250 2242 Epim.
272 2157 301 2223 Ι.
324 2156 403 2233 356,
431 2157 461 2221 9.
491 2158 551 2224 sed
578 2157 720 2223 nominis
743 2152 830 2244 μάχη
853 2156 1012 2241 syllabam
1034 2159 1160 2245 capita·

73 2256 117 2321 len
134 2259 289 2325 excidisse
313 2268 378 2323 tam
406 2269 536 2345 praeter
555 2260 654 2327 fidem
678 2271 729 2325 est
755 2268 792 2322 ut
819 2259 901 2324 illud
929 2260 1068 2346 simplex
1088 2283 1161 2329 esse
1275 2310 1284 2323 ,

72 2359 189 2445 suspicer
214 2384 233 2425 a
261 2360 509 2447 praepositione
540 2358 607 2447 πρό
647 2362 828 2427 derivatum
858 2361 926 2427 fere
953 2372 991 2427 ut
1020 2360 1116 2441 ξονός
1142 2386 1163 2429 a

71 2454 118 2535 ξύν.
146 2453 313 2547 ’Όρομνος
334 2460 422 2527 κατὰ
443 2462 613 2551 συγκοπὴ-ν
642 2456 736 2531 εἶπεν
757 2454 829 2528 οἷον
856 2455 1043 2549 ὀρόδαμνος
1065 2463 1161 2552 παρὰ

30 2626 31 2647 3
70 2557 97 2624 ri
118 2554 235 2648 ὄρούιιν
264 2562 343 2629 Sch.
373 2563 447 2629 Nic.
478 2562 577 2628 Ther.
601 2564 653 2628 91.
684 2565 741 2648 qui
768 2564 796 2628 si
825 2586 893 2627 non
925 2563 1046 2627 veritus
1075 2576 1163 2631 esset

30 2702 32 2737 3
68 2683 128 2727 voce
150 2662 322 2729 themistius
348 2664 416 2741 uti,
439 2664 528 2729 haud
553 2665 652 2731 dubie
682 2666 869 2752 scripsisset
896 2662 990 2750 παρὰ
1015 2663 1053 2728 τὸ
1082 2656 1160 2749 ἶν’ρον,

69 2764 136 2829 unde
159 2775 350 2851 repetuntur
371 2788 554 2851 synonyma
576 2759 701 2853 ἶν’ρπηξ,
735 2760 872 2851 ὄρμενος
895 2777 955 2829 ete.
982 2789 1011 2830 v.
1035 2765 1161 2832 Techn.

67 2866 122 2929 tta.
143 2865 206 2932 Cur
227 2890 307 2931 vero
330 2890 399 2931 non
427 2869 539 2933 eadem
569 2868 694 2934 ratione
724 2867 940 2954 explicaretur
961 2868 1163 2953 gentilicium

65 2958 186 3047 Ἡλεῖος,
210 2992 313 3035 causa
332 2970 394 3035 fuit
415 2982 584 3046 accentus3
614 2969 661 3035 sic
691 2971 777 3035 euim
805 2970 950 3052 loquitur
973 2969 1162 3054 Stephanus

68 3060 206 3147 afflatae:
247 3065 266 3135 ὁ
306 3068 449 3159 πολίτης
478 3064 548 3139 ἀπὸ
582 3075 641 3158 τῆς
661 3066 804 3149 Ἤλιδος
830 3074 959 3155 γενικῆς
991 3063 1164 3156 ἀναλόγως

66 3159 207 3250 Ἡλίδειος
229 3165 277 3249 ὡς
300 3165 515 3249 macarianos
535 3170 593 3237 καὶ
614 3165 855 3248 Εὖπολίιλειος,
888 3169 946 3235 καὶ
969 3162 1051 3237 καθ’
1080 3168 1163 3259 dpa-

68 3291 105 3333 αν
120 3276 172 3337 τοῦ
208 3262 405 3351 ’ὅἨλιίιος
427 3271 484 3338 καὶ
508 3267 658 3350 Ἠλεῖος,
690 3271 748 3337 ubi
779 3273 872 3336 deest
898 3272 1021 3337 mentio
1053 3273 1163 3352 erasis,
1196 3326 1202 3335 .

67 3391 131 3451 quae
150 3373 183 3439 in
204 3374 288 3439 EM.
309 3373 391 3452 426,
416 3374 470 3439 32.
492 3372 643 3456 adjicitur
660 3366 827 3451 Ἠλίδειος
849 3371 907 3437 καὶ
929 3364 1085 3463 ἀποβολῇ
1105 3377 1163 3441 τοῦ

67 3460 228 3553 λἩλίειος
249 3474 308 3541 καὶ
338 3469 454 3560 κράσει
480 3468 623 3553 Ἡλεῖος.
668 3474 802 3542 Scilicet
832 3496 978 3563 syncope
1004 3474 1165 3543 effecisset

66 3586 356 3661 proparoxytonon3
379 3575 560 3662 eademque
585 3576 626 3641 de
649 3598 748 3641 causa
774 3576 1092 3663 properispomenon
1109 3601 1163 3643 τε·

66 3679 188 3759 ιρᾶχμον
210 3700 381 3766 syncopae
402 3678 533 3743 nomine
559 3677 746 3743 excludunt.
779 3679 856 3743 Hoc
874 3678 909 3741 in
927 3680 1035 3766 capite
1051 3677 1165 3745 ultimo
1225 3700 1234 3706 ·

67 3774 297 3864 disputabimus.
342 3779 510 3847 Gentilicii
532 3802 598 3843 una
625 3779 731 3845 forma
751 3780 898 3845 noscitur
913 3777 1049 3858 Ἠλεῖος
1068 3791 1105 3845 ut
1124 3780 1166 3846 ah

60 3864 138 3957 Ἦνις
156 3885 215 3968 τῆς
226 3873 373 3959 Ἤτιδος
392 3875 411 3949 ὃ
432 3878 574 3968 πολίτης
592 3874 724 3957 Ἠτεῖος
743 3882 825 3947 ΕΜ.
847 3882 929 3960 248,
958 3882 1011 3948 36.
1031 3883 1067 3947 in
1091 3882 1165 3968 qui·

66 3974 112 4044 bus
136 3991 275 4069 apparet
302 3978 562 4047 terminationem
597 3982 818 4068 possessivam
849 3982 995 4068 syllabae
1024 3983 1166 4049 nominis

66 4077 198 4149 indeflexi
227 4082 402 4171 primariae
436 4082 674 4169 agglutinatam
704 4106 787 4149 esse.
838 4084 907 4151 Sed
931 4078 1109 4163 Ἀδώνειος
1135 4096 1168 4152 et

66 4172 265 4263 Ἀδωνίδειος
285 4205 304 4249 a
326 4184 462 4273 diversis
485 4184 633 4250 oriuntur
657 4183 866 4251 nominativis
883 4176 992 4251 Ἄδων
1014 4177 1166 4255 ολἌδιο-

66 4302 111 4359 νις.
148 4286 403 4373 Diphthongum
427 4309 501 4351 oum
521 4296 677 4373 sequente
700 4309 848 4353 consona
871 4286 1080 4363 ehsamesse
1100 4301 1166 4357 sta·

890 4388 958 4452 23*
