2825 4809
126 369 181 434 DE
196 364 324 432 ALIIS
347 364 584 433 SYNCOPAE
603 364 880 434 GENEROEUS.
904 364 1001 432 011.
1020 370 1045 452 t.
1058 365 1089 433 2.
1113 369 1187 446 391

91 561 215 619 veterum
237 573 297 638 pro
319 544 501 644 ἀψιίῤῥοος,
529 550 717 636 omissoque
742 551 841 638 alpha
862 551 1062 638 prosthetico
1082 542 1192 630 ἷίτττος

89 677 138 742 pro
162 645 298 730 ὑίπτοος.
347 653 425 717 Hoc
458 661 566 717 autem
599 651 690 717 aditu
721 653 887 741 patefacto
915 653 1010 720 facile
1038 675 1077 718 eo
1107 673 1189 739 pro·

88 758 235 822 fluxerunt
262 763 299 818 ut
324 747 501 841 οίπτοιπής
528 753 819 841 interpretarentur
850 748 1086 844 ἆπτοητοεπής
1114 763 1190 819 tan·

87 879 169 943 quam
192 875 267 920 cum
295 849 407 932 τίπτιίς
434 856 623 942 copulatum
649 857 735 922 sicut
763 851 1018 942 ἇκαγιπτιίπους.
1064 855 1133 923 Sed
1155 864 1189 920 et

86 961 137 1025 hoc
154 957 263 1022 verius
294 955 336 1021 ad
365 952 461 1023 iimo
490 957 628 1022 refertur
655 953 939 1046 ἡκαθαπτομένη
964 950 1013 1021 δι’
1039 955 1132 1022 ε’πῶν
1153 966 1187 1022 et

85 1061 160 1147 quod
184 1054 281 1124 antea
304 1056 396 1123 attuli
419 1049 549 1136 ίίαπτος
576 1059 612 1125 id
634 1068 685 1124 est
711 1053 933 1144 ἆπρόςοιστος
961 1057 1030 1122 sive
1059 1050 1187 1145 ἇπρος-

83 1161 248 1238 πέλαστος.
292 1161 346 1226 Ex
363 1159 472 1228 Schol.
484 1159 583 1225 Pind.
598 1161 653 1228 01.
667 1162 709 1230 V.
728 1160 779 1224 54.
802 1158 840 1223 τι)
863 1153 995 1244 ὑγίεντα
1009 1154 1188 1244 Ἀρίσταρ-

81 1285 128 1342 χος
146 1254 366 1344 ἀναγινώσκει
388 1256 545 1339 ὀξύτονον
563 1258 622 1347 τὴν
638 1256 897 1346 παραλήγουσαν
910 1254 985 1324 ἄντί
999 1263 1057 1325 τοῦ
1073 1253 1186 1345 ὑγιεί·
1209 1338 1212 1358 ι

82 1385 184 1440 νοντα,
207 1361 273 1427 hoc
294 1361 519 1426 tantummodo
542 1363 740 1450 perspicitur
763 1361 850 1426 hunc
886 1360 1047 1446 adjectivo
1070 1359 1186 1426 dorico

80 1462 258 1549 assignasse
281 1474 451 1530 accentum
470 1464 716 1552 participiorum
736 1465 771 1528 in
790 1451 840 1541 εἷς
860 1463 1065 1539 exeuntium3
1088 1459 1189 1527 scho-

79 1565 160 1630 liasta
182 1565 324 1630 fortasse
346 1560 476 1652 ὑγίεντα
503 1587 544 1630 ex
564 1561 756 1651 ὑγιαίνοντα
786 1575 892 1630 ortum
921 1564 1050 1650 putavit
1079 1563 1186 1635 tribus

79 1666 166 1732 literis
190 1665 296 1744 elisis,
318 1689 385 1731 una
406 1675 539 1731 mutata.
583 1670 783 1752 Μαραυγεῖν
811 1666 984 1731 manifesto
1016 1688 1091 1731 cum
1118 1690 1187 1751 μα-

79 1765 168 1850 ραίνιυ
192 1778 371 1854 cognatum
391 1789 452 1834 nec
476 1777 583 1832 tamen
611 1767 687 1833 hinc
713 1768 933 1854 compositum
957 1777 1007 1833 est
1029 1768 1088 1833 sed
1110 1789 1186 1833 curn

78 1867 213 1934 themate
238 1869 329 1934 verbi
357 1867 469 1956 μαίρω
494 1869 516 1934 i.
542 1891 573 1955 q.
604 1863 738 1952 ἇμέρὺω
769 1868 906 1947 hebeto,
938 1869 1083 1943 marcido
1103 1868 1187 1936 EM.

79 1969 121 2048 76,
142 1972 196 2036 22.
224 1971 265 2036 cf.
288 1969 328 2036 O.
351 1971 379 2036 I.
402 1974 427 2054 t.
450 1969 481 2034 6.
734 1982 737 1991 “

147 2077 173 2157 6.
195 2074 228 2138 2.
273 2073 367 2138 Duas
401 2093 562 2138 consonas
593 2092 666 2136 cum
705 2081 862 2156 sequente
894 2072 999 2137 vocali
1031 2072 1187 2158 expulsus

79 2193 141 2238 esse
153 2175 231 2259 jure
261 2183 364 2259 negat
394 2173 535 2238 Tzetzes
564 2174 607 2237 ad
635 2175 718 2237 Hes.
750 2173 843 2260 Opp.
872 2173 946 2240 381.
978 2169 997 2238 ὑ
1028 2170 1188 2261 Πρόκλος

77 2270 196 2358 γελοῖόν
231 2297 317 2363 φησι
356 2273 394 2341 cri
418 2269 637 2358 Ἀτλαγενέων
659 2267 939 2359 Ἀτλαντογενέωυ
975 2268 1062 2342 εἶναι
1098 2273 1186 2342 δίον.

76 2365 156 2455 Ἔχει
185 2374 226 2442 δὲ
251 2369 451 2463 ἀμφοτέρως
479 2378 606 2452 καλαῖς·
634 2374 782 2441 κλίνεται
810 2375 873 2461 γὰρ
899 2375 958 2440 καί
980 2369 1102 2454 {sesag
1125 2377 1187 2442 τοῦ

74 2465 179 2554 iacto,
203 2469 581 2559 εἱουιἍβαςἌβαντος
603 2467 759 2560 καὶἌβα
781 2475 945 2542 Choerob.
971 2476 1054 2543 Can.
1076 2478 1129 2555 33,
1151 2478 1185 2542 3.

72 2573 178 2641 Schol.
200 2577 324 2643 Aesch.
345 2579 457 2642 Prom.
468 2577 542 2642 428.
564 2587 597 2641 et
618 2577 734 2663 Steph.
761 2599 786 2642 s.
809 2578 841 2643 h.
864 2602 894 2643 v.
918 2579 1047 2664 aliaque
1061 2577 1184 2644 Pamin

72 2677 138 2742 172.
161 2679 196 2742 in
219 2679 338 2764 quibus
363 2689 412 2744 est
432 2677 628 2762 adjectivum
650 2701 724 2744 curn
757 2680 872 2746 eodem
893 2679 992 2746 verbo
1017 2679 1186 2768 composi·

71 2788 134 2844 tum
151 2784 211 2846 τοῦ
232 2776 383 2847 notorio
407 2803 437 2846 v.
462 2779 551 2846 (1.1.
577 2785 601 2867 §.
621 2782 652 2847 2.
698 2776 907 2866 Λεόπαρὺος
935 2793 968 2846 et
996 2782 1186 2870 δράκαυλος

70 2903 134 2945 non
167 2903 242 2946 cum
276 2881 420 2967 genitivo
454 2883 638 2970 composita
666 2905 739 2948 esse
772 2883 901 2948 omissis
933 2882 1035 2948 literis
1068 2881 1186 2948 cliticis

70 2971 121 3048 v—ro
144 2983 204 3050 sed
237 3004 311 3047 cum
343 2983 417 3069 ipsa
449 2984 550 3071 stirpe
582 2984 723 3049 nominis
759 2985 888 3050 ostendi
920 2985 954 3048 in
985 2984 1107 3049 Parall.
1128 2983 1184 3048 48.

71 3080 262 3172 Τηλὺγετος,
284 3085 375 3170 quod
394 3085 701 3171 Epim.1.405,10.
721 3108 762 3150 ex
782 3083 1017 3174 τηλυγένντγτος
1037 3085 1186 3150 extitisse

70 3195 211 3251 autumat
233 3209 307 3252 cum
328 3188 399 3274 pari
421 3188 517 3252 trium
533 3189 766 3253 elementorum
777 3187 963 3274 dispendio,
983 3194 1015 3251 et
1028 3179 1188 3270 ταὺγετος

67 3287 182 3355 Parcll.
207 3289 279 3354 129.
293 3290 337 3353 ad
358 3290 502 3376 priscum
524 3291 588 3375 γέω
609 3290 760 3355 revocavi
782 3289 907 3354 Techn.
916 3287 987 3351 129.
1018 3285 1186 3354 Extermi-

68 3390 149 3454 natis
168 3389 271 3455 literis
290 3379 352 3469 ἷιῖς
373 3388 576 3469 πιστόουνος
602 3391 635 3456 in
667 3389 806 3468 πίσυνος
836 3399 995 3454 mutatum
1025 3410 1098 3454 esse
1127 3409 1187 3452 su·

37 3521 46 3534 -
67 3490 162 3556 mitur
182 3492 217 3556 in
238 3493 318 3559 EM.
342 3491 416 3570 639,
438 3494 491 3564 31.
514 3493 585 3557 eliis
609 3493 673 3557 alia
691 3491 919 3568 suadentibus,
943 3513 1082 3576 quorum
1102 3487 1185 3554 nihil

68 3592 164 3676 plane
194 3594 275 3658 satis
306 3594 384 3659 iacit
412 3616 442 3658 v.
472 3593 573 3659 Proll.
596 3595 669 3660 231.
700 3604 734 3658 et
760 3593 833 3658 239.
878 3593 985 3659 Iidem
1012 3615 1090 3658 vero
1118 3615 1187 3658 non

69 3694 172 3760 solum
192 3695 303 3761 literas
326 3697 499 3765 continues
522 3696 581 3761 sed
604 3696 701 3760 etiam
723 3695 902 3779 disjunctas
930 3706 962 3760 et
983 3696 1119 3760 aliarum
1134 3695 1188 3760 in·

69 3804 212 3862 terventu
234 3807 402 3885 separatas
430 3819 596 3884 syncopae
624 3797 784 3882 subjicere
810 3818 877 3862 non
908 3797 1001 3863 nefus
1023 3798 1186 3889 habuere:

68 3894 107 3961 τὸ
128 3896 239 3986 δίκρον
248 3894 479 3976 Ἀπολλώνιος
490 3893 559 3966 ἀπὸ
573 3901 632 3965 τοῦ
648 3893 829 3984 ὑικοίρανον
847 3897 934 3987 φησὶ
951 3894 1185 3983 συγκεκόφθαι

66 3995 147 4063 ΕΜ.
167 4000 246 4079 276,
269 4002 321 4066 23.
352 3998 447 4087 παρὰ
472 3998 510 4066 τὸ
531 3996 719 4076 θεσπέσιος
745 3997 873 4086 γίνεται
896 3998 1024 4074 θέσπις
1052 4021 1085 4082 p.
1107 3994 1184 4074 447,

68 4097 123 4162 50.
161 4102 215 4166 De
240 4112 381 4188 utroque
404 4123 504 4186 supra
527 4099 666 4166 disserui
686 4100 816 4184 rejectis
845 4100 1065 4183 conjectorum
1087 4119 1187 4184 argu·

69 4197 134 4263 tiis.
155 4195 356 4292 Ἀκραιφνής
380 4201 488 4269 Orion
500 4201 552 4280 31,
565 4201 596 4266 8.
620 4224 661 4266 ex
684 4195 931 4287 ἀκεραιοφανής
949 4200 1070 4264 factum
1092 4210 1191 4287 putat

70 4305 224 4390 surreptis
257 4304 361 4369 tribus
394 4304 491 4368 trium
525 4301 723 4388 syllabarum
755 4301 922 4367 vocalibus
958 4303 1017 4367 sed
1049 4303 1126 4370 huic
1153 4305 1191 4370 iu
