2825 4809
280 357 346 424 nn
366 355 642 426 annnorum
687 358 727 426 c.
749 359 797 426 11.
830 364 857 447 ς.
878 361 910 427 ι.
1079 370 1154 442 425

68 545 296 612 ncrisnentn'us
321 544 385 610 huc
411 545 662 611 adnumerantur
687 541 850 614 δεπάεσσι
874 548 1077 634 πλεονασμῷ
1094 551 1154 614 τού

68 636 188 714 {schot
209 646 280 712 BL.
304 647 348 712 ad
369 647 409 712 Il.
429 647 458 712 l.
481 647 556 712 471.
579 644 700 714 θύεσστ
723 647 781 714 καὶ
796 650 997 734 πλεονασμῷ
1014 648 1154 715 θυέεσσι

67 747 118 814 cod.
138 749 235 814 Voss.
256 749 336 814 EM.
358 749 432 826 457,
444 749 496 816 27.
519 747 636 834 hisque
655 756 688 813 et
703 747 863 814 similibus
876 744 1044 834 τεράεσσι,
1067 749 1153 836 φαέ-

65 850 286 927 ceramicum
303 849 469 916 Nicander
486 849 742 915 accommodavit
757 871 878 916 nomen
890 848 1008 914 diversi
1024 849 1154 935 generis

64 948 194 1033 ριχέεσσι
222 949 321 1036 alpha
349 962 499 1038 correpto
524 952 580 1017 Al.
613 951 685 1017 184.
714 950 780 1015 nisi
805 949 944 1037 ῥύγεσσι
971 949 1104 1036 scripsit
1122 971 1153 1017 v.

64 1048 166 1114 Techn.
193 1051 266 1116 291.
296 1062 330 1116 et
348 1053 421 1118 293.
453 1052 728 1138 Oyncgeticomm
754 1052 895 1138 scriptor
917 1051 946 1116 Ι.
966 1052 1041 1117 432.
1064 1047 1154 1118 ἆλτο-

61 1149 206 1217 πικέισσι.
249 1151 291 1218 In
313 1155 459 1238 ejusdem
478 1154 637 1219 Nicandri
657 1155 713 1218 Fr.
725 1153 790 1218 IX.
813 1153 949 1238 (Athen.
961 1152 1007 1216 II.
1029 1151 1081 1217 61.
1094 1153 1153 1236 Α.)

61 1273 102 1336 pro
129 1245 304 1321 ὑδάτεσσιν
331 1250 500 1322 ύεινάεσσι
532 1264 664 1342 recepta
692 1264 743 1320 est
770 1254 868 1320 codd.
899 1253 1059 1340 scriptura
1080 1249 1154 1320 ύει-

60 1349 184 1431 νοέεσσι,
220 1375 285 1437 quo
321 1354 349 1418 si
377 1355 431 1420 ille
460 1377 539 1422 usus
570 1366 636 1434 est,
671 1357 787 1420 maluit
812 1355 942 1442 epsilon
971 1355 1154 1439 interjicere

59 1475 137 1536 quam
153 1453 253 1539 alpha
267 1455 420 1539 adjectivi
436 1449 570 1544 ύειναής
586 1457 786 1543 producere,
809 1457 900 1543 quod
919 1457 958 1520 fit
976 1456 1011 1520 in
1032 1451 1156 1545 ἁλιαής

59 1564 77 1617 ct
103 1553 296 1638 quibusdam
330 1556 499 1622 similibus.
558 1560 813 1644 Κατωρυχέεσσι
844 1561 1010 1624 Homerus
1042 1579 1109 1623 non
1135 1578 1156 1621 a

57 1656 189 1741 καττύρυξ
210 1656 374 1724 derivasse
391 1658 521 1724 videtur
541 1658 602 1724 sed
626 1658 854 1746 τικατωρνχής
871 1659 1020 1744 quamvis
1039 1659 1154 1744 ignoto

57 1754 152 1832 nobis;
182 1757 229 1822 sic
250 1758 338 1824 idem
361 1756 612 1844 εύστρεφέισσι,
639 1758 803 1824 Pindarus
823 1760 921 1844 Pyth.
943 1760 990 1824 Π.
1012 1759 1065 1823 62.
1093 1783 1154 1838 με·

57 1855 312 1939 μλοτιευθέεσσι,
341 1859 538 1926 Theocritus
562 1859 697 1927 XXVI.
719 1860 773 1924 30.
803 1857 987 1946 εύαχέεσσι,
1015 1861 1155 1926 Ncnnus

56 1957 117 2022 IL.
138 1957 213 2022 385.
236 1953 431 2047 εύφαέεσσι,
456 1960 563 2046 Orph.
586 1961 669 2045 Arg.
692 1958 723 2024 5.
745 1960 1029 2045 πολοσπερέεσσι,
1051 1961 1154 2026 Anth.

56 2058 118 2123 VII.
148 2058 222 2124 363.
253 2057 444 2144 έχχενέεσσι.
497 2057 604 2128 Δύεσι
632 2059 795 2126 Aeclibns
826 2058 939 2125 tribuit
962 2061 1155 2126 Eustathius

126 2281 148 2362 ξ.
168 2279 200 2342 4.
248 2275 350 2359 Quod
371 2276 541 2342 Hesiodus
564 2273 703 2344 ἐθύνεον
726 2277 809 2341 dixit
833 2299 893 2365 pro
925 2274 1059 2356 ἔθανον,
1088 2299 1156 2343 non

52 2378 248 2463 pleonasmus
281 2387 331 2443 est
361 2387 399 2442 ut
424 2375 533 2463 Epim.
566 2377 594 2441 Ι.
621 2376 673 2442 55.
693 2379 891 2465 suspicatur
918 2376 977 2442 sed
1010 2379 1157 2464 enallage

52 2479 282 2557 declinationis,
318 2481 409 2564 cujus
443 2478 593 2566 exempla
630 2501 671 2542 ex
705 2480 793 2543 omni
832 2501 952 2565 genere
985 2479 1157 2545 verborum

51 2581 238 2665 lquidcrum
261 2580 457 2666 congregavi
478 2579 512 2644 in
533 2578 736 2644 Rhematicc.
782 2579 973 2665 Specicsius
1002 2579 1057 2643 hic
1078 2603 1156 2666 pro·

50 2691 207 2765 ponuntur
223 2681 288 2747 duc
304 2681 403 2746 verba
413 2701 496 2767 pura
506 2679 661 2766 primitivi
680 2681 820 2764 generis,
840 2681 874 2745 in
892 2680 1011 2766 quibus
1030 2681 1158 2768 epsilcn

49 2783 144 2848 vocali
162 2811 188 2849 ω
206 2784 421 2868 praemissum
437 2803 509 2847 esse
522 2781 655 2845 dicitur:
679 2779 717 2846 τύ
740 2778 927 2867 χρεώμενος
947 2781 1160 2865 πλεονασμον

50 2880 190 3004 ἔχειτοῦ
214 2910 229 2951 ε
249 2883 335 2950 κατὰ
356 2883 413 2972 τὴν
435 2876 601 2966 ἄρχουσαν
624 2875 747 2948 ὁποῖον
767 2880 826 2948 καὶ
847 2883 886 2949 τὸ
907 2880 1095 2969 μεμνέῳτο,
1119 2871 1158 2948 οὗ

48 2984 77 3049 τύ
104 2979 245 3063 ἀπαθὲς
268 2981 344 3066 <lixa
364 2987 423 3050 τοῦ
446 3011 462 3050 ε
486 2982 579 3069 παρὰ
602 2985 692 3070 τῷ
667 2984 865 3067 Σοφοκλεῖ,
868 2977 1071 3065 ,ούύαμτύς
1092 3005 1159 3065 με·

47 3083 272 3171 μντρμεθα“
300 3085 394 3151 Euat.
423 3077 523 3162 1332,
550 3083 600 3148 19.
649 3083 704 3149 De
729 3082 792 3148 hoc
819 3082 959 3168 amplius
982 3080 1093 3148 Schol.
1118 3081 1158 3145 ll.

46 3185 178 3251 XXIII.
210 3185 282 3251 361.
312 3187 482 3304 μεμνέῳτο
509 3181 567 3251 σύν
594 3209 640 3270 τῳ
672 3211 698 3272 ῳ
727 3209 746 3247 ο
732 3179 1010 3306 (Ἀσκαλωνύτρς
1039 3183 1075 3248 ἐκ
1100 3185 1160 3246 τοῦ

45 3287 218 3368 τιεμνέοιτο
242 3281 421 3374 ἡγούμενος
443 3279 583 3352 citaret
570 3285 686 3349 t.EM
709 3283 783 3361 578,
805 3282 857 3348 54.
880 3283 1084 3404 μεμνέιρτο
1074 3304 1160 3366 προ-

45 3382 316 3475 παροξύνεται
297 3385 367 3453 απὸ
395 3390 454 3453 τοῦ
475 3411 530 3470 με
517 3383 652 3468 τνέοιτο
677 3380 816 3470 αύξὴσετ
842 3388 901 3450 τού
924 3409 944 3450 o
974 3378 1023 3460 εἷς
1049 3409 1076 3448 ω
1093 3383 1160 3468 ¹⁸).

47 3485 201 3576 Ξενοφῶν
223 3485 261 3554 δὲ
281 3511 435 3573 μεμνρττο
460 3480 538 3552 dccv
561 3511 621 3554 του
643 3513 673 3566 ε,
710 3483 884 3582 Κράτης
864 3485 901 3553 δὲ
922 3509 977 3569 μοι
964 3487 1099 3565 μνοῖτο·
1122 3482 1159 3549 τύ

46 3588 79 3653 δέ
99 3583 266 3674 ανύλογον
296 3586 352 3653 διὰ
380 3613 439 3653 του
445 3613 497 3684 -ρ-
511 3587 750 3673 προςκειμένου
772 3611 830 3651 του
854 3607 885 3651 ι
930 3586 1103 3708 Πίνδαρος
1125 3583 1162 3650 δέ

46 3685 270 3775 ύωρικιύτερον
294 3687 492 3774 dederisne
517 3685 714 3772 μεμναίατο.
767 3683 970 3775 Χρειύμενος
999 3684 1162 3772 χρέωνται

49 3786 205 3874 ἐχρέωντο
228 3799 261 3854 et
280 3788 331 3854 his
354 3799 573 3855 consentanea
590 3789 750 3857 κτέωνται
767 3786 973 3855 ἕκτέωντο
943 3807 998 3853 mx
1019 3804 1164 3871 unquam

48 3887 196 3975 leguntur
220 3892 310 3978 apud
328 3891 536 3957 Herodotum
552 3890 631 3976 quin
648 3889 780 3955 codices
797 3887 990 3974 χρεόμενος,
1014 3890 1164 3955 ντέονται

49 4045 384 4059 ’ξ--ι--ιι-

114 4130 159 4194 16)
174 4129 597 4196 81ο81111111.1873,9.κτει’νῳμι
611 4123 671 4180 κατ’
690 4126 802 4180 ἔκτασιν
818 4125 848 4179 ἔτι
865 4126 913 4179 τού
931 4128 1074 4188 κτείναιμι,
1093 4137 1164 4190 quc·

47 4216 128 4268 modo
149 4215 235 4270 etiam
258 4208 329 4283 δῴη,
353 4209 443 4284 χνῴη,
467 4210 541 4283 ἁλῴη
562 4210 740 4283 explicantur
759 4213 825 4274 968,
844 4212 887 4262 63.
908 4217 939 4262 et
956 4203 1164 4277 ύτιοσταχύρντο,

47 4301 123 4365 quod
142 4300 210 4354 clim
227 4300 378 4370 legebatur
397 4317 449 4370 pro
469 4294 674 4369 ὑποσταχύοιτο.
689 4298 748 4362 od.
763 4296 906 4350 1111218.
