2825 4809
269 377 342 459 598
626 356 945 446 nrssmnunrro
972 373 1016 446 v.

268 569 373 634 tineus
397 563 566 652 significat.
609 564 698 631 Hunc
722 564 755 632 iv
777 569 883 653 σχερῷ
908 566 961 631 bis
982 566 1072 653 apud
1090 558 1248 635 Pindarum
1265 586 1290 636 et
1303 573 1327 638 in

268 671 365 737 codd.
395 665 553 754 Apollon.
578 667 606 732 Ι.
632 667 705 732 912.
737 691 798 755 pro
827 665 983 755 εἰσχερώ,
1017 669 1069 734 cui
1096 680 1204 756 poetae
1227 671 1328 740 iurasse

268 772 405 838 formam
433 769 651 856 incorruptam
679 771 918 857 praetulerunt,
946 770 1045 857 vulgo
1075 782 1177 838 autem
1198 777 1328 858 conjuncte

270 875 392 940 dictum
431 871 559 936 videtur
595 881 627 935 et
665 893 739 936 eum
776 871 1008 939 assimilatione
1050 897 1204 939 consonae
1231 871 1331 959 Ἰσχιριῖ

269 971 427 1060 (loys-oui)
444 970 520 1060 ἑξῆς
535 974 617 1068 lies.
663 972 775 1040 Simile
797 971 890 1038 affert
910 976 990 1042 EM.
1002 975 1074 1052 313,
1088 975 1140 1041 54.
1157 975 1247 1061 ἒγχρῶ
1265 973 1331 1062 ἐγγύς

271 1072 433 1165 ἀποκοπῇ
462 1077 521 1160 τῆς
529 1098 579 1172 τι
606 1075 791 1161 συλλαβῆς·
819 1074 987 1163 γράφεται
1017 1077 1053 1144 δὲ
1079 1076 1137 1142 καὶ
1161 1074 1235 1161 μετὰ
1257 1065 1332 1162 wil

269 1177 327 1244 καί
347 1176 432 1261 μετὰ
453 1177 512 1241 τσῦ
533 1195 566 1239 τ·
585 1173 675 1258 quod
696 1175 724 1238 si
744 1175 795 1254 fit,
817 1175 898 1241 nihil
917 1177 1025 1242 differt
1044 1176 1084 1242 ab
1103 1178 1221 1262 integro
1241 1176 1334 1262 ἕιχρσΐ

270 1279 333 1345 nisi
361 1277 452 1364 quod
479 1275 546 1342 iota
574 1276 703 1353 deficit3
740 1299 815 1341 nam
841 1273 859 1344 d
893 1277 929 1344 ἕν
955 1280 1031 1365 χροῒ
1058 1275 1241 1366 κειράμενος
1261 1279 1332 1342 Anth.

270 1379 349 1448 VII.
360 1379 433 1442 412.
453 1377 541 1442 idem
558 1375 675 1443 dicitur
692 1375 799 1462 ἒγχριό
818 1376 968 1463 κουρίας,
992 1401 1145 1467 apocope
1166 1388 1258 1444 autem
1272 1379 1333 1442 nulla

272 1492 330 1546 est.
373 1479 494 1545 Natam
521 1477 686 1564 propriam
712 1478 813 1542 dativi
840 1480 973 1544 retinuit
1001 1481 1188 1546 adverbium
1210 1481 1333 1565 temporis,

271 1582 361 1669 quod
385 1581 477 1646 effert
498 1580 577 1644 EM.
602 1578 681 1656 345,
705 1579 734 1644 8.
758 1579 866 1668 decepi
889 1582 965 1666 (sic)
990 1579 1056 1665 ἔχει
1075 1581 1116 1649 τὸ
1137 1571 1169 1648 ἶ·
1187 1580 1294 1666 ,λέγεται
1310 1581 1333 1645 δ’

271 1684 329 1752 ἐστὶ
358 1683 492 1768 δοτικῆς
520 1676 623 1769 μόνης
651 1674 724 1747 ἀντὶ
752 1685 815 1748 τοῦ
839 1686 970 1750 θᾶττον
989 1677 1230 1771 Ἀριστοφάνης
1249 1677 1333 1767 Εἰρήνῃ

272 1785 316 1870 (v.
330 1782 418 1868 122.)
437 1781 524 1846 unde
543 1781 682 1868 patescit
704 1781 738 1845 in
750 1782 1043 1849 Grammaticorum
1062 1781 1280 1870 exemplaribus
1293 1779 1335 1844 sub

270 1901 336 1951 uno
368 1885 484 1973 spiritu
517 1883 673 1971 scriptum
701 1883 820 1961 luisse,
852 1907 919 1950 nom
952 1886 999 1951 sic
1029 1896 1066 1950 ut
1097 1885 1134 1950 in
1165 1884 1218 1949 illo
1241 1884 1297 1949 loco
1317 1892 1338 1944 et

271 1987 411 2054 Theocr.
436 1987 537 2053 XXI.
561 1988 614 2052 41.
642 1984 778 2070 legitur,
808 1986 842 2052 dv
868 1984 950 2076 ὥρᾳ.
993 1987 1070 2052 Alia
1098 1987 1252 2072 quaedam
1272 1984 1339 2069 hujus

270 2089 399 2178 generis
431 2088 552 2178 protuli
582 2088 623 2152 ad
651 2089 706 2172 Aj.
735 2111 766 2152 v.
790 2088 862 2154 786.
916 2090 983 2154 Pro
1011 2090 1169 2176 copulato
1197 2087 1341 2170 ε’ξσιταρχῇς

271 2193 364 2260 Suid.
381 2191 511 2278 saepius
526 2189 646 2276 legitur
661 2188 722 2254 sub
739 2189 862 2276 duplici
882 2192 998 2279 spiritu
1016 2191 1052 2270 ἐξ
1066 2186 1220 2278 ὑπαρχῆς
1231 2183 1340 2253 morell
1381 2186 1382 2241 l

272 2293 314 2358 au
339 2293 462 2360 Memn.
492 2316 525 2379 p.
547 2291 620 2357 aaa.
652 2290 754 2377 taque
783 2292 881 2356 etiam
910 2293 944 2356 in
969 2285 1343 2356 announcement

270 2395 362 2471 locis,
385 2417 467 2480 quos
485 2392 672 2481 Stephanus
695 2415 721 2456 s.
738 2387 943 2480 Ἐξσιταρχῆς
963 2393 1095 2470 indicat,
1116 2391 1287 2479 repositum
1300 2397 1345 2461 est3

272 2495 331 2562 sed
354 2495 504 2584 ἕξαρχῆς,
528 2495 618 2580 quod
638 2492 809 2560 Bekkerus
834 2493 943 2558 divisit
964 2493 1138 2560 Demosth.
1162 2520 1194 2582 p.
1213 2492 1280 2560 Cor.
1295 2489 1345 2564 286,

270 2600 322 2665 23.
336 2598 423 2683 (172,
438 2598 502 2684 4.),
523 2597 725 2682 reliquerunt
746 2593 887 2659 editores
904 2595 1037 2662 Heliod.
1049 2598 1092 2665 V.
1111 2599 1143 2674 2,
1164 2596 1233 2661 176.
1253 2593 1347 2660 Himer.

269 2700 341 2766 Eel.
363 2699 405 2767 V.
430 2699 484 2777 18,
508 2700 580 2764 144.
623 2697 732 2763 Multo
755 2695 955 2782 frequentius
978 2707 1028 2762 est
1049 2696 1264 2785 ε’ξειτιττσλῆς,
1284 2693 1349 2779 quod

271 2802 327 2888 qui
351 2823 424 2866 cum
449 2799 605 2886 ἐξαίφνης
627 2808 817 2886 comparant
841 2821 861 2863 a
884 2797 1075 2884 Phrynicho
1097 2798 1280 2884 reprehensi
1299 2794 1349 2859 llcl.

272 2903 343 2970 126.
371 2900 543 2966 manifesto
577 2900 711 2988 hyphen
744 2901 944 2988 scripserunt
976 2899 1077 2985 idque
1110 2901 1168 2965 diu
1202 2922 1259 2986 pro
1284 2905 1349 2961 recto

270 3004 391 3081 taluit3
422 3024 511 3069 nunc
538 3023 615 3067 vero
647 3001 797 3085 diastasin
827 3001 985 3089 probatur
1011 3003 1114 3068 Arist.
1141 3002 1253 3067 Probl.
1273 3000 1296 3064 I.
1315 2998 1351 3060 43.

271 3130 304 3194 p.
324 3105 395 3184 864,
414 3104 466 3170 25.
491 3103 555 3169 IX.
578 3103 629 3168 10.
651 3103 790 3169 Luciam.
811 3103 940 3190 Nigrim.
962 3108 992 3189 ξ.
1006 3105 1058 3170 86.
1082 3104 1221 3189 aliisque
1239 3101 1307 3166 locis
1324 3095 1352 3160 ad

270 3208 350 3274 Phr.
377 3205 491 3284 allatis,
519 3228 626 3291 neque
649 3226 743 3270 secus
767 3200 814 3271 δι’
842 3205 1026 3292 ἐπιπολῆς,
1057 3199 1114 3271 ἐπ’
1139 3198 1353 3289 &menedich

272 3306 433 3399 ἒιτιιτσλῇ,
457 3329 541 3393 quae
559 3306 672 3373 raritas
691 3329 751 3372 sua
769 3329 789 3370 a
807 3306 1014 3372 concretione
1033 3305 1189 3372 defendit.
1231 3305 1279 3370 Ex
1295 3299 1351 3366 EM.

273 3409 424 3489 112,16.
454 3401 606 3498 ἄντηστιν
632 3407 730 3492 παρὰ
756 3407 795 3474 τὸ
826 3403 914 3475 ἀνιῶ
941 3417 1078 3495 apparet
1103 3418 1230 3473 veteres
1255 3406 1286 3469 in
1306 3400 1352 3467 od.

271 3513 353 3578 XX.
381 3512 432 3578 68.
467 3533 527 3599 pro
563 3503 781 3596 κατάττηστιτ
815 3508 977 3594 disjuncta
1010 3509 1140 3595 legisse.
1198 3502 1353 3584 Διατάχσις

273 3611 440 3702 ε’ττίῤῥημα
464 3609 652 3689 ἕσιτάσεως
679 3611 758 3675 ΕΜ.
784 3610 876 3678 Suid.
893 3613 1080 3698 juncturam
1103 3610 1212 3688 exuit,
1241 3606 1293 3672 sed
1312 3621 1353 3689 pro

274 3711 307 3783 ἐν
329 3712 483 3800 γειτόνων
506 3735 604 3799 saepe
626 3712 787 3778 invenitur
814 3711 1017 3798 ἐγγειτόιαιν,
1049 3714 1182 3802 quicum
1202 3701 1353 3800 pugnatt't-

272 3811 426 3903 γειτόνων
453 3837 483 3879 v.
512 3815 660 3902 Interpp.
688 3814 731 3879 ad
757 3815 844 3881 Plut.
870 3838 900 3880 v.
924 3816 999 3882 435.
1050 3815 1135 3882 (lum
1162 3815 1220 3879 illo
1247 3800 1353 3876 conferri

272 3925 410 4004 possunt
432 3916 564 3981 nomina
587 3916 759 3993 demotica‚
785 3939 870 4002 quae
892 3917 1103 3985 Grammatici
1126 3918 1213 3982 inter
1234 3903 1354 3978 adverbia

271 4029 440 4085 numerant
469 4013 522 4098 Ἐξ
547 4014 756 4084 Atuatucos
786 4017 972 4109 ἑτιίῤῥημα,
1007 4019 1042 4086 ἓν
1068 4015 1256 4106 Εἰρεσιδῶν
1277 4010 1353 4088 Diog·

272 4122 336 4186 ΠΙ.
358 4121 411 4187 41.
434 4131 466 4185 et
493 4141 730 4204 nonnunquam
751 4119 885 4206 hyphen
906 4132 1052 4208 ponunt:
1077 4111 1281 4202 Ἐνιχελιόώι
1299 4109 1354 4195 (hoc

274 4223 423 4306 accentu)
442 4224 524 4288 Hes.
539 4223 619 4288 EM.
636 4223 803 4307 quomodo
816 4223 994 4310 Menagius
1008 4219 1263 4312 Ἔνιῳιστιαδῶν
1280 4209 1354 4279 edidit

212 4415 213 4420 ἵ
272 4322 375 4411 DiOg·
397 4322 418 4387 l·
442 4345 469 4388 ο.
512 4325 565 4391 Ex
586 4322 637 4390 his
663 4332 712 4390 tot
738 4324 835 4390 unius
864 4325 982 4394 coloris
1011 4321 1169 4412 exemplis
1191 4311 1355 4409 perspicitur
