2825 4809
261 341 339 418 394
553 339 874 409 DISSERTATIO
896 337 944 406 11.
986 339 1028 407 P.
1050 337 1088 405 ΙΙ.

261 517 332 592 άπὸ
353 527 412 593 τοῦ
432 517 601 613 ἁμέτερον,
622 525 687 592 nisi
711 526 843 615 scripsit
862 525 899 590 id
920 523 1011 612 quod
1027 524 1061 589 in
1082 523 1206 592 Solam
1224 524 1334 610 legimns

261 619 336 692 άντὶ
357 630 415 692 τοῦ
434 619 602 712 ἡμέτερον,
625 627 728 714 idque
749 628 904 694 adversus
925 628 1000 694 illos
1017 625 1102 690 dixit
1120 626 1174 711 qui
1189 647 1251 691 non
1268 629 1335 714 sspi-

259 737 366 794 ratum
389 721 475 812 άμόν
498 749 558 815 pro
580 723 741 816 ἡμέτερον
759 730 954 818 acciperent.
998 727 1151 793 Totidem
1167 738 1265 792 tamen
1281 730 1334 794 lite

190 885 195 890 .
259 851 325 907 rae,
347 839 429 915 quot
451 829 699 916 pronominibus
722 829 811 920 σφός
834 843 868 898 et
884 827 977 914 ὁμάς,
1001 830 1030 894 si
1052 828 1134 896 haec
1149 829 1275 895 concisis
1292 831 1336 894 sd-

259 953 477 1010 numeramus‚
499 931 662 998 detractae
683 955 757 998 esse
778 943 959 1009 sumuntur,
982 932 1101 997 desunt
1120 930 1213 996 etiam
1230 932 1336 1018 proprio
1381 960 1382 971 ν

249 1027 477 1122 Ἀμφιάραος,
506 1035 597 1119 quod
620 1035 709 1100 idem
732 1035 788 1101 ille
813 1055 979 1122 syncopae
1000 1032 1140 1098 absolvit
1160 1032 1194 1096 in
1213 1033 1283 1098 Em
1298 1034 1337 1111 93,

257 1135 311 1200 49.
333 1129 405 1202 άπὸ
426 1140 486 1203 τοῦ
503 1130 717 1224 Ἀμφιάραος
731 1130 858 1226 Ἄμφις
878 1133 990 1222 άίςπερ
1016 1128 1221 1219 ἀστράγαλος
1238 1126 1335 1220 άστρις,

148 1281 151 1288 ,
254 1230 454 1325 Ἰφίανασσα
469 1229 572 1326 Ἶφις·
594 1242 694 1305 τοῦτο
717 1231 757 1305 oti
773 1237 923 1325 συγκοπὴ
944 1229 1031 1302 άλλά
1048 1232 1337 1321 μετασχηματισμοί·
1382 1294 1384 1297 .

258 1330 422 1404 οὐδέποτε
443 1335 505 1423 γὰρ
527 1336 677 1425 συγκοπὴ
707 1338 833 1424 γίνεται
860 1335 973 1425 τρίτης
999 1337 1182 1423 συλλαβῆς·
1202 1330 1337 1419 ‘Heuma-

256 1435 313 1515 νὸς
334 1435 414 1521 περὶ
435 1441 578 1504 παθῶν·
600 1461 677 1504 nam
697 1439 733 1503 in
757 1435 844 1528 σφός
871 1448 905 1504 et
923 1433 1009 1522 ὑμάς
1033 1447 1122 1504 certe
1146 1435 1259 1502 vocalis
1278 1437 1337 1500 fina-

255 1537 297 1602 lis
320 1547 447 1602 servata
467 1548 526 1616 est,
548 1532 721 1628 ἱιιἌμφις
738 1563 781 1606 ne
802 1540 885 1606 haec
906 1538 1049 1625 quidem.
1094 1535 1167 1606 Sed
1187 1538 1260 1603 haee
1275 1538 1337 1602 ratio

255 1661 323 1704 non
344 1639 512 1725 prohibuit
541 1640 622 1706 ahos
652 1643 825 1728 quominus
853 1643 1022 1708 nominum
1047 1640 1252 1728 propriorum
1270 1661 1337 1704 com·

255 1739 502 1807 miniscerentur
529 1765 693 1830 syncopas
715 1745 872 1810 immanes
902 1753 1003 1831 atque
1024 1742 1256 1810 intolerandas:
1270 1729 1336 1827 'ipo

254 1843 315 1931 τὴν
331 1838 532 1932 Ἰφιγένειαν
560 1844 649 1930 λέγει
673 1851 764 1933 τρεῖς
792 1843 961 1929 συλλαβὰς
986 1841 1163 1913 ἐκκόπτων
1191 1842 1260 1910 sch.
1275 1841 1338 1925 hye.
1383 1876 1384 1879 υ

253 1940 327 2010 324.
349 1943 407 2012 τὸν
417 1937 657 2029 Ἀλκιμέδοντα
679 1945 882 2033 συγκίκοφεν
893 1938 1053 2026 ’Άλκιμον
1075 1941 1183 2012 εἰπών
1205 1942 1298 2012 Schoh
1307 1943 1338 2006 A.

254 2045 297 2110 ad
318 2046 358 2112 Il.
380 2045 514 2114 XXIV.
537 2045 611 2112 574.
633 2048 690 2132 qui
712 2069 786 2112 cum
809 2068 977 2134 syncopae
1004 2047 1138 2112 nomine
1165 2046 1257 2112 tacite
1274 2066 1340 2109 com·

252 2145 427 2232 prehendit
450 2169 624 2234 apocopen
645 2149 704 2214 sed
725 2149 900 2236 corrigitur
920 2173 941 2215 a
962 2149 1075 2217 Schol.
1087 2149 1163 2214 BL.
1186 2147 1228 2211 ad
1242 2169 1269 2210 v.
1286 2145 1341 2208 477.
1370 2157 1377 2170 ’

241 2237 406 2330 ’Ἀλκιμος
429 2247 514 2314 κατὰ
534 2248 776 2333 μεταπλασμὸν
803 2245 822 2315 ὁ
853 2244 1061 2334 Ἀλκιμέδων
1092 2244 1140 2327 ὡς
1173 2243 1342 2320 Μελάνθιος

251 2343 464 2425 Μελανθεύς.
503 2349 697 2416 Eustothius
717 2349 918 2435 dionymiam
933 2361 1039 2416 vocat.
1070 2351 1145 2416 Nec
1164 2349 1342 2414 minuarectt

252 2446 440 2534 Stephanus
460 2448 738 2535 Λακεδαιμόνιος
758 2450 891 2538 λέγεται
912 2451 971 2518 καί
992 2451 1080 2520 κατὰ
1101 2448 1268 2537 συγκοπὴν
1283 2443 1342 2513 Λά-

123 2600 128 2609 ,
238 2571 317 2616 κων
338 2541 384 2626 ὡς
398 2541 658 2635 Ἀπολλόδωρός
679 2575 782 2639 φησιν
804 2547 851 2630 ὦς
869 2557 930 2620 τοῦ
952 2553 1171 2618 Κυδωνιᾶται
1191 2548 1230 2617 τὸ
1247 2543 1343 2614 mtto

249 2671 311 2728 νες.
343 2640 458 2716 'hosne
481 2648 519 2714 δὲ
539 2651 763 2738 πρωτότυπον
783 2646 870 2720 εἶναι
891 2652 950 2718 καὶ
971 2645 1012 2720 οὗ
1033 2646 1205 2738 συγκοπή·
1226 2647 1302 2726 τινὲς
1317 2644 1343 2711 ‘5⁸

248 2747 287 2815 τὸ
306 2743 435 2814 Λάκων
456 2743 723 2837 ὑποκοριστικόν.
767 2756 863 2820 Haeo
880 2763 1017 2818 naturae
1030 2752 1107 2838 lege
1126 2752 1266 2818 discreta
1274 2756 1343 2822 sunt3

248 2847 486 2916 aliavariarunt
498 2863 626 2938 poetae,
646 2856 766 2941 quibus
776 2857 897 2921 Musae
910 2855 1156 2941 omnipotentes
1177 2869 1343 2920 concessere

246 2959 284 3014 ut
308 2951 447 3017 eundem
474 2951 639 3020 hominem
661 2959 763 3024 modo
784 2957 886 3044 Iphin
905 2965 1079 3034 vocarent,
1109 2954 1231 3032 modo,
1257 2953 1282 3018 si
1305 2971 1345 3036 rtt

245 3049 293 3115 ita
320 3063 487 3137 posceret,
515 3054 690 3140 Iphionem
719 3059 771 3124 vel
792 3058 941 3145 Iphitum
969 3057 1022 3123 vel
1053 3057 1271 3144 Iphitionem3
1296 3052 1345 3115 ulit

245 3151 424 3218 immutavit
450 3158 653 3223 consuetudo
681 3160 852 3247 popularis
884 3158 1074 3246 proceriore
1102 3157 1264 3224 brevians.
1303 3153 1345 3220 sie

245 3250 459 3318 Πουειάωνία
490 3255 758 3340 (Ποσειδώνιον,
793 3259 998 3344 Ποσείδιον)
1032 3261 1069 3324 in
1100 3261 1251 3326 Pacatum
1274 3255 1345 3329 abiit,

234 3341 361 3436 ’Άργος
373 3349 512 3420 Ἵππιον
536 3358 603 3423 sive
619 3353 833 3448 Ἀργυρίππη
855 3360 1025 3448 Appuliae
1049 3360 1218 3448 oppidum
1238 3359 1270 3422 in
1284 3357 1347 3438 λεμὶ

246 3459 279 3514 ct
304 3472 423 3516 nomen
449 3453 630 3524 incolarum
653 3454 921 3549 Ἀργυριππανοί
947 3463 982 3526 in
1007 3464 1138 3546 Arpini,
1183 3457 1344 3543 Κιμμὲρῑθι

243 3571 264 3612 a
285 3553 449 3618 nonnullis
470 3554 622 3642 Κίμβροι
644 3572 678 3626 et
698 3558 870 3649 Κίμμεροι
890 3573 1049 3629 vocantur
1070 3562 1173 3631 strab
1192 3561 1269 3631 VH.
1288 3557 1344 3624 293·

236 3645 412 3735 Ἐρασῖνος
434 3655 551 3724 fluvius
568 3655 721 3746 Ἀρσῖνος
741 3661 914 3731 V111.371.
938 3661 1118 3752 Χοάσπης,
1141 3675 1181 3728 ut
1198 3663 1258 3728 viri
1275 3656 1344 3724 docfi

242 3750 458 3836 suspicantur,
480 3756 568 3823 idem
590 3757 686 3847 Χάης
703 3786 734 3827 v.
756 3763 927 3830 Muetzell.
951 3766 994 3830 ad
1016 3764 1108 3832 Ourt
1135 3764 1227 3834 vffl.
1249 3764 1302 3840 37,
1319 3760 1343 3824 λ·

240 3848 466 3920 Chersonesus
471 3857 635 3924 Heraclea
645 3865 903 3930 transnominata
915 3876 966 3932 est
977 3863 1120 3952 Χερσοίν
1132 3889 1164 3933 ν.
1178 3860 1344 3931 Tzsehnek

239 3950 282 4013 ad
300 3952 380 4018 Mel.
403 3954 441 4020 ll.
465 3958 500 4035 1,
523 3960 554 4022 3.
607 3961 674 4029 Τὸν
695 3961 930 4034 Μετάποντον
948 3964 982 4034 oi
1004 3966 1178 4055 βάρβαροι
1201 3967 1347 4046 Μέῑᾱάθί

178 4109 185 4116 .
239 4045 377 4119 ἐκάλουν
398 4055 504 4122 Strab.
525 4058 581 4126 Vl.
604 4061 677 4127 265.
709 4065 767 4149 qui
791 4088 897 4152 genus
918 4069 1109 4135 universum
1133 4070 1247 4156 signat
1265 4058 1344 4131 XV!-

239 4145 319 4264 785⁸„
334 4148 370 4216 oi
391 4161 456 4222 τῶν
476 4151 646 4240 ὀνομάτων
659 4163 895 4246 μεταπτώσεις
906 4168 965 4238 καί
975 4166 1127 4254 μάλιστα
1150 4175 1217 4238 τῶν
1229 4170 1344 4252 βαρβα-

238 4255 505 4332 ρικωνπολλαὶ,
546 4255 705 4344 καθάπερ
737 4263 794 4332 τάν
821 4266 974 4358 Δαριήκιγ
1002 4275 1152 4357 Δαρεῖον
1184 4267 1343 4339 ἐκάλεσαν»
