2825 4809
149 373 203 438 DE
218 358 479 437 PROSTHESI
498 367 561 434 m
582 369 848 437 APHAERESI.
882 367 1018 438 0.le.
1070 377 1138 448 111

73 558 117 623 sibi
133 556 208 620 visus
226 563 273 619 est
295 554 329 618 in
350 553 526 621 thematieo
547 548 633 621 ἴκειι
653 557 751 629 icere,
782 555 875 640 eujus
897 553 1142 624 similitudinem

71 667 157 744 gerunt
174 656 277 721 coristi
297 657 402 722 drusio
425 666 459 720 et
481 652 580 733 ια’ξσι,
603 648 777 734 inunitae.
820 657 855 720 A
873 653 1044 722 cribrando
1063 679 1141 724 vero

71 783 117 824 non
130 758 248 822 multum
264 757 363 822 distat
377 756 547 843 percolere
566 764 600 820 et
620 753 738 818 similia
756 766 833 820 sunt
851 756 1022 842 utriusque
1038 759 1140 824 scrio-

70 861 104 924 uis
119 857 200 924 verba
219 853 315 946 ἧθεῖν
336 867 370 921 et
389 854 510 943 σήθειν
529 879 561 920 v.
573 854 699 921 Teehu.
715 856 767 922 93.
782 879 884 941 quare
900 880 968 924 non
989 858 1143 926 miramrrr

70 961 228 1024 Nicandrum
250 955 412 1041 ἷκμαίνειι
440 956 592 1044 posuisse
614 980 675 1042 pro
698 956 857 1038 διυλίζειν
883 957 952 1024 sive
973 958 1142 1041 σακκίζιιν

70 1061 116 1125 sire
132 1061 250 1147 διαθεῖν
269 1068 307 1122 ut
327 1057 441 1125 Schol.
463 1058 564 1124 sitin
584 1059 681 1124 Alex.
704 1057 757 1123 96.
785 1060 912 1147 τέφραν
938 1058 1079 1139 πλάνου,
1101 1063 1140 1128 τὸ

69 1162 94 1228 s
112 1155 206 1247 ῥάμμα
233 1155 421 1246 institurus,
451 1160 723 1245 Hesychiumque
754 1164 974 1244 απικμᾶσθαι
1002 1161 1143 1229 reddere

67 1260 134 1325 verbo
148 1254 350 1345 ἀποψᾶσθαι
370 1261 407 1325 id
429 1272 479 1326 est
500 1272 628 1348 tergere
650 1272 684 1326 et
699 1261 823 1328 siccare
840 1262 984 1328 detracto
1001 1263 1141 1349 liquore.

68 1365 116 1426 Hac
130 1362 218 1446 Igitur
240 1361 368 1441 ratione
393 1362 494 1447 verba
517 1363 696 1428 ventilandi
723 1373 755 1428 et
782 1363 949 1450 eliquandi
975 1365 1140 1432 conciliari

67 1473 180 1548 possunt,
201 1485 340 1548 quorum
361 1486 463 1528 unum
484 1465 527 1529 de
548 1464 644 1531 siccis
667 1463 799 1544 dicitur,
821 1463 956 1530 ultorum
980 1465 1021 1530 de
1040 1465 1139 1552 liqui·

68 1565 108 1641 lis,
124 1565 174 1629 sed
192 1574 366 1650 utrumque
386 1587 488 1630 unum
508 1564 609 1630 habet
629 1565 781 1630 ellectum
803 1565 1003 1652 spurgaudi3
1031 1589 1140 1653 neque

65 1666 160 1730 nultum
185 1689 369 1752 repugnem
390 1665 593 1734 Schneidero
616 1667 673 1752 qui
698 1667 781 1732 illud
807 1669 928 1757 λικμᾷν
949 1668 1017 1734 sive
1039 1665 1142 1757 ι’κμᾷο

66 1762 211 1848 uniente
231 1764 386 1850 ι’κμάζοιν
408 1778 441 1832 et
457 1789 556 1854 porro
575 1789 650 1832 cum
671 1763 752 1854 ἴχαρ
774 1770 823 1832 lix
838 1769 945 1851 liquor
964 1778 1140 1854 cognatum

63 1876 126 1950 putat
146 1867 301 1952 neglectis
322 1878 467 1934 veterum
490 1866 738 1933 auctoritatibus
761 1859 845 1946 Ἰξαι
869 1869 1033 1955 denirium
1055 1869 1139 1933 Hes.

62 1963 157 2049 ἴκμειος
174 1971 284 2051 ψιλαῖς
315 1964 334 2035 ὁ
360 1965 493 2055 ὄιόγρος
515 1965 585 2035 άπὸ
611 1971 670 2056 τῆς
697 1962 841 2050 ἰκμάδος
863 1965 941 2034 sch.
966 1968 1034 2034 Od.
1057 1969 1086 2034 I.
1110 1969 1140 2034 7.

61 2066 222 2132 1111111.
244 2070 298 2134 Π.
319 2069 394 2134 479.
419 2108 462 2118 -
493 2069 692 2134 Mortarium
718 2064 813 2152 ἴγόην
840 2067 1006 2133 Nicander
1033 2078 1139 2134 1111111-

62 2167 194 2233 nominavit
215 2166 336 2254 λίγδον
357 2169 496 2235 fortasse
523 2181 661 2257 propter
685 2168 809 2233 formae
834 2169 999 2252 quandam
1025 2170 1139 2244 simili·

60 2268 180 2346 tudinem3
208 2293 292 2334 nam
319 2271 419 2356 vulgo
439 2269 555 2356 ’λίχδοι
583 2281 740 2336 vocantur
766 2269 991 2347 infundibula,
1021 2270 1140 2356 quibus

61 2367 172 2433 laturarii
188 2381 337 2436 utuntur.
379 2371 507 2436 Eodem
526 2371 746 2436 similitudinis
763 2370 846 2436 ratio
865 2371 1038 2436 intercedit
1056 2372 1141 2438 inter

60 2462 112 2555 άχιη
128 2481 155 2534 et
173 2469 296 2558 λάχνη·
311 2495 388 2536 nam
406 2474 497 2557 quod
512 2473 672 2559 Virgilius
689 2473 772 2537 dixit
789 2493 904 2540 conum
922 2487 1029 2540 tenera
1047 2478 1140 2542 lano·

57 2572 103 2648 ott
117 2575 226 2640 molum
248 2575 290 2638 id
312 2577 646 2656 οο1λολαχιιωμέσον,
674 2597 695 2638 o
714 2573 874 2660 Philippo
896 2574 931 2638 in
951 2573 1056 2639 Anth.
1079 2597 1140 2661 ap·

58 2671 157 2751 pellatur
184 2677 296 2761 μῆλον
322 2676 566 2756 πεπσκαιμένοιι
595 2669 685 2763 iim.
735 2674 865 2740 Idcirco
898 2674 1142 2740 confunduntur

57 2767 111 2838 laec
131 2775 261 2840 nomina
290 2799 311 2840 a
333 2775 592 2861 Glossogruphis
614 2772 733 2862 Λάχνη
756 2773 841 2862 θρίξ
866 2775 1011 2864 δασύτης
1036 2777 1094 2844 καὶ
1119 2771 1138 2842 ὁ

57 2865 133 2956 ἀφρὸς
155 2882 213 2962 τῆς
239 2874 423 2964 θαλάσσης
447 2878 531 2943 Hes.
555 2887 588 2942 et
611 2875 729 2952 eeteri;
757 2871 1029 2963 οἴιωιτονάχιην
1053 2877 1141 2955 τινὲς

55 2970 93 3058 ‘l'
112 2971 262 3065 οἰνάχροα
292 2975 390 3065 τρίχα
419 2975 531 3045 Schol.
554 2980 635 3044 Eur.
663 2979 724 3044 Or.
748 2978 819 3043 115.
851 2977 941 3063 quod
970 2976 1034 3043 hoc
1064 2978 1139 3042 loco

56 3074 222 3163 peducptum
245 3089 308 3142 est.
356 3079 517 3198 ²Attumen
542 3079 670 3146 diversa
690 3081 821 3165 utrique
843 3079 1037 3165 progeniem
1064 3099 1140 3143 nem

54 3165 118 3260 ltro,
133 3173 218 3265 άχάρ
239 3201 334 3257 ecus,
351 3173 475 3265 άχυρον
491 3203 566 3246 cum
582 3175 688 3264 άκρος
702 3192 845 3267 cognate
860 3179 1016 3263 sunt²⁴),
1039 3176 1140 3266 λάχνη

54 3293 104 3340 tero
117 3299 184 3343 cum
203 3283 308 3368 tovos
326 3280 413 3345 lanu.
450 3281 520 3349 Sed
540 3281 700 3367 scriptura
718 3284 818 3348 modo
837 3282 991 3348 differunt
1007 3277 1140 3369 λαπήνη

53 3366 150 3454 ε1101ί
132 3377 277 3467 αμάξης
304 3379 387 3449 ἔνιοι
412 3376 523 3471 ἀπήνη
548 3385 631 3448 Hes.
656 3384 714 3469 qui
741 3406 825 3470 quae
852 3393 1023 3471 praeterea
1048 3382 1142 3447 affert

53 3478 212 3559 Λατμειεία
230 3479 383 3560 δουλεία,
396 3479 782 3572 Λσάστρανονφρέατος
797 3482 945 3572 donoro,
962 3483 1139 3552 contraris·

52 3595 94 3654 que
108 3578 174 3646 labe
196 3582 356 3648 affectum
372 3578 523 3669 Ἠραίνει
545 3587 640 3672 ληρει
665 3584 780 3650 Critioi
805 3585 993 3672 relegarunt
1018 3585 1139 3652 substi-

54 3677 104 3740 tntis
121 3679 344 3767 aptioribus
325 3683 480 3768 ατμενία,
503 3678 703 3771 αάστραιισν,
726 3685 887 3774 ληραίνει.

108 3799 197 3894 VIII.
242 3797 418 3892 Ἀκήριος
431 3806 546 3892 τροπῇ
577 3807 639 3871 τοῦ
669 3831 689 3890 η
720 3799 769 3883 εἰς
798 3831 820 3872 α
850 3805 907 3874 καὶ
936 3807 1140 3892 πλεονασμῷ

54 3899 341 3988 intonantique·
371 3899 548 3985 πλεονάζει
576 3904 615 3972 de
642 3905 680 3972 τὸ
712 3931 737 3990 μ
768 3905 803 3974 ἐν
831 3909 975 3985 πολλοῖς
1004 3907 1140 3988 λέξεσιν,

99 4133 136 4200 2⁴)
148 4136 308 4208 Hesychius
317 4132 402 4207 Ἄχνη
416 4169 446 4178 -
460 4136 489 4192 τὸ
500 4133 603 4210 ἔκραν’
616 4141 667 4194 sed
682 4141 778 4212 paullo
795 4129 859 4212 post
876 4139 904 4197 ti
922 4139 1022 4196 λεπιλιν
1038 4135 1139 4210 ξάσμο,

54 4217 108 4278 quod
124 4222 239 4276 uuimum
261 4225 301 4276 ud
318 4227 596 4294 1)·11011γ111011χνσῦς
617 4226 739 4281 troducit
761 4227 920 4282 velificante
939 4227 1064 4280 Homero
1090 4223 1140 4296 qui
1170 4277 1183 4298 ἶ

53 4312 146 4368 ⁸puttoni
160 4309 245 4362 meris
261 4305 351 4378 χνόον
368 4316 396 4364 et
413 4304 503 4380 άχνην
520 4319 611 4366 vocat.
