<?xml version="1.0" encoding="UTF-8"?>
<!DOCTYPE html PUBLIC "-//W3C//DTD XHTML 1.0 Transitional//EN"
    "http://www.w3.org/TR/xhtml1/DTD/xhtml1-transitional.dtd">
<html xmlns="http://www.w3.org/1999/xhtml" xml:lang="en" lang="en">
 <head>
  <title>
</title>
<meta http-equiv="Content-Type" content="text/html;charset=utf-8" />
  <meta name='ocr-system' content='tesseract 3.04.00' />
  <meta name='ocr-capabilities' content='ocr_page ocr_carea ocr_par ocr_line ocrx_word'/>
</head>
<body>
  <div class='ocr_page' id='page_1' title='image "./pathologiaegrae01lobegoog/pathologiaegrae01lobegoog_0629.png"; bbox 0 0 2825 4809; ppageno 0'>
   <div class='ocr_carea' id='block_1_1' title="bbox 289 328 1163 418">
    <p class='ocr_par' dir='ltr' id='par_1_1' title="bbox 289 328 1163 418">
     <span class='ocr_line' id='line_1_1' title="bbox 289 328 1163 418; baseline 0.018 -22"><span class='ocrx_word' id='word_1_1' title='bbox 289 331 355 397; x_wconf 87' lang='lat' dir='ltr'><strong>un</strong></span> <span class='ocrx_word' id='word_1_2' title='bbox 376 328 668 401; x_wconf 65' lang='lat' dir='ltr'><strong>omninunu.</strong></span> <span class='ocrx_word' id='word_1_3' title='bbox 696 330 746 399; x_wconf 87' lang='lat' dir='ltr'><strong>o.</strong></span> <span class='ocrx_word' id='word_1_4' title='bbox 763 331 811 398; x_wconf 90' lang='lat'><strong>11.</strong></span> <span class='ocrx_word' id='word_1_5' title='bbox 835 335 860 418; x_wconf 70' lang='lat' dir='ltr'><strong>s.</strong></span> <span class='ocrx_word' id='word_1_6' title='bbox 879 332 909 396; x_wconf 82' lang='lat' dir='ltr'><strong>o.</strong></span> <span class='ocrx_word' id='word_1_7' title='bbox 1086 339 1163 414; x_wconf 76' lang='lat' dir='ltr'><strong>eae</strong></span> 
     </span>
    </p>
   </div>
   <div class='ocr_carea' id='block_1_2' title="bbox 60 513 1217 1720">
    <p class='ocr_par' dir='ltr' id='par_1_2' title="bbox 60 513 1217 1720">
     <span class='ocr_line' id='line_1_2' title="bbox 72 513 1161 607; baseline 0.001 -21"><span class='ocrx_word' id='word_1_8' title='bbox 72 519 166 586; x_wconf 83' lang='lat' dir='ltr'><strong>nerito</strong></span> <span class='ocrx_word' id='word_1_9' title='bbox 184 515 322 607; x_wconf 55' lang='lat' dir='ltr'><strong>pendent</strong></span> <span class='ocrx_word' id='word_1_10' title='bbox 338 515 539 601; x_wconf 82' lang='lat' dir='ltr'><strong>Apollonius</strong></span> <span class='ocrx_word' id='word_1_11' title='bbox 560 517 648 582; x_wconf 86' lang='lat' dir='ltr'><strong>Adv.</strong></span> <span class='ocrx_word' id='word_1_12' title='bbox 670 517 751 595; x_wconf 77' lang='lat'>538,</span> <span class='ocrx_word' id='word_1_13' title='bbox 775 519 827 583; x_wconf 87' lang='lat'><strong>11.</strong></span> <span class='ocrx_word' id='word_1_14' title='bbox 846 514 988 606; x_wconf 72' lang='lat' dir='ltr'><strong>&#39;Yooa&#39;nn</strong></span> <span class='ocrx_word' id='word_1_15' title='bbox 1013 513 1031 584; x_wconf 83' lang='grc' dir='ltr'>ὁ</span> <span class='ocrx_word' id='word_1_16' title='bbox 1054 516 1161 606; x_wconf 73' lang='grc' dir='ltr'><strong><em>ῥύπος</em></strong></span> 
     </span>
     <span class='ocr_line' id='line_1_3' title="bbox 71 612 1161 706; baseline 0.004 -22"><span class='ocrx_word' id='word_1_17' title='bbox 71 619 145 689; x_wconf 88' lang='lat' dir='ltr'><strong>Suid.</strong></span> <span class='ocrx_word' id='word_1_18' title='bbox 167 627 199 680; x_wconf 85' lang='lat' dir='ltr'><strong>et</strong></span> <span class='ocrx_word' id='word_1_19' title='bbox 216 612 398 704; x_wconf 65' lang='grc' dir='ltr'><strong><em>Εἰλκτῆρερ</em></strong></span> <span class='ocrx_word' id='word_1_20' title='bbox 417 613 538 682; x_wconf 65' lang='lat' dir='ltr'><strong>emus</strong></span> <span class='ocrx_word' id='word_1_21' title='bbox 548 619 631 683; x_wconf 88' lang='lat' dir='ltr'><strong>Hes.</strong></span> <span class='ocrx_word' id='word_1_22' title='bbox 648 616 772 684; x_wconf 77' lang='lat' dir='ltr'><strong>librarii</strong></span> <span class='ocrx_word' id='word_1_23' title='bbox 786 628 1019 706; x_wconf 74' lang='lat' dir='ltr'><strong>perverterunt.</strong></span> <span class='ocrx_word' id='word_1_24' title='bbox 1041 620 1161 688; x_wconf 73' lang='lat' dir='ltr'><strong>Paullo</strong></span> 
     </span>
     <span class='ocr_line' id='line_1_4' title="bbox 71 716 1162 806; baseline 0.003 -20"><span class='ocrx_word' id='word_1_25' title='bbox 71 716 224 786; x_wconf 80' lang='lat' dir='ltr'><strong>obstrusior</strong></span> <span class='ocrx_word' id='word_1_26' title='bbox 255 727 306 782; x_wconf 79' lang='lat' dir='ltr'><strong>eet</strong></span> <span class='ocrx_word' id='word_1_27' title='bbox 335 717 514 806; x_wconf 80' lang='lat' dir='ltr'><strong>disputatio</strong></span> <span class='ocrx_word' id='word_1_28' title='bbox 547 740 626 784; x_wconf 90' lang='lat' dir='ltr'><strong>num</strong></span> <span class='ocrx_word' id='word_1_29' title='bbox 657 720 780 785; x_wconf 85' lang='lat' dir='ltr'><strong>vocalis</strong></span> <span class='ocrx_word' id='word_1_30' title='bbox 816 743 857 786; x_wconf 82' lang='lat' dir='ltr'><strong>en</strong></span> <span class='ocrx_word' id='word_1_31' title='bbox 885 743 951 786; x_wconf 85' lang='lat' dir='ltr'><strong>una</strong></span> <span class='ocrx_word' id='word_1_32' title='bbox 976 720 1101 806; x_wconf 76' lang='lat' dir='ltr'><strong>syllaba</strong></span> <span class='ocrx_word' id='word_1_33' title='bbox 1125 722 1162 790; x_wconf 87' lang='lat' dir='ltr'><strong>in</strong></span> 
     </span>
     <span class='ocr_line' id='line_1_5' title="bbox 69 819 1160 907; baseline 0.001 -20"><span class='ocrx_word' id='word_1_34' title='bbox 69 824 178 887; x_wconf 83' lang='lat' dir='ltr'><strong>niteram</strong></span> <span class='ocrx_word' id='word_1_35' title='bbox 203 819 350 884; x_wconf 80' lang='lat' dir='ltr'><strong>traducta</strong></span> <span class='ocrx_word' id='word_1_36' title='bbox 376 843 451 886; x_wconf 86' lang='lat' dir='ltr'><strong>oum</strong></span> <span class='ocrx_word' id='word_1_37' title='bbox 473 819 580 885; x_wconf 83' lang='lat' dir='ltr'><strong>voonii</strong></span> <span class='ocrx_word' id='word_1_38' title='bbox 610 822 681 905; x_wconf 85' lang='lat' dir='ltr'><strong>ejus</strong></span> <span class='ocrx_word' id='word_1_39' title='bbox 708 819 871 907; x_wconf 81' lang='lat' dir='ltr'><strong>syllabae,</strong></span> <span class='ocrx_word' id='word_1_40' title='bbox 898 823 933 888; x_wconf 85' lang='lat' dir='ltr'><strong>in</strong></span> <span class='ocrx_word' id='word_1_41' title='bbox 966 845 1066 907; x_wconf 85' lang='lat' dir='ltr'><strong>quam</strong></span> <span class='ocrx_word' id='word_1_42' title='bbox 1092 833 1160 888; x_wconf 76' lang='lat' dir='ltr'><strong>tra·</strong></span> 
     </span>
     <span class='ocr_line' id='line_1_6' title="bbox 69 916 1159 1010; baseline 0.003 -22"><span class='ocrx_word' id='word_1_43' title='bbox 69 924 148 988; x_wconf 82' lang='lat' dir='ltr'><strong>ducta</strong></span> <span class='ocrx_word' id='word_1_44' title='bbox 165 916 220 999; x_wconf 80' lang='lat' dir='ltr'><strong>est,</strong></span> <span class='ocrx_word' id='word_1_45' title='bbox 242 919 486 1006; x_wconf 84' lang='lat' dir='ltr'><strong>diphthongum</strong></span> <span class='ocrx_word' id='word_1_46' title='bbox 507 921 636 987; x_wconf 85' lang='lat' dir='ltr'><strong>effioere</strong></span> <span class='ocrx_word' id='word_1_47' title='bbox 663 922 780 1010; x_wconf 79' lang='lat' dir='ltr'><strong>possit.</strong></span> <span class='ocrx_word' id='word_1_48' title='bbox 824 923 867 989; x_wconf 91' lang='lat' dir='ltr'><strong>Id</strong></span> <span class='ocrx_word' id='word_1_49' title='bbox 898 923 983 988; x_wconf 72' lang='lat' dir='ltr'><strong>olere</strong></span> <span class='ocrx_word' id='word_1_50' title='bbox 1011 945 1159 1010; x_wconf 76' lang='lat' dir='ltr'><strong>pronun·</strong></span> 
     </span>
     <span class='ocr_line' id='line_1_7' title="bbox 67 1018 1159 1110; baseline 0 -20"><span class='ocrx_word' id='word_1_51' title='bbox 67 1025 117 1090; x_wconf 79' lang='lat' dir='ltr'><strong>siat</strong></span> <span class='ocrx_word' id='word_1_52' title='bbox 133 1023 238 1090; x_wconf 83' lang='lat' dir='ltr'><strong>Sohol.</strong></span> <span class='ocrx_word' id='word_1_53' title='bbox 264 1022 332 1090; x_wconf 86' lang='lat' dir='ltr'><strong>Od.</strong></span> <span class='ocrx_word' id='word_1_54' title='bbox 354 1023 419 1088; x_wconf 91' lang='lat'><strong>111.</strong></span> <span class='ocrx_word' id='word_1_55' title='bbox 442 1023 514 1089; x_wconf 87' lang='grc'><strong>178.</strong></span> <span class='ocrx_word' id='word_1_56' title='bbox 541 1019 618 1108; x_wconf 82' lang='grc' dir='ltr'><strong><em>γόνυ</em></strong></span> <span class='ocrx_word' id='word_1_57' title='bbox 639 1019 757 1109; x_wconf 76' lang='grc' dir='ltr'><strong><em>γόνοος</em></strong></span> <span class='ocrx_word' id='word_1_58' title='bbox 778 1022 836 1090; x_wconf 81' lang='grc' dir='ltr'><strong><em>καὶ</em></strong></span> <span class='ocrx_word' id='word_1_59' title='bbox 856 1019 935 1110; x_wconf 81' lang='grc' dir='ltr'><strong><em>ὁιίρο</em></strong></span> <span class='ocrx_word' id='word_1_60' title='bbox 958 1018 1079 1109; x_wconf 76' lang='grc' dir='ltr'><strong><em>δόροος</em></strong></span> <span class='ocrx_word' id='word_1_61' title='bbox 1099 1024 1159 1092; x_wconf 79' lang='grc' dir='ltr'><strong><em>καὶ</em></strong></span> 
     </span>
     <span class='ocr_line' id='line_1_8' title="bbox 66 1118 1157 1210; baseline -0.001 -20"><span class='ocrx_word' id='word_1_62' title='bbox 66 1119 130 1190; x_wconf 69' lang='grc' dir='ltr'><strong><em>καθ’</em></strong></span> <span class='ocrx_word' id='word_1_63' title='bbox 153 1118 335 1206; x_wconf 69' lang='grc' dir='ltr'><strong><em>ὑπέρθεσιν</em></strong></span> <span class='ocrx_word' id='word_1_64' title='bbox 355 1118 473 1210; x_wconf 67' lang='lat' dir='ltr'><strong>yonnis</strong></span> <span class='ocrx_word' id='word_1_65' title='bbox 497 1121 556 1190; x_wconf 79' lang='grc' dir='ltr'><strong><em>καὶ</em></strong></span> <span class='ocrx_word' id='word_1_66' title='bbox 578 1118 717 1210; x_wconf 78' lang='grc' dir='ltr'><strong><em>δουρός,</em></strong></span> <span class='ocrx_word' id='word_1_67' title='bbox 743 1135 776 1189; x_wconf 85' lang='lat' dir='ltr'><strong>et</strong></span> <span class='ocrx_word' id='word_1_68' title='bbox 797 1123 1051 1191; x_wconf 82' lang='lat' dir='ltr'><strong>Choeroboeous</strong></span> <span class='ocrx_word' id='word_1_69' title='bbox 1073 1124 1157 1193; x_wconf 76' lang='lat' dir='ltr'><strong>Con.</strong></span> 
     </span>
     <span class='ocr_line' id='line_1_9' title="bbox 63 1221 1159 1302; baseline 0.004 -12"><span class='ocrx_word' id='word_1_70' title='bbox 63 1225 120 1302; x_wconf 86' lang='grc'><strong>376,</strong></span> <span class='ocrx_word' id='word_1_71' title='bbox 138 1224 167 1289; x_wconf 98' lang='grc'><strong>5.</strong></span> <span class='ocrx_word' id='word_1_72' title='bbox 189 1224 307 1290; x_wconf 88' lang='lat' dir='ltr'><strong>iisdem</strong></span> <span class='ocrx_word' id='word_1_73' title='bbox 324 1225 432 1291; x_wconf 81' lang='lat' dir='ltr'><strong>verbis</strong></span> <span class='ocrx_word' id='word_1_74' title='bbox 455 1245 534 1292; x_wconf 81' lang='lat' dir='ltr'><strong>usus</strong></span> <span class='ocrx_word' id='word_1_75' title='bbox 561 1225 621 1291; x_wconf 85' lang='lat' dir='ltr'><strong>sed</strong></span> <span class='ocrx_word' id='word_1_76' title='bbox 646 1224 756 1290; x_wconf 81' lang='lat' dir='ltr'><strong>statim</strong></span> <span class='ocrx_word' id='word_1_77' title='bbox 782 1225 877 1290; x_wconf 80' lang='lat' dir='ltr'><strong>addit</strong></span> <span class='ocrx_word' id='word_1_78' title='bbox 905 1221 1000 1292; x_wconf 78' lang='grc' dir='ltr'><strong><em>ἀλλὰ.</em></strong></span> <span class='ocrx_word' id='word_1_79' title='bbox 1017 1222 1159 1294; x_wconf 76' lang='grc' dir='ltr'><strong><em>δύναται</em></strong></span> 
     </span>
     <span class='ocr_line' id='line_1_10' title="bbox 63 1319 1156 1414; baseline 0.003 -25"><span class='ocrx_word' id='word_1_80' title='bbox 63 1324 108 1390; x_wconf 80' lang='grc' dir='ltr'><strong><em>καί</em></strong></span> <span class='ocrx_word' id='word_1_81' title='bbox 125 1319 191 1392; x_wconf 71' lang='grc' dir='ltr'><strong>ἀπὸ</strong></span> <span class='ocrx_word' id='word_1_82' title='bbox 210 1329 271 1393; x_wconf 80' lang='grc' dir='ltr'><strong>τοῦ</strong></span> <span class='ocrx_word' id='word_1_83' title='bbox 291 1321 450 1412; x_wconf 73' lang='grc' dir='ltr'><strong>γούνατος</strong></span> <span class='ocrx_word' id='word_1_84' title='bbox 471 1327 529 1392; x_wconf 86' lang='grc' dir='ltr'><strong><em>καί</em></strong></span> <span class='ocrx_word' id='word_1_85' title='bbox 550 1321 714 1410; x_wconf 76' lang='grc' dir='ltr'><strong><em>δούρατος</em></strong></span> <span class='ocrx_word' id='word_1_86' title='bbox 735 1325 799 1392; x_wconf 88' lang='lat' dir='ltr'><strong>hoo</strong></span> <span class='ocrx_word' id='word_1_87' title='bbox 822 1338 873 1392; x_wconf 86' lang='lat' dir='ltr'><strong>est</strong></span> <span class='ocrx_word' id='word_1_88' title='bbox 893 1349 953 1413; x_wconf 88' lang='lat' dir='ltr'><strong>per</strong></span> <span class='ocrx_word' id='word_1_89' title='bbox 975 1348 1156 1414; x_wconf 75' lang='lat' dir='ltr'><strong>syncopen.</strong></span> 
     </span>
     <span class='ocr_line' id='line_1_11' title="bbox 61 1423 1158 1514; baseline 0.004 -24"><span class='ocrx_word' id='word_1_90' title='bbox 61 1428 139 1491; x_wconf 84' lang='lat' dir='ltr'><strong>Hono</strong></span> <span class='ocrx_word' id='word_1_91' title='bbox 150 1425 568 1513; x_wconf 75' lang='lat' dir='ltr'><strong>approbavitHerodiauus</strong></span> <span class='ocrx_word' id='word_1_92' title='bbox 579 1450 609 1491; x_wconf 87' lang='lat' dir='ltr'><strong>v.</strong></span> <span class='ocrx_word' id='word_1_93' title='bbox 619 1426 712 1492; x_wconf 81' lang='lat' dir='ltr'><strong>Dies.</strong></span> <span class='ocrx_word' id='word_1_94' title='bbox 725 1428 767 1492; x_wconf 92' lang='lat' dir='ltr'><strong>de</strong></span> <span class='ocrx_word' id='word_1_95' title='bbox 781 1428 879 1514; x_wconf 86' lang='lat' dir='ltr'><strong>Syno.</strong></span> <span class='ocrx_word' id='word_1_96' title='bbox 890 1429 931 1494; x_wconf 89' lang='lat' dir='ltr'><strong>P.</strong></span> <span class='ocrx_word' id='word_1_97' title='bbox 944 1429 990 1494; x_wconf 90' lang='lat'><strong>11.</strong></span> <span class='ocrx_word' id='word_1_98' title='bbox 1006 1450 1035 1494; x_wconf 90' lang='lat' dir='ltr'><strong>o.</strong></span> <span class='ocrx_word' id='word_1_99' title='bbox 1047 1423 1113 1513; x_wconf 61' lang='grc' dir='ltr'><strong>Ιξξ.</strong></span> <span class='ocrx_word' id='word_1_100' title='bbox 1126 1429 1158 1494; x_wconf 91' lang='grc'><strong>7.</strong></span> 
     </span>
     <span class='ocr_line' id='line_1_12' title="bbox 61 1525 1154 1616; baseline 0.003 -25"><span class='ocrx_word' id='word_1_101' title='bbox 61 1528 168 1610; x_wconf 74' lang='lat' dir='ltr'><strong>rejectis</strong></span> <span class='ocrx_word' id='word_1_102' title='bbox 195 1527 422 1606; x_wconf 76' lang='lat' dir='ltr'><strong>nominativis,</strong></span> <span class='ocrx_word' id='word_1_103' title='bbox 452 1551 536 1614; x_wconf 85' lang='lat' dir='ltr'><strong>quos</strong></span> <span class='ocrx_word' id='word_1_104' title='bbox 566 1526 704 1614; x_wconf 80' lang='lat' dir='ltr'>Trypho</span> <span class='ocrx_word' id='word_1_105' title='bbox 734 1529 864 1615; x_wconf 81' lang='lat' dir='ltr'><strong>posuit,</strong></span> <span class='ocrx_word' id='word_1_106' title='bbox 893 1525 956 1616; x_wconf 82' lang='grc' dir='ltr'><strong>δόρ</strong></span> <span class='ocrx_word' id='word_1_107' title='bbox 982 1540 1015 1594; x_wconf 83' lang='lat' dir='ltr'><strong>et</strong></span> <span class='ocrx_word' id='word_1_108' title='bbox 1041 1525 1099 1616; x_wconf 80' lang='grc' dir='ltr'><strong><em>γιίν</em></strong></span> <span class='ocrx_word' id='word_1_109' title='bbox 1124 1553 1154 1594; x_wconf 83' lang='lat' dir='ltr'><strong>v.</strong></span> 
     </span>
     <span class='ocr_line' id='line_1_13' title="bbox 60 1625 1217 1720; baseline 0.003 -28"><span class='ocrx_word' id='word_1_110' title='bbox 60 1627 159 1692; x_wconf 85' lang='lat' dir='ltr'><strong>ParaII.</strong></span> <span class='ocrx_word' id='word_1_111' title='bbox 186 1629 236 1694; x_wconf 88' lang='grc'><strong>76.</strong></span> <span class='ocrx_word' id='word_1_112' title='bbox 270 1629 385 1696; x_wconf 83' lang='lat' dir='ltr'><strong>eedem</strong></span> <span class='ocrx_word' id='word_1_113' title='bbox 410 1629 560 1698; x_wconf 75' lang='lat' dir='ltr'><strong>libertate</strong></span> <span class='ocrx_word' id='word_1_114' title='bbox 585 1653 665 1696; x_wconf 88' lang='lat' dir='ltr'><strong>usus</strong></span> <span class='ocrx_word' id='word_1_115' title='bbox 694 1653 760 1716; x_wconf 89' lang='lat' dir='ltr'><strong>qua</strong></span> <span class='ocrx_word' id='word_1_116' title='bbox 787 1653 850 1696; x_wconf 90' lang='lat' dir='ltr'><strong>nos</strong></span> <span class='ocrx_word' id='word_1_117' title='bbox 878 1628 1002 1708; x_wconf 79' lang='grc' dir='ltr'><strong><em>οτοίιλα,</em></strong></span> <span class='ocrx_word' id='word_1_118' title='bbox 1036 1625 1156 1698; x_wconf 71' lang='lat' dir='ltr'><strong>Hiero</strong></span> <span class='ocrx_word' id='word_1_119' title='bbox 1215 1713 1217 1720; x_wconf 17' lang='grc' dir='ltr'><strong><em>Α</em></strong></span> 
     </span>
    </p>
   </div>
   <div class='ocr_carea' id='block_1_3' title="bbox 53 1729 1254 2439">
    <p class='ocr_par' dir='ltr' id='par_1_3' title="bbox 53 1729 1254 2439">
     <span class='ocr_line' id='line_1_14' title="bbox 61 1729 1158 1813; baseline 0.004 -21"><span class='ocrx_word' id='word_1_120' title='bbox 61 1729 186 1813; x_wconf 82' lang='lat' dir='ltr'><strong>aliosque</strong></span> <span class='ocrx_word' id='word_1_121' title='bbox 207 1751 305 1796; x_wconf 85' lang='lat' dir='ltr'><strong>oasus</strong></span> <span class='ocrx_word' id='word_1_122' title='bbox 327 1731 504 1798; x_wconf 80' lang='lat' dir='ltr'><strong>defeotivos</strong></span> <span class='ocrx_word' id='word_1_123' title='bbox 529 1733 573 1796; x_wconf 85' lang='lat' dir='ltr'><strong>od</strong></span> <span class='ocrx_word' id='word_1_124' title='bbox 600 1732 744 1798; x_wconf 79' lang='lat' dir='ltr'><strong>themate</strong></span> <span class='ocrx_word' id='word_1_125' title='bbox 765 1754 955 1798; x_wconf 77' lang='lat' dir='ltr'><strong>revocamus</strong></span> <span class='ocrx_word' id='word_1_126' title='bbox 978 1731 1102 1797; x_wconf 87' lang='lat' dir='ltr'><strong>iudiota</strong></span> <span class='ocrx_word' id='word_1_127' title='bbox 1125 1741 1158 1798; x_wconf 86' lang='lat' dir='ltr'><strong>et</strong></span> 
     </span>
     <span class='ocr_line' id='line_1_15' title="bbox 57 1829 1157 1920; baseline 0.005 -28"><span class='ocrx_word' id='word_1_128' title='bbox 57 1829 222 1896; x_wconf 85' lang='lat' dir='ltr'><strong>ineffabilia.</strong></span> <span class='ocrx_word' id='word_1_129' title='bbox 276 1833 325 1896; x_wconf 92' lang='lat' dir='ltr'><strong>Hi</strong></span> <span class='ocrx_word' id='word_1_130' title='bbox 357 1833 551 1900; x_wconf 72' lang='lat' dir='ltr'><strong>metathesin</strong></span> <span class='ocrx_word' id='word_1_131' title='bbox 577 1834 673 1899; x_wconf 78' lang='lat' dir='ltr'><strong>istum</strong></span> <span class='ocrx_word' id='word_1_132' title='bbox 705 1833 920 1920; x_wconf 78' lang='lat' dir='ltr'><strong>repudiarunt</strong></span> <span class='ocrx_word' id='word_1_133' title='bbox 944 1831 1082 1899; x_wconf 78' lang='lat' dir='ltr'><strong>fortusse</strong></span> <span class='ocrx_word' id='word_1_134' title='bbox 1113 1831 1157 1898; x_wconf 91' lang='lat' dir='ltr'><strong>ob</strong></span> 
     </span>
     <span class='ocr_line' id='line_1_16' title="bbox 58 1927 1254 2021; baseline 0.005 -27"><span class='ocrx_word' id='word_1_135' title='bbox 58 1953 114 1994; x_wconf 86' lang='lat' dir='ltr'><strong>eam</strong></span> <span class='ocrx_word' id='word_1_136' title='bbox 139 1954 273 1999; x_wconf 82' lang='lat' dir='ltr'><strong>oausam</strong></span> <span class='ocrx_word' id='word_1_137' title='bbox 300 1934 379 2019; x_wconf 86' lang='lat' dir='ltr'><strong>quia</strong></span> <span class='ocrx_word' id='word_1_138' title='bbox 406 1935 575 2020; x_wconf 80' lang='lat' dir='ltr'><strong>genitivus.</strong></span> <span class='ocrx_word' id='word_1_139' title='bbox 591 1931 709 2021; x_wconf 80' lang='grc' dir='ltr'><strong><em>γόνυος</em></strong></span> <span class='ocrx_word' id='word_1_140' title='bbox 737 1956 804 1998; x_wconf 92' lang='lat' dir='ltr'><strong>non</strong></span> <span class='ocrx_word' id='word_1_141' title='bbox 833 1933 954 2018; x_wconf 82' lang='lat' dir='ltr'><strong>iegitur</strong></span> <span class='ocrx_word' id='word_1_142' title='bbox 974 1933 1038 2000; x_wconf 90' lang='lat' dir='ltr'><strong>nisi</strong></span> <span class='ocrx_word' id='word_1_143' title='bbox 1067 1927 1158 2020; x_wconf 85' lang='lat' dir='ltr'><strong>opud</strong></span> <span class='ocrx_word' id='word_1_144' title='bbox 1238 1997 1254 2006; x_wconf 57' lang='lat'>„</span> 
     </span>
     <span class='ocr_line' id='line_1_17' title="bbox 57 2032 1155 2125; baseline 0.003 -28"><span class='ocrx_word' id='word_1_145' title='bbox 57 2032 155 2098; x_wconf 76' lang='lat' dir='ltr'><strong>Galen.</strong></span> <span class='ocrx_word' id='word_1_146' title='bbox 199 2035 325 2118; x_wconf 84' lang='lat' dir='ltr'><strong>Quom.</strong></span> <span class='ocrx_word' id='word_1_147' title='bbox 349 2037 455 2103; x_wconf 90' lang='lat' dir='ltr'><strong>simul.</strong></span> <span class='ocrx_word' id='word_1_148' title='bbox 481 2062 516 2125; x_wconf 89' lang='lat' dir='ltr'><strong>p.</strong></span> <span class='ocrx_word' id='word_1_149' title='bbox 537 2039 570 2102; x_wconf 90' lang='lat'><strong>4.</strong></span> <span class='ocrx_word' id='word_1_150' title='bbox 594 2038 634 2101; x_wconf 83' lang='lat' dir='ltr'><strong>T.</strong></span> <span class='ocrx_word' id='word_1_151' title='bbox 656 2036 758 2102; x_wconf 91' lang='lat' dir='ltr'><strong>XIX.</strong></span> <span class='ocrx_word' id='word_1_152' title='bbox 782 2046 815 2102; x_wconf 87' lang='lat' dir='ltr'><strong>et</strong></span> <span class='ocrx_word' id='word_1_153' title='bbox 836 2034 1074 2102; x_wconf 81' lang='lat' dir='ltr'><strong>Grammatioos</strong></span> <span class='ocrx_word' id='word_1_154' title='bbox 1098 2035 1155 2120; x_wconf 90' lang='lat' dir='ltr'><strong>qui</strong></span> 
     </span>
     <span class='ocr_line' id='line_1_18' title="bbox 56 2133 1157 2224; baseline 0.004 -27"><span class='ocrx_word' id='word_1_155' title='bbox 56 2134 136 2200; x_wconf 85' lang='lat' dir='ltr'><strong>etiam</strong></span> <span class='ocrx_word' id='word_1_156' title='bbox 167 2137 279 2203; x_wconf 86' lang='lat' dir='ltr'><strong>dativo</strong></span> <span class='ocrx_word' id='word_1_157' title='bbox 311 2133 450 2224; x_wconf 73' lang='lat' dir='ltr'><strong>yomiooe</strong></span> <span class='ocrx_word' id='word_1_158' title='bbox 483 2148 618 2202; x_wconf 86' lang='lat' dir='ltr'><strong>utuntur</strong></span> <span class='ocrx_word' id='word_1_159' title='bbox 648 2148 686 2202; x_wconf 90' lang='lat' dir='ltr'><strong>ut</strong></span> <span class='ocrx_word' id='word_1_160' title='bbox 717 2136 829 2204; x_wconf 89' lang='lat' dir='ltr'><strong>Sohol.</strong></span> <span class='ocrx_word' id='word_1_161' title='bbox 862 2139 955 2204; x_wconf 84' lang='lat' dir='ltr'><strong>Aret.</strong></span> <span class='ocrx_word' id='word_1_162' title='bbox 986 2135 1060 2202; x_wconf 90' lang='grc'><strong>575.</strong></span> <span class='ocrx_word' id='word_1_163' title='bbox 1081 2135 1157 2204; x_wconf 87' lang='grc'><strong>586.</strong></span> 
     </span>
     <span class='ocr_line' id='line_1_19' title="bbox 53 2235 1157 2328; baseline 0.005 -29"><span class='ocrx_word' id='word_1_164' title='bbox 53 2235 111 2301; x_wconf 87' lang='grc'><strong>615.</strong></span> <span class='ocrx_word' id='word_1_165' title='bbox 123 2240 203 2305; x_wconf 91' lang='grc'><strong>272.</strong></span> <span class='ocrx_word' id='word_1_166' title='bbox 227 2235 352 2327; x_wconf 77' lang='grc' dir='ltr'><strong><em>δόροος</em></strong></span> <span class='ocrx_word' id='word_1_167' title='bbox 369 2263 411 2308; x_wconf 90' lang='lat' dir='ltr'><strong>ne</strong></span> <span class='ocrx_word' id='word_1_168' title='bbox 428 2240 520 2328; x_wconf 82' lang='lat' dir='ltr'><strong>opud</strong></span> <span class='ocrx_word' id='word_1_169' title='bbox 535 2240 596 2304; x_wconf 85' lang='lat' dir='ltr'><strong>hos</strong></span> <span class='ocrx_word' id='word_1_170' title='bbox 615 2238 765 2323; x_wconf 87' lang='lat' dir='ltr'><strong>quidem3</strong></span> <span class='ocrx_word' id='word_1_171' title='bbox 789 2261 896 2324; x_wconf 91' lang='lat' dir='ltr'><strong>neque</strong></span> <span class='ocrx_word' id='word_1_172' title='bbox 915 2238 1019 2325; x_wconf 85' lang='lat' dir='ltr'><strong>magis</strong></span> <span class='ocrx_word' id='word_1_173' title='bbox 1032 2238 1157 2324; x_wconf 85' lang='lat' dir='ltr'><strong>eogniti</strong></span> 
     </span>
     <span class='ocr_line' id='line_1_20' title="bbox 53 2335 1157 2439; baseline 0.005 -38"><span class='ocrx_word' id='word_1_174' title='bbox 53 2350 114 2402; x_wconf 87' lang='lat' dir='ltr'><strong>suot</strong></span> <span class='ocrx_word' id='word_1_175' title='bbox 132 2335 248 2424; x_wconf 78' lang='grc' dir='ltr'><strong><em>γόνεος</em></strong></span> <span class='ocrx_word' id='word_1_176' title='bbox 275 2351 307 2406; x_wconf 93' lang='lat' dir='ltr'><strong>et</strong></span> <span class='ocrx_word' id='word_1_177' title='bbox 328 2340 455 2428; x_wconf 80' lang='grc' dir='ltr'><strong><em>δόρεος,</em></strong></span> <span class='ocrx_word' id='word_1_178' title='bbox 480 2340 600 2439; x_wconf 69' lang='lat' dir='ltr'><strong>quibus</strong></span> <span class='ocrx_word' id='word_1_179' title='bbox 619 2343 839 2406; x_wconf 80' lang='lat' dir='ltr'><strong>Buttmannus</strong></span> <span class='ocrx_word' id='word_1_180' title='bbox 858 2340 1002 2407; x_wconf 79' lang='lat' dir='ltr'><strong>Granum.</strong></span> <span class='ocrx_word' id='word_1_181' title='bbox 1026 2340 1055 2405; x_wconf 94' lang='grc' dir='ltr'><strong>Ι.</strong></span> <span class='ocrx_word' id='word_1_182' title='bbox 1081 2339 1157 2406; x_wconf 89' lang='grc'><strong>223.</strong></span> 
     </span>
    </p>
   </div>
   <div class='ocr_carea' id='block_1_4' title="bbox 36 2440 1159 3948">
    <p class='ocr_par' dir='ltr' id='par_1_4' title="bbox 36 2440 1159 3948">
     <span class='ocr_line' id='line_1_21' title="bbox 50 2440 1158 2529; baseline 0.002 -25"><span class='ocrx_word' id='word_1_183' title='bbox 50 2440 134 2506; x_wconf 81' lang='lat' dir='ltr'><strong>utitur</strong></span> <span class='ocrx_word' id='word_1_184' title='bbox 152 2443 287 2529; x_wconf 87' lang='lat' dir='ltr'><strong>epsilon</strong></span> <span class='ocrx_word' id='word_1_185' title='bbox 309 2443 442 2508; x_wconf 85' lang='lat' dir='ltr'><strong>ultimae</strong></span> <span class='ocrx_word' id='word_1_186' title='bbox 467 2465 542 2508; x_wconf 87' lang='lat' dir='ltr'><strong>oum</strong></span> <span class='ocrx_word' id='word_1_187' title='bbox 569 2468 588 2507; x_wconf 93' lang='lat' dir='ltr'><strong>o</strong></span> <span class='ocrx_word' id='word_1_188' title='bbox 607 2442 709 2508; x_wconf 85' lang='lat' dir='ltr'><strong>mioro</strong></span> <span class='ocrx_word' id='word_1_189' title='bbox 730 2441 952 2508; x_wconf 77' lang='lat' dir='ltr'><strong>antecedentis</strong></span> <span class='ocrx_word' id='word_1_190' title='bbox 968 2452 1158 2508; x_wconf 76' lang='lat' dir='ltr'><strong>concretum</strong></span> 
     </span>
     <span class='ocr_line' id='line_1_22' title="bbox 50 2542 1158 2630; baseline 0.003 -25"><span class='ocrx_word' id='word_1_191' title='bbox 50 2556 162 2627; x_wconf 75' lang='lat' dir='ltr'><strong>putans</strong></span> <span class='ocrx_word' id='word_1_192' title='bbox 205 2545 337 2611; x_wconf 82' lang='lat' dir='ltr'><strong>Eadem</strong></span> <span class='ocrx_word' id='word_1_193' title='bbox 358 2543 486 2610; x_wconf 84' lang='lat' dir='ltr'><strong>ratione</strong></span> <span class='ocrx_word' id='word_1_194' title='bbox 509 2567 543 2630; x_wconf 91' lang='lat' dir='ltr'><strong>p.</strong></span> <span class='ocrx_word' id='word_1_195' title='bbox 564 2543 640 2610; x_wconf 87' lang='grc'><strong>264.</strong></span> <span class='ocrx_word' id='word_1_196' title='bbox 664 2554 696 2608; x_wconf 90' lang='lat' dir='ltr'><strong>et</strong></span> <span class='ocrx_word' id='word_1_197' title='bbox 717 2543 791 2610; x_wconf 87' lang='grc'><strong>266.</strong></span> <span class='ocrx_word' id='word_1_198' title='bbox 805 2542 963 2614; x_wconf 83' lang='lat' dir='ltr'><strong>¹onuolest</strong></span> <span class='ocrx_word' id='word_1_199' title='bbox 984 2564 1158 2628; x_wconf 83' lang='lat' dir='ltr'><strong>compara·</strong></span> 
     </span>
     <span class='ocr_line' id='line_1_23' title="bbox 47 2639 1154 2732; baseline 0.004 -28"><span class='ocrx_word' id='word_1_200' title='bbox 47 2641 116 2708; x_wconf 83' lang='lat' dir='ltr'><strong>tivos</strong></span> <span class='ocrx_word' id='word_1_201' title='bbox 136 2639 294 2730; x_wconf 81' lang='grc' dir='ltr'><strong><em>ἀμείνων,</em></strong></span> <span class='ocrx_word' id='word_1_202' title='bbox 318 2642 441 2728; x_wconf 80' lang='grc' dir='ltr'><strong><em>μείζων</em></strong></span> <span class='ocrx_word' id='word_1_203' title='bbox 456 2656 518 2710; x_wconf 85' lang='lat' dir='ltr'><strong>eto.</strong></span> <span class='ocrx_word' id='word_1_204' title='bbox 542 2645 702 2732; x_wconf 84' lang='lat' dir='ltr'><strong>neglectis</strong></span> <span class='ocrx_word' id='word_1_205' title='bbox 723 2654 869 2710; x_wconf 89' lang='lat' dir='ltr'><strong>veterum</strong></span> <span class='ocrx_word' id='word_1_206' title='bbox 891 2643 1154 2710; x_wconf 73' lang='lat' dir='ltr'><strong>auetoritatibuse</strong></span> 
     </span>
     <span class='ocr_line' id='line_1_24' title="bbox 45 2740 1157 2834; baseline 0.004 -26"><span class='ocrx_word' id='word_1_207' title='bbox 45 2741 147 2830; x_wconf 81' lang='grc' dir='ltr'><strong><em>χερίιον</em></strong></span> <span class='ocrx_word' id='word_1_208' title='bbox 176 2743 212 2814; x_wconf 74' lang='grc' dir='ltr'><strong>ἐν</strong></span> <span class='ocrx_word' id='word_1_209' title='bbox 240 2740 488 2832; x_wconf 73' lang='grc' dir='ltr'><strong><em>ὖπερβιβαομῷ</em></strong></span> <span class='ocrx_word' id='word_1_210' title='bbox 517 2743 645 2832; x_wconf 72' lang='grc' dir='ltr'><strong><em>γίνεται</em></strong></span> <span class='ocrx_word' id='word_1_211' title='bbox 668 2743 787 2834; x_wconf 83' lang='grc' dir='ltr'><strong><em>χείρων</em></strong></span> <span class='ocrx_word' id='word_1_212' title='bbox 816 2745 905 2812; x_wconf 86' lang='lat' dir='ltr'><strong>Gud.</strong></span> <span class='ocrx_word' id='word_1_213' title='bbox 933 2743 1014 2823; x_wconf 78' lang='lat'><strong>564,</strong></span> <span class='ocrx_word' id='word_1_214' title='bbox 1044 2743 1094 2810; x_wconf 89' lang='grc'><strong>15.</strong></span> <span class='ocrx_word' id='word_1_215' title='bbox 1116 2743 1157 2814; x_wconf 83' lang='grc' dir='ltr'><strong>τὸ</strong></span> 
     </span>
     <span class='ocr_line' id='line_1_25' title="bbox 47 2837 1155 2936; baseline 0.003 -27"><span class='ocrx_word' id='word_1_216' title='bbox 47 2839 151 2924; x_wconf 80' lang='grc' dir='ltr'><strong><em>ίλίζοιν</em></strong></span> <span class='ocrx_word' id='word_1_217' title='bbox 173 2842 421 2936; x_wconf 74' lang='grc' dir='ltr'><strong><em>ἐσχημάτισται</em></strong></span> <span class='ocrx_word' id='word_1_218' title='bbox 446 2846 534 2914; x_wconf 84' lang='grc' dir='ltr'><strong><em>κατὰ</em></strong></span> <span class='ocrx_word' id='word_1_219' title='bbox 554 2843 686 2926; x_wconf 79' lang='grc' dir='ltr'><strong><em>πάθος·</em></strong></span> <span class='ocrx_word' id='word_1_220' title='bbox 711 2844 806 2933; x_wconf 83' lang='grc' dir='ltr'><strong><em>παρὰ</em></strong></span> <span class='ocrx_word' id='word_1_221' title='bbox 837 2845 901 2933; x_wconf 71' lang='grc' dir='ltr'><strong>γὰρ</strong></span> <span class='ocrx_word' id='word_1_222' title='bbox 926 2845 965 2912; x_wconf 86' lang='grc' dir='ltr'><strong>τὸ</strong></span> <span class='ocrx_word' id='word_1_223' title='bbox 998 2837 1155 2930; x_wconf 75' lang='grc' dir='ltr'><strong>5λιγι6τε-</strong></span> 
     </span>
     <span class='ocr_line' id='line_1_26' title="bbox 45 2941 1156 3034; baseline 0.001 -24"><span class='ocrx_word' id='word_1_224' title='bbox 45 2968 92 3029; x_wconf 81' lang='grc' dir='ltr'><strong>ρος</strong></span> <span class='ocrx_word' id='word_1_225' title='bbox 116 2944 202 3014; x_wconf 79' lang='grc' dir='ltr'><strong><em>κατὰ</em></strong></span> <span class='ocrx_word' id='word_1_226' title='bbox 225 2942 385 3032; x_wconf 75' lang='grc' dir='ltr'><strong><em>δεύτερον</em></strong></span> <span class='ocrx_word' id='word_1_227' title='bbox 410 2942 517 3014; x_wconf 82' lang='grc' dir='ltr'><strong><em>τύπον</em></strong></span> <span class='ocrx_word' id='word_1_228' title='bbox 538 2946 578 3012; x_wconf 85' lang='grc' dir='ltr'><strong>τὸ</strong></span> <span class='ocrx_word' id='word_1_229' title='bbox 609 2941 745 3034; x_wconf 81' lang='grc' dir='ltr'><strong><em>ὀλιγίων</em></strong></span> <span class='ocrx_word' id='word_1_230' title='bbox 775 2946 938 3026; x_wconf 76' lang='grc' dir='ltr'><strong><em>ἐξέπιπτε</em></strong></span> <span class='ocrx_word' id='word_1_231' title='bbox 962 2944 1156 3011; x_wconf 79' lang='lat' dir='ltr'><strong>Herodoti</strong></span> 
     </span>
     <span class='ocr_line' id='line_1_27' title="bbox 45 3044 1158 3135; baseline 0.005 -28"><span class='ocrx_word' id='word_1_232' title='bbox 45 3044 75 3109; x_wconf 83' lang='lat' dir='ltr'><strong>u.</strong></span> <span class='ocrx_word' id='word_1_233' title='bbox 93 3047 228 3114; x_wconf 87' lang='lat' dir='ltr'><strong>XVIII.</strong></span> <span class='ocrx_word' id='word_1_234' title='bbox 251 3046 327 3111; x_wconf 82' lang='lat'><strong>519.</strong></span> <span class='ocrx_word' id='word_1_235' title='bbox 350 3046 504 3132; x_wconf 87' lang='lat' dir='ltr'><strong>idemque</strong></span> <span class='ocrx_word' id='word_1_236' title='bbox 529 3047 627 3114; x_wconf 84' lang='lat' dir='ltr'><strong>etiam</strong></span> <span class='ocrx_word' id='word_1_237' title='bbox 649 3049 691 3114; x_wconf 86' lang='lat' dir='ltr'><strong>de</strong></span> <span class='ocrx_word' id='word_1_238' title='bbox 717 3048 834 3135; x_wconf 78' lang='grc' dir='ltr'><strong><em>χοίρων</em></strong></span> <span class='ocrx_word' id='word_1_239' title='bbox 855 3047 1006 3113; x_wconf 81' lang='lat' dir='ltr'><strong>statuisse</strong></span> <span class='ocrx_word' id='word_1_240' title='bbox 1028 3046 1158 3113; x_wconf 81' lang='lat' dir='ltr'><strong>videtur</strong></span> 
     </span>
     <span class='ocr_line' id='line_1_28' title="bbox 42 3143 1155 3236; baseline 0.001 -24"><span class='ocrx_word' id='word_1_241' title='bbox 42 3144 121 3215; x_wconf 88' lang='lat' dir='ltr'><strong>Mon.</strong></span> <span class='ocrx_word' id='word_1_242' title='bbox 138 3173 173 3236; x_wconf 88' lang='lat' dir='ltr'><strong>p.</strong></span> <span class='ocrx_word' id='word_1_243' title='bbox 193 3150 251 3216; x_wconf 85' lang='lat'><strong>41.</strong></span> <span class='ocrx_word' id='word_1_244' title='bbox 277 3159 310 3214; x_wconf 86' lang='lat' dir='ltr'><strong>et</strong></span> <span class='ocrx_word' id='word_1_245' title='bbox 332 3149 373 3214; x_wconf 83' lang='lat' dir='ltr'><strong>de</strong></span> <span class='ocrx_word' id='word_1_246' title='bbox 395 3143 540 3233; x_wconf 68' lang='grc' dir='ltr'><strong><em>ἀμείνων</em></strong></span> <span class='ocrx_word' id='word_1_247' title='bbox 560 3160 659 3234; x_wconf 88' lang='lat' dir='ltr'><strong>atque</strong></span> <span class='ocrx_word' id='word_1_248' title='bbox 680 3147 811 3233; x_wconf 85' lang='grc' dir='ltr'><strong><em>μείζων,</em></strong></span> <span class='ocrx_word' id='word_1_249' title='bbox 836 3171 921 3234; x_wconf 78' lang='lat' dir='ltr'><strong>quae</strong></span> <span class='ocrx_word' id='word_1_250' title='bbox 942 3147 1059 3214; x_wconf 86' lang='lat' dir='ltr'><strong>eodem</strong></span> <span class='ocrx_word' id='word_1_251' title='bbox 1080 3147 1155 3214; x_wconf 81' lang='lat' dir='ltr'><strong>loeo</strong></span> 
     </span>
     <span class='ocr_line' id='line_1_29' title="bbox 43 3241 1156 3337; baseline 0.004 -26"><span class='ocrx_word' id='word_1_252' title='bbox 43 3251 190 3331; x_wconf 85' lang='lat' dir='ltr'><strong>produoit.</strong></span> <span class='ocrx_word' id='word_1_253' title='bbox 237 3251 306 3317; x_wconf 88' lang='lat' dir='ltr'><strong>His</strong></span> <span class='ocrx_word' id='word_1_254' title='bbox 326 3253 544 3318; x_wconf 76' lang='lat' dir='ltr'><strong>Butnnannus</strong></span> <span class='ocrx_word' id='word_1_255' title='bbox 567 3274 599 3337; x_wconf 91' lang='lat' dir='ltr'><strong>p.</strong></span> <span class='ocrx_word' id='word_1_256' title='bbox 612 3252 686 3316; x_wconf 86' lang='grc'><strong>223.</strong></span> <span class='ocrx_word' id='word_1_257' title='bbox 711 3249 861 3334; x_wconf 84' lang='lat' dir='ltr'><strong>adjungit</strong></span> <span class='ocrx_word' id='word_1_258' title='bbox 882 3241 980 3326; x_wconf 77' lang='grc' dir='ltr'><strong><em>οίιλος</em></strong></span> <span class='ocrx_word' id='word_1_259' title='bbox 1002 3258 1156 3332; x_wconf 76' lang='lat' dir='ltr'><strong>tunquam</strong></span> 
     </span>
     <span class='ocr_line' id='line_1_30' title="bbox 42 3345 1153 3438; baseline -0.001 -25"><span class='ocrx_word' id='word_1_260' title='bbox 42 3369 74 3427; x_wconf 84' lang='lat' dir='ltr'><strong>ex</strong></span> <span class='ocrx_word' id='word_1_261' title='bbox 98 3345 198 3430; x_wconf 82' lang='grc' dir='ltr'><strong><em>ὀλοός</em></strong></span> <span class='ocrx_word' id='word_1_262' title='bbox 231 3363 363 3432; x_wconf 79' lang='lat' dir='ltr'><strong>natum,</strong></span> <span class='ocrx_word' id='word_1_263' title='bbox 393 3353 485 3438; x_wconf 89' lang='lat' dir='ltr'><strong>quod</strong></span> <span class='ocrx_word' id='word_1_264' title='bbox 516 3353 768 3421; x_wconf 62' lang='lat' dir='ltr'><strong>disertissimum</strong></span> <span class='ocrx_word' id='word_1_265' title='bbox 797 3361 863 3426; x_wconf 83' lang='lat' dir='ltr'><strong>est3</strong></span> <span class='ocrx_word' id='word_1_266' title='bbox 894 3349 1096 3416; x_wconf 84' lang='lat' dir='ltr'><strong>Doederlein</strong></span> <span class='ocrx_word' id='word_1_267' title='bbox 1117 3349 1153 3412; x_wconf 93' lang='lat' dir='ltr'><strong>in</strong></span> 
     </span>
     <span class='ocr_line' id='line_1_31' title="bbox 44 3449 1157 3544; baseline 0.001 -29"><span class='ocrx_word' id='word_1_268' title='bbox 44 3449 142 3519; x_wconf 82' lang='lat' dir='ltr'><strong>Gloss.</strong></span> <span class='ocrx_word' id='word_1_269' title='bbox 165 3477 202 3539; x_wconf 91' lang='lat' dir='ltr'><strong>p.</strong></span> <span class='ocrx_word' id='word_1_270' title='bbox 227 3453 283 3520; x_wconf 85' lang='grc'><strong>97.</strong></span> <span class='ocrx_word' id='word_1_271' title='bbox 306 3451 427 3544; x_wconf 77' lang='grc' dir='ltr'><strong><em>φόνιος</em></strong></span> <span class='ocrx_word' id='word_1_272' title='bbox 448 3455 576 3544; x_wconf 62' lang='lat' dir='ltr'><strong>uosvis,</strong></span> <span class='ocrx_word' id='word_1_273' title='bbox 597 3479 630 3542; x_wconf 93' lang='lat' dir='ltr'><strong>p.</strong></span> <span class='ocrx_word' id='word_1_274' title='bbox 644 3455 716 3520; x_wconf 83' lang='lat'><strong>117.</strong></span> <span class='ocrx_word' id='word_1_275' title='bbox 739 3450 839 3518; x_wconf 88' lang='grc' dir='ltr'><strong><em>πενία</em></strong></span> <span class='ocrx_word' id='word_1_276' title='bbox 859 3456 970 3530; x_wconf 81' lang='grc' dir='ltr'><strong><em>πεῖνα,</em></strong></span> <span class='ocrx_word' id='word_1_277' title='bbox 994 3451 1157 3518; x_wconf 84' lang='lat' dir='ltr'><strong>uliusior·</strong></span> 
     </span>
     <span class='ocr_line' id='line_1_32' title="bbox 40 3549 1157 3647; baseline -0.002 -29"><span class='ocrx_word' id='word_1_278' title='bbox 40 3549 111 3618; x_wconf 79' lang='lat' dir='ltr'><strong>oitan</strong></span> <span class='ocrx_word' id='word_1_279' title='bbox 142 3566 300 3642; x_wconf 83' lang='lat' dir='ltr'><strong>apponat</strong></span> <span class='ocrx_word' id='word_1_280' title='bbox 328 3554 489 3639; x_wconf 72' lang='grc' dir='ltr'><strong><em>θεμέλιον</em></strong></span> <span class='ocrx_word' id='word_1_281' title='bbox 515 3553 695 3647; x_wconf 71' lang='grc' dir='ltr'><strong><em>θέμειλον,</em></strong></span> <span class='ocrx_word' id='word_1_282' title='bbox 728 3554 789 3620; x_wconf 87' lang='lat' dir='ltr'><strong>sed</strong></span> <span class='ocrx_word' id='word_1_283' title='bbox 816 3551 933 3619; x_wconf 89' lang='lat' dir='ltr'><strong>horum</strong></span> <span class='ocrx_word' id='word_1_284' title='bbox 960 3552 1084 3620; x_wconf 87' lang='lat' dir='ltr'><strong>nullum</strong></span> <span class='ocrx_word' id='word_1_285' title='bbox 1107 3561 1157 3618; x_wconf 83' lang='lat' dir='ltr'><strong>eet</strong></span> 
     </span>
     <span class='ocr_line' id='line_1_33' title="bbox 39 3653 1159 3744; baseline 0.001 -27"><span class='ocrx_word' id='word_1_286' title='bbox 39 3656 120 3734; x_wconf 88' lang='lat' dir='ltr'><strong>quod</strong></span> <span class='ocrx_word' id='word_1_287' title='bbox 147 3679 220 3720; x_wconf 94' lang='lat' dir='ltr'><strong>non</strong></span> <span class='ocrx_word' id='word_1_288' title='bbox 260 3657 354 3722; x_wconf 79' lang='lat' dir='ltr'><strong>aliter</strong></span> <span class='ocrx_word' id='word_1_289' title='bbox 386 3655 543 3742; x_wconf 76' lang='lat' dir='ltr'><strong>explicari</strong></span> <span class='ocrx_word' id='word_1_290' title='bbox 570 3656 690 3744; x_wconf 84' lang='lat' dir='ltr'><strong>possit3</strong></span> <span class='ocrx_word' id='word_1_291' title='bbox 725 3678 787 3721; x_wconf 91' lang='lat' dir='ltr'><strong>neo</strong></span> <span class='ocrx_word' id='word_1_292' title='bbox 821 3655 863 3719; x_wconf 85' lang='lat' dir='ltr'><strong>ad</strong></span> <span class='ocrx_word' id='word_1_293' title='bbox 893 3654 994 3718; x_wconf 79' lang='lat' dir='ltr'><strong>iidem</strong></span> <span class='ocrx_word' id='word_1_294' title='bbox 1014 3653 1159 3721; x_wconf 74' lang='lat' dir='ltr'><strong>firmiora</strong></span> 
     </span>
     <span class='ocr_line' id='line_1_34' title="bbox 38 3749 1156 3844; baseline 0.001 -26"><span class='ocrx_word' id='word_1_295' title='bbox 38 3768 104 3822; x_wconf 88' lang='lat' dir='ltr'><strong>sunt</strong></span> <span class='ocrx_word' id='word_1_296' title='bbox 122 3781 214 3843; x_wconf 90' lang='lat' dir='ltr'><strong>quae</strong></span> <span class='ocrx_word' id='word_1_297' title='bbox 229 3758 432 3839; x_wconf 78' lang='lat' dir='ltr'><strong>Buttmanni</strong></span> <span class='ocrx_word' id='word_1_298' title='bbox 455 3758 686 3844; x_wconf 81' lang='lat' dir='ltr'><strong>suffragatores</strong></span> <span class='ocrx_word' id='word_1_299' title='bbox 716 3758 932 3834; x_wconf 83' lang='lat' dir='ltr'><strong>induxerunt,</strong></span> <span class='ocrx_word' id='word_1_300' title='bbox 965 3749 1114 3840; x_wconf 83' lang='grc' dir='ltr'><strong><em>μάκαιρα</em></strong></span> <span class='ocrx_word' id='word_1_301' title='bbox 1134 3776 1156 3819; x_wconf 81' lang='lat' dir='ltr'><strong>u</strong></span> 
     </span>
     <span class='ocr_line' id='line_1_35' title="bbox 36 3853 1155 3948; baseline 0 -24"><span class='ocrx_word' id='word_1_302' title='bbox 36 3857 258 3947; x_wconf 58' lang='grc' dir='ltr'><strong><em>μακαρίαη),</em></strong></span> <span class='ocrx_word' id='word_1_303' title='bbox 284 3859 424 3944; x_wconf 84' lang='grc' dir='ltr'><strong><em>μέλαινα</em></strong></span> <span class='ocrx_word' id='word_1_304' title='bbox 447 3881 465 3924; x_wconf 89' lang='lat' dir='ltr'><strong>e</strong></span> <span class='ocrx_word' id='word_1_305' title='bbox 487 3857 639 3942; x_wconf 85' lang='grc' dir='ltr'><strong><em>μελανία,</em></strong></span> <span class='ocrx_word' id='word_1_306' title='bbox 662 3855 833 3948; x_wconf 79' lang='grc' dir='ltr'><strong><em>εὐνήτειρα</em></strong></span> <span class='ocrx_word' id='word_1_307' title='bbox 854 3883 895 3924; x_wconf 82' lang='lat' dir='ltr'><strong>ex</strong></span> <span class='ocrx_word' id='word_1_308' title='bbox 919 3853 1070 3944; x_wconf 76' lang='grc' dir='ltr'><strong><em>οὗνήτρια</em></strong></span> <span class='ocrx_word' id='word_1_309' title='bbox 1093 3863 1155 3920; x_wconf 72' lang='lat' dir='ltr'><strong>etc·</strong></span> 
     </span>
    </p>
   </div>
   <div class='ocr_carea' id='block_1_5' title="bbox 96 4019 1282 4100">
    <p class='ocr_par' dir='ltr' id='par_1_5' title="bbox 96 4019 1282 4100">
     <span class='ocr_line' id='line_1_36' title="bbox 96 4019 1282 4100; baseline -0.006 -19"><span class='ocrx_word' id='word_1_310' title='bbox 96 4031 139 4098; x_wconf 85' lang='grc'><strong>18)</strong></span> <span class='ocrx_word' id='word_1_311' title='bbox 154 4031 225 4085; x_wconf 84' lang='grc' dir='ltr'><strong>Ηοο</strong></span> <span class='ocrx_word' id='word_1_312' title='bbox 239 4029 327 4100; x_wconf 85' lang='lat' dir='ltr'><strong>longe</strong></span> <span class='ocrx_word' id='word_1_313' title='bbox 346 4027 428 4082; x_wconf 85' lang='lat' dir='ltr'><strong>aliter</strong></span> <span class='ocrx_word' id='word_1_314' title='bbox 440 4025 585 4098; x_wconf 84' lang='lat' dir='ltr'><strong>explicant</strong></span> <span class='ocrx_word' id='word_1_315' title='bbox 596 4035 706 4082; x_wconf 83' lang='lat' dir='ltr'><strong>veteres</strong></span> <span class='ocrx_word' id='word_1_316' title='bbox 719 4046 788 4099; x_wconf 82' lang='lat' dir='ltr'><strong>quos</strong></span> <span class='ocrx_word' id='word_1_317' title='bbox 801 4029 830 4082; x_wconf 90' lang='lat' dir='ltr'><strong>in</strong></span> <span class='ocrx_word' id='word_1_318' title='bbox 842 4025 929 4081; x_wconf 89' lang='lat' dir='ltr'><strong>Proll.</strong></span> <span class='ocrx_word' id='word_1_319' title='bbox 938 4027 979 4077; x_wconf 88' lang='grc'><strong>38.</strong></span> <span class='ocrx_word' id='word_1_320' title='bbox 995 4019 1153 4092; x_wconf 76' lang='lat' dir='ltr'><strong>introduxi3</strong></span> <span class='ocrx_word' id='word_1_321' title='bbox 1280 4029 1282 4034; x_wconf 85' lang='lat'>&#39;</span> 
     </span>
    </p>
   </div>
   <div class='ocr_carea' id='block_1_6' title="bbox 32 4108 1154 4267">
    <p class='ocr_par' dir='ltr' id='par_1_6' title="bbox 32 4108 1154 4267">
     <span class='ocr_line' id='line_1_37' title="bbox 32 4108 1154 4188; baseline -0.004 -23"><span class='ocrx_word' id='word_1_322' title='bbox 32 4127 117 4184; x_wconf 86' lang='lat' dir='ltr'><strong>neque</strong></span> <span class='ocrx_word' id='word_1_323' title='bbox 134 4114 194 4171; x_wconf 83' lang='lat' dir='ltr'><strong>fnit</strong></span> <span class='ocrx_word' id='word_1_324' title='bbox 213 4113 267 4188; x_wconf 87' lang='lat' dir='ltr'><strong>qui</strong></span> <span class='ocrx_word' id='word_1_325' title='bbox 284 4108 377 4188; x_wconf 78' lang='grc' dir='ltr'><strong><em>Κιίῖρα</em></strong></span> <span class='ocrx_word' id='word_1_326' title='bbox 397 4132 433 4168; x_wconf 83' lang='lat' dir='ltr'><strong>ex</strong></span> <span class='ocrx_word' id='word_1_327' title='bbox 452 4117 546 4184; x_wconf 76' lang='grc' dir='ltr'><strong><em>Καρία</em></strong></span> <span class='ocrx_word' id='word_1_328' title='bbox 565 4131 733 4184; x_wconf 79' lang='lat' dir='ltr'><strong>eonversum</strong></span> <span class='ocrx_word' id='word_1_329' title='bbox 752 4112 870 4188; x_wconf 22' lang='lat' dir='ltr'><strong>dicer-et.</strong></span> <span class='ocrx_word' id='word_1_330' title='bbox 903 4108 1050 4166; x_wconf 84' lang='lat' dir='ltr'><strong>Sententia</strong></span> <span class='ocrx_word' id='word_1_331' title='bbox 1062 4124 1154 4179; x_wconf 85' lang='lat' dir='ltr'><strong>nuper</strong></span> 
     </span>
     <span class='ocr_line' id='line_1_38' title="bbox 32 4194 1152 4267; baseline -0.002 -14"><span class='ocrx_word' id='word_1_332' title='bbox 32 4197 129 4267; x_wconf 83' lang='lat' dir='ltr'><strong>placita</strong></span> <span class='ocrx_word' id='word_1_333' title='bbox 142 4221 238 4257; x_wconf 89' lang='lat' dir='ltr'><strong>unum</strong></span> <span class='ocrx_word' id='word_1_334' title='bbox 250 4203 339 4256; x_wconf 84' lang='lat' dir='ltr'><strong>hebet</strong></span> <span class='ocrx_word' id='word_1_335' title='bbox 352 4203 406 4256; x_wconf 85' lang='lat' dir='ltr'><strong>sed·</strong></span> <span class='ocrx_word' id='word_1_336' title='bbox 415 4201 538 4254; x_wconf 86' lang='lat' dir='ltr'><strong>debilem</strong></span> <span class='ocrx_word' id='word_1_337' title='bbox 553 4200 693 4255; x_wconf 85' lang='lat' dir='ltr'><strong>fautorem</strong></span> <span class='ocrx_word' id='word_1_338' title='bbox 706 4199 937 4255; x_wconf 85' lang='lat' dir='ltr'><strong>Choerobosoum</strong></span> <span class='ocrx_word' id='word_1_339' title='bbox 951 4195 980 4250; x_wconf 90' lang='lat' dir='ltr'><strong>in</strong></span> <span class='ocrx_word' id='word_1_340' title='bbox 992 4194 1095 4250; x_wconf 88' lang='lat' dir='ltr'><strong>Psalm.</strong></span> <span class='ocrx_word' id='word_1_341' title='bbox 1109 4195 1152 4261; x_wconf 76' lang='lat'><strong>92,</strong></span> 
     </span>
    </p>
   </div>
   <div class='ocr_carea' id='block_1_7' title="bbox 32 4284 829 4363">
    <p class='ocr_par' dir='ltr' id='par_1_7' title="bbox 32 4284 829 4363">
     <span class='ocr_line' id='line_1_39' title="bbox 32 4284 829 4363; baseline -0.003 -22"><span class='ocrx_word' id='word_1_342' title='bbox 32 4284 53 4338; x_wconf 82' lang='grc'><strong>3.</strong></span> <span class='ocrx_word' id='word_1_343' title='bbox 66 4286 96 4341; x_wconf 73' lang='lat' dir='ltr'><strong>Ia</strong></span> <span class='ocrx_word' id='word_1_344' title='bbox 107 4293 156 4344; x_wconf 82' lang='grc' dir='ltr'><strong>τοῦ</strong></span> <span class='ocrx_word' id='word_1_345' title='bbox 167 4293 255 4363; x_wconf 74' lang='grc' dir='ltr'><strong><em>μένω</em></strong></span> <span class='ocrx_word' id='word_1_346' title='bbox 267 4293 353 4359; x_wconf 80' lang='grc' dir='ltr'><strong><em>μινία</em></strong></span> <span class='ocrx_word' id='word_1_347' title='bbox 365 4291 412 4342; x_wconf 74' lang='grc' dir='ltr'><strong><em>καὶ</em></strong></span> <span class='ocrx_word' id='word_1_348' title='bbox 429 4284 497 4341; x_wconf 72' lang='grc' dir='ltr'><strong><em>καθ’</em></strong></span> <span class='ocrx_word' id='word_1_349' title='bbox 513 4284 723 4360; x_wconf 73' lang='grc' dir='ltr'><strong><em>ὑπερμιμασμόν</em></strong></span> <span class='ocrx_word' id='word_1_350' title='bbox 733 4291 829 4356; x_wconf 84' lang='grc' dir='ltr'><strong><em>μνεία.</em></strong></span> 
     </span>
    </p>
   </div>
   <div class='ocr_carea' id='block_1_8' title="bbox 0 0 1418 4809">
    <p class='ocr_par' dir='ltr' id='par_1_8' title="bbox 0 0 1418 4809">
     <span class='ocr_line' id='line_1_40' title="bbox 0 0 1418 4809; baseline 0 8"><span class='ocrx_word' id='word_1_351' title='bbox 0 0 1418 4809; x_wconf 95' lang='lat' dir='ltr'><strong> </strong></span> 
     </span>
    </p>
   </div>
  </div>
 </body>
</html>
