2825 4809
260 331 337 415 ιιι
462 362 465 369 ·
553 284 874 403 mssusuumo
903 334 950 401 11.
992 332 1085 407 us.
1189 372 1192 380 ,

258 525 379 611 κρᾶσιν
399 512 477 585 ἷσαν
496 519 606 607 Epim.
622 520 650 585 Ι.
665 520 739 599 217,
754 520 806 585 28.
829 542 928 605 quem
949 520 1109 607 scripture
1125 522 1263 587 mendoso
1274 517 1332 593 ἶσαι

260 646 322 711 pro
348 614 433 712 ἦσαν
448 625 501 708 ⁵¹)
531 624 566 688 in
595 644 736 693 errorem
765 622 899 688 duxisse
928 620 1077 699 videtur3
1108 622 1237 688 alterum
1254 638 1332 710 seque

259 726 448 791 festinatum
468 725 542 804 374,
564 726 616 791 21.
639 722 737 807 παρὰ
756 721 795 789 τὸ
818 721 863 791 έιυ
885 723 924 791 τὸ
945 720 1085 810 ὑπάρχω
1107 719 1125 791 ὁ
1145 728 1333 811 παραταιικὸς

260 819 330 915 ipos,
358 827 396 895 τὸ
427 823 540 894 δυῖκδν
566 822 664 915 ἦέτην
691 824 748 891 καὶ
775 822 811 889 δν
836 829 989 914 συγκυντῇ
1015 820 1114 913 ἤτην·
1135 825 1252 890 tertium
1268 827 1334 919 ejus·

261 929 337 994 dem
358 927 499 994 auctoris
522 927 663 1005 123,10.
687 934 720 993 et
740 927 835 990 Eust.
851 926 925 1003 672,
940 927 993 993 37.
1016 926 1167 995 έδειδέειν
1187 926 1335 995 έδιιδίυσαι

259 1028 320 1096 καὶ
340 1030 493 1117 συνκσπῇ
515 1026 691 1095 ἐδείδισαν.
736 1029 861 1095 Verum
881 1025 1038 1094 ἐδέδισαν
1058 1050 1127 1093 non
1146 1050 1184 1092 ex
1201 1027 1336 1096 έδεδέισαν

261 1132 431 1219 concisum
454 1138 504 1193 est
529 1129 620 1213 quod
641 1130 718 1213 jure
744 1152 764 1193 ιι
785 1127 975 1214 Phrynicho
1001 1129 1186 1214 exploditur
1207 1129 1336 1213 mirorque
1380 1147 1382 1186 ι

260 1231 449 1318 Thucydidi
470 1230 618 1297 relictum
639 1252 722 1307 esse,
743 1230 804 1295 sed
825 1230 1105 1296 accommodatum
1125 1227 1249 1317 perlecti
1265 1228 1336 1295 δέδια
1381 1257 1383 1289 1

258 1332 495 1401 inelinomeutis
517 1330 662 1415 δέδιμεν,
686 1331 814 1410 δέδιτε,
845 1352 930 1418 quae
953 1342 991 1396 ut
1014 1353 1181 1417 nunquam
1199 1328 1284 1415 ulpht
1300 1351 1336 1392 re·

259 1437 401 1522 cipiunt,
429 1434 476 1498 ite
501 1454 521 1496 ε
545 1431 989 1524 plusquamperfectoebest
1014 1434 1154 1519 epsilon.
1195 1430 1336 1515 Aliqumto
1381 1455 1383 1491 1

258 1537 363 1622 magis
391 1535 433 1599 ed
462 1538 630 1620 syncopen
659 1534 787 1598 accedit
812 1534 988 1599 infinitivus
1017 1533 1180 1619 δειδίμεν,
1209 1532 1246 1596 ed
1266 1554 1337 1616 quero

259 1636 410 1704 δεδιέναι
436 1636 573 1702 condem
598 1636 846 1722 proportionem
874 1636 975 1701 hebet
999 1658 1098 1721 quam
1123 1632 1209 1701 ἰέναι
1232 1632 1265 1697 ιδ
1283 1628 1338 1716 ἴμεν
1381 1660 1383 1694 :

258 1726 326 1803 sive
347 1732 460 1821 ἴμεναι
485 1747 518 1801 et
538 1732 698 1803 τεθνάναι
722 1736 765 1801 ed
785 1740 956 1805 τεθνᾶναι.

342 1856 367 1940 ξ.
393 1854 443 1919 10.
487 1853 545 1918 Ad
563 1854 701 1918 formam
730 1856 894 1941 passivam
918 1852 1163 1919 transeuntibus
1184 1850 1339 1939 primumn

259 1956 373 2023 oculos
393 1955 531 2020 incurrit
549 1957 693 2021 secunda
715 1956 881 2023 indicativi
903 1954 1076 2028 verborum
1098 1954 1341 2021 circumflexomm
1381 1997 1382 2036 3

257 2080 400 2147 persons
432 2078 516 2142 quae
547 2057 582 2121 in
610 2056 776 2124 Herodoti
807 2057 898 2124 libris
931 2058 1055 2145 duplici
1086 2058 1187 2124 modo
1215 2053 1341 2129 scribito,
1381 2069 1383 2134 t

257 2161 451 2248 plerumque
465 2158 592 2245 integre
609 2154 797 2239 έπαινέεαι,
821 2158 990 2246 διαιρέεαι
1007 2166 1040 2223 ει
1056 2157 1203 2223 similiter
1215 2157 1247 2220 in
1260 2154 1343 2219 loturo
1381 2161 1383 2200 ¹

258 2258 488 2339 διποθανέεαι,
527 2260 771 2345 λαμπρυνέεαι,
802 2261 862 2326 sed
890 2261 1000 2338 etiam,
1036 2262 1129 2346 quod
1161 2260 1261 2325 minus
1287 2278 1343 2342 pro·

255 2362 364 2440 batur,
396 2359 543 2445 διαιρέαι
573 2369 605 2425 et
632 2361 829 2444 προθυμέαι
860 2384 891 2428 v.
914 2362 1055 2428 Bredov.
1079 2363 1155 2428 375.
1183 2361 1346 2427 obfuturum

257 2459 400 2545 ἄμύνεαι
420 2458 544 2527 Euseb.
569 2460 662 2528 Stob.
685 2462 816 2530 XLVI.
838 2464 890 2529 32.
907 2487 941 2550 p.
960 2462 1034 2529 309.
1059 2464 1166 2549 (264.)
1206 2460 1270 2527 Illis
1289 2481 1346 2523 con-

257 2574 449 2630 sentaneum
471 2572 522 2627 est
540 2562 690 2631 πιυλέεαι
709 2575 849 2649 quatuor
868 2563 1009 2650 syllabas
1028 2564 1173 2630 efficiens
1190 2563 1226 2628 in
1243 2558 1346 2628 oraculo
1381 2572 1383 2606 ῑ

130 2690 135 2703 “
213 2649 218 2661 ’
256 2666 348 2751 opud
370 2662 534 2749 Porphyr.
557 2664 600 2731 V.
621 2662 710 2730 Plot.
733 2688 768 2731 vo
789 2666 842 2731 48.
871 2666 931 2732 sed
958 2665 1097 2731 fortasse
1128 2666 1270 2731 παιδεῖαι
1289 2658 1346 2724 scri·

255 2763 401 2830 bendum
424 2764 592 2850 epicorum
611 2786 702 2829 more
717 2776 755 2848 ut
767 2770 921 2849 μυθεῖαι.
954 2767 1059 2854 Apud
1068 2768 1252 2832 Homerum
1264 2761 1348 2849 ipsum

255 2862 368 2933 πωλέ’
404 2886 477 2929 oum
510 2864 728 2953 apostropho'
749 2878 824 2933 ante
855 2868 1001 2933 vocalem
1031 2868 1153 2955 legitur
1188 2888 1247 2954 pro
1280 2857 1348 2931 έπώ-

254 2966 316 3037 λου
346 2966 505 3032 incertum
532 2989 574 3031 an
603 2988 664 3053 pro
693 2970 808 3058 πωλῇ,
842 2970 901 3035 sed
933 2970 1083 3057 plerique
1114 2988 1270 3056 praesens
1297 2981 1349 3027 esse

254 3068 388 3157 putent,
423 3068 514 3153 quod
542 3069 667 3152 Harlej.
701 3067 834 3135 πώλεαι
864 3070 977 3135 scribit
1000 3070 1203 3157 bisyllabum
1231 3086 1350 3155 pronun·

254 3172 360 3247 ciatu3
388 3169 479 3255 quod
501 3170 528 3234 si
551 3168 781 3257 praeferimus,
811 3169 930 3256 integri
952 3174 1103 3240 πωλέεαι
1132 3172 1262 3260 epsilon
1280 3165 1350 3254 prius

222 3282 227 3289 ’
254 3271 400 3337 excisum
420 3280 472 3335 est
494 3280 651 3355 sequente
670 3269 898 3350 anabibasmo,
920 3272 1056 3338 alterum
1075 3294 1149 3338 cum
1169 3270 1351 3361 diphthongo
1381 3287 1383 3320 ι

256 3369 469 3456 colliquescit.
513 3369 673 3455 Ejusdem
694 3372 851 3458 temporis
876 3384 927 3438 est
946 3370 1075 3458 μυθέαι
1098 3371 1284 3461 δικράαντυς
1299 3366 1351 3435 Od·

252 3474 300 3539 H.
320 3472 401 3538 202·
418 3472 588 3555 utriusque
610 3480 719 3538 a'utem
741 3484 894 3539 accentus
921 3473 1145 3561 disputabilis:
1175 3474 1215 3540 τὰ
1245 3459 1352 3570 opilat

143 3594 145 3601 ’
254 3572 291 3642 ἔκ
311 3576 371 3661 τοῦ
392 3574 557 3640 πωλεῖται
579 3572 704 3659 γίνεται
726 3572 804 3639 κατ’
833 3571 962 3642 ἔνδειαν
983 3566 1160 3643 τσῦἷκαὶ
1182 3578 1244 3642 τοῦ
1267 3592 1291 3637 ι·
1311 3565 1351 3635 διδ
1381 3627 1382 3630 ,

252 3673 310 3741 καὶ
331 3670 557 3760 παροξύνεται
576 3673 670 3741 καθὰ
687 3673 743 3740 καὶ
758 3672 795 3739 sd
814 3677 961 3759 μυθέαι·
984 3668 1081 3767 cipri
1103 3701 1154 3755 τις
1178 3672 1264 3743 αὐτὰ
1282 3692 1351 3755 πρυ
1381 3691 1383 3716 ²

251 3770 453 3861 παροξύνειν
475 3772 588 3841 ἐθέλει
617 3770 662 3851 ὡς
684 3768 921 3861 ἆναδραμόντα
944 3774 992 3855 εἷς
1020 3774 1207 3865 ὁμοιότητα
1229 3778 1286 3843 τοῦ
1305 3767 1350 3837 τέ·
1381 3825 1383 3828 .

250 3898 373 3942 πτεται
400 3876 497 3943 Eust.
525 3874 623 3953 1518,
644 3872 697 3941 60.
725 3898 809 3960 quae
833 3878 1029 3944 anadromae
1052 3876 1201 3966 suspicio
1221 3874 1351 3965 profem

269 4184 272 4191 ι
322 4076 367 4181 ιι)
381 4076 462 4167 uano
477 4112 514 4164 ιε
527 4110 751 4165 uxxmsm.
765 4112 1019 4167 assuescamus
1034 4101 1105 4182 ἦσαν
1117 4110 1162 4167 αι
1176 4082 1293 4183 rosit*
1304 4103 1357 4161 ιαι

250 4191 267 4251 δ
290 4200 365 4251 ἐστιν
387 4192 589 4269 ἐπορεύθησαν.
629 4196 790 4252 Verborum
812 4200 885 4254 ἱέναι
908 4206 937 4254 et
958 4202 1029 4253 ἰέναι
1050 4200 1218 4253 erebi-sest
1241 4192 1356 4251 confusio

247 4280 369 4336 maxime
387 4282 497 4337 medias
515 4285 622 4338 formae
641 4302 668 4339 v.
685 4282 791 4339 Techn.
813 4284 870 4337 191.
894 4282 1012 4341 Jacobs.
1031 4286 1068 4339 sd
1086 4282 1223 4338 Philostrr
1237 4282 1295 4335 373.
