2825 4809
128 377 178 445 ΒΕ
195 368 309 439 ALIIS
333 366 570 436 SYNCOPAE
592 365 869 438 annuamus.
894 368 934 437 C.
945 370 974 435 1.
990 373 1016 457 t.
1024 369 1055 437 5.
1082 376 1158 450 365

88 548 288 645 οομοιοειδὴς,
312 548 561 639 dropace-iiam
582 564 642 621 ctc.
665 552 767 620 altera
795 556 945 622 concisae
967 556 1081 623 similis
1102 556 1158 626 ai-

86 654 218 744 μοιονρίο
238 654 324 741 apud
343 654 526 720 Pindarum
547 654 646 742 alpha
665 654 766 735 brevi,
789 651 1075 743 dppeqaooxiast),
1096 684 1159 745 yc-

86 755 201 845 λαθηνός
224 755 311 841 quod
344 778 386 821 ex
415 755 581 823 homerico
615 753 700 842 γάλα
733 760 870 845 θῆσθαι
901 758 1161 844 conglutinatum

83 870 201 949 putatum
225 857 315 923 tertia
340 857 418 922 item
445 880 486 923 ex
512 857 657 943 genitivo
687 868 853 925 contracta
882 861 941 925 sed
961 861 1027 927 alio
1047 862 1159 941 modo,

83 963 128 1027 loc
148 971 190 1025 est
212 959 315 1046 ellip'si
342 958 478 1024 duarum
510 960 746 1027 continentium
774 960 957 1040 litaramm,
993 984 1160 1029 consonae

82 1064 135 1129 dico
164 1082 239 1147 quae
268 1062 416 1125 ultimam
448 1061 574 1127 orditur
595 1072 627 1129 et
652 1063 775 1129 vocalis
797 1083 975 1147 quaaeam
996 1065 1161 1131 antecedit

81 1160 253 1251 αἱμόφυρτος
278 1162 371 1246 (cum
400 1172 494 1249 tropo
529 1163 637 1230 ionica
672 1160 889 1250 αἱμηιιόιης),
909 1158 1158 1250 ἆγολμοιύιιος,

80 1264 272 1349 ινμοδέγμων,
294 1258 529 1351 γολοπάροχος
549 1266 642 1344 altor,
665 1261 914 1350 δερμόνιτιρος,
935 1267 1159 1350 cappadocas,

79 1361 262 1447 οιομοόόκος,
284 1365 540 1449 τεομοδρομιῖν,
561 1364 753 1452 χειμοθνής.
795 1366 855 1434 Sic
868 1367 1062 1433 Euatathius
1085 1368 1159 1454 qui-

78 1467 131 1533 lem
148 1466 221 1531 haec
242 1476 319 1531 nata
341 1488 413 1533 esse
436 1476 548 1531 censet
564 1464 656 1544 1895,
668 1466 722 1533 34.
743 1464 783 1531 τὸ
807 1464 1058 1555 αἱμοφόρυκιος
1081 1494 1160 1556 cay-

78 1568 205 1634 ιένοιτιοι
226 1563 337 1652 ὥςπερ
360 1567 399 1632 τὸ
419 1562 619 1655 αἷμόῤῥοιος
636 1565 693 1633 καὶ
708 1564 746 1634 τὸ
769 1564 982 1657 αἱμοβαφής,
1004 1570 1159 1656 idemque

76 1667 195 1731 statuisse
224 1668 354 1733 videtur
385 1668 427 1733 de
460 1664 653 1754 δοροιογός,
697 1666 920 1758 γουνοπαχής,
959 1669 1159 1761 κιροφόρος,

75 1764 212 1856 iliopolis,
242 1770 445 1857 φριάντλης,
479 1767 675 1853 quibuscum
703 1769 887 1834 consistunt
918 1772 1158 1861 κερατοφόρος,

75 1866 308 1957 δοροιογλύφος,
324 1866 588 1957 φρεατορύκτης,
606 1865 847 1957 ὑδατοτρεφής,
868 1894 977 1956 neque
991 1872 1161 1959 indignam

73 1970 205 2034 Eustathii
231 1972 369 2057 ingenio
398 1972 617 2055 conjecturam
642 1970 799 2035 iaciemus
824 1972 853 2036 si
882 1973 971 2038 idem
994 1996 1160 2039 sumamus

74 2071 102 2135 de
120 2072 252 2158 propriis
261 2067 502 2159 Ἀριεμόιιλια,
526 2070 756 2156 Τριτογένεια,
773 2067 1045 2161 Ἀπολλόδωρος,
1070 2074 1161 2161 quod

73 2171 235 2239 Gaisiordus
256 2173 293 2237 in
316 2173 396 2239 EM.
419 2172 491 2252 702,
512 2173 566 2238 43.
596 2172 773 2259 supposuit
801 2195 862 2259 pro
883 2168 1159 2263 Ἀπολλιόδωρος,

72 2274 110 2338 cui
125 2274 219 2339 simile
230 2268 500 2362 Ἀπολλοφάνης
511 2273 575 2356 ¹⁹).

132 2376 247 2444 Verum
272 2370 382 2439 tamen
403 2373 468 2440 hoc
491 2384 595 2439 totum
616 2395 722 2460 genus
740 2396 907 2462 syncopae
926 2376 1024 2441 nodis
1051 2378 1160 2443 exsol-

67 2476 131 2539 vitur
149 2477 175 2541 ai
191 2477 239 2541 illi
262 2476 322 2561 qui
342 2475 546 2542 brevioribus
566 2476 617 2541 usi
637 2486 714 2540 sunt
730 2498 896 2541 consonae
912 2478 1053 2545 nominis
1068 2479 1159 2565 prin-

67 2576 157 2663 cipalis
177 2578 328 2665 proxime
350 2586 558 2643 attexuerunt
577 2578 725 2643 vocalem
746 2577 960 2644 connexivam
976 2577 1160 2656 νειμ-ό·-

66 2704 166 2757 ιουιιος
187 2690 219 2744 et
239 2689 360 2756 cetera,
382 2678 501 2764 quibus
518 2677 656 2744 conferri
675 2689 815 2766 possunt
830 2679 932 2757 latina
947 2679 1160 2765 iaedihagus,

64 2776 220 2859 homicida,
247 2780 466 2865 sanguisuga,
492 2779 678 2857 horrificus,
703 2780 886 2857 rumilicus3
918 2801 993 2846 cum
1015 2806 1161 2865 κομανο·

63 2877 132 2967 alti}
148 2904 223 2947 vcro
248 2892 283 2947 et
309 2881 467 2947 similibus
490 2882 642 2948 convenit
663 2881 892 2969 odorisequus,
914 2881 1077 2969 aoporiier
1098 2892 1159 2947 etc.

64 2980 152 3047 Verbo
173 2994 270 3049 tenus
298 2984 444 3070 attigisse
469 2983 588 3050 sufficit
614 2979 786 3069 ἶχιορῥοεῒν
808 2984 899 3069 quod
922 2993 1051 3069 praeter
1069 2982 1162 3048 locos

62 3080 87 3145 in
104 3083 195 3151 Thea.
221 3086 341 3151 citatos
365 3084 485 3171 legitur
505 3085 539 3149 in
559 3084 652 3150 Med.
682 3084 794 3169 Mosq.
815 3085 862 3151 X.
890 3085 947 3161 34,
968 3084 1043 3149 333.
1061 3078 1160 3149 Ῥαι-

62 3182 206 3265 οιοτύπος
237 3174 309 3253 non
341 3184 387 3250 ita
414 3195 451 3250 ut
478 3184 749 3273 ῥαισιηροκονιία
779 3185 998 3272 compositum
1023 3193 1074 3249 est
1102 3184 1163 3249 sed

62 3305 118 3350 aum
134 3288 266 3354 nomine
291 3287 516 3353 declinationis
538 3287 663 3373 primae
690 3296 727 3350 ut
755 3281 1039 3372 πρεσβοτοδόκος,
1067 3310 1162 3372 νηρι-

60 3383 211 3475 ιοιρόφος.
252 3388 443 3457 Genitivum
460 3388 610 3475 adjectivi
627 3397 831 3475 amputatum
842 3409 915 3452 esse
926 3386 1039 3452 statuit
1049 3385 1162 3453 Choe-

61 3486 196 3555 robcscus
215 3490 252 3555 in
277 3490 400 3555 Psalm.
425 3491 497 3569 122,
520 3489 550 3554 8.
574 3487 611 3556 ἐκ
632 3492 693 3555 τοῦ
715 3491 785 3565 ιτᾶς
807 3483 934 3566 παντός
955 3487 1091 3555 καὶτοῦ
1113 3488 1163 3577 ῥῶ

89 3798 91 3805 y
114 3726 156 3795 18)
175 3725 336 3800 ἄμαιροχίη
355 3723 417 3779 ἀντὶ
440 3727 488 3780 soti
510 3721 715 3795 ἆρμαιοιροχίη
735 3718 803 3775 κατὰ
826 3721 979 3795 [decipiam
997 3706 1086 3794 toti}
1103 3722 1163 3793 καὶ]

60 3811 185 3881 caynonis
203 3816 251 3882 τῆς
267 3801 311 3868 {c-
324 3813 390 3866 Sch.
409 3810 471 3865 Nic.
492 3810 548 3865 Th.
563 3809 622 3865 263.
643 3806 692 3878 qui
711 3808 852 3863 vocabula
872 3806 1021 3861 confundit
1041 3808 1162 3863 diversa.

60 3892 93 3947 De
108 3907 222 3954 accentu
240 3896 339 3952 monui
356 3898 394 3950 ad
410 3897 516 3951 Buttm.
530 3898 590 3951 tat.
622 3891 767 3958 Exaereai
785 3909 868 3965 qaam
886 3892 933 3947 hic
950 3892 1039 3962 lingit,
1056 3892 1163 3963 Diony-

59 3977 103 4035 sius
116 3983 178 4041 Per.
195 4002 266 4039 usus
285 3989 329 4037 est
340 3980 470 4056 Σαμιίιαι
484 3980 582 4037 dicens
598 3998 651 4053 pro
662 3974 818 4053 Σαρμάιαι.
838 3983 947 4053 ‘hospis
964 3986 993 4033 et
1008 3977 1065 4031 alia
1080 3976 1163 4033 attuli

60 4063 358 4229 Pmllisslpliallativo
372 4148 613 4227 ἇλεκιρυοιιιόλιον
625 4153 697 4207 duae
712 4152 815 4205 desunt
830 4155 878 4202 aut
894 4146 1023 4219 ejusdem
1038 4146 1164 4217 syllabae

58 4236 142 4295 literae
154 4250 202 4295 aut
215 4238 380 4297 confinium.
397 4237 575 4309 Ἀμεινοκλῆς
584 4244 614 4293 et
625 4233 779 4310 πλιομιλῆς
789 4251 876 4307 supra
886 4232 974 4305 attigi.
997 4232 1054 4289 Pro
1063 4231 1165 4289 Ἀπολ-

57 4324 192 4399 λονησιιης
209 4328 313 4401 Staph.
331 4326 514 4382 Casaubonua
528 4321 798 4393 Ἀπολλωνονησιιηι
813 4318 921 4376 scribit.
