2825 4809
1154 134 1175 181 Ο

274 358 340 423 nn
364 355 639 425 Pnuuomsr.
686 355 726 424 o.
750 356 789 423 n.
821 362 846 445 s.
869 359 900 424 a.
1075 365 1162 439 417²

78 555 115 621 29.
124 553 313 615 constatvero
327 537 436 627 δρινδς
447 539 505 608 καὶ
517 544 719 630 πλεονασμῷ
737 547 796 610 τοῦ
813 533 896 630 {ips
902 537 973 622 νεός
983 541 1155 615 Choerob.

79 648 222 721 orales.
236 646 293 711 sed
308 643 348 709 ab
364 643 436 708 aliis
457 643 500 708 ad
518 665 686 731 syncopen
707 644 844 709 refertur
857 667 888 710 v.
900 645 940 710 Ρ.
953 647 980 712 Ι.
997 671 1024 714 o.
1037 650 1067 715 2.
1084 653 1109 736 ς.
1118 649 1154 716 5.

79 775 125 839 quo
141 752 205 815 loco
225 743 338 827 λσχεός
361 755 393 810 et
422 744 539 810 similia
562 743 705 811 exhibui.
748 747 802 810 Ex
836 746 998 813 femininis
1027 750 1156 836 primae

76 847 263 918 declinationis
290 846 354 911 huc
383 846 526 912 relenmt
549 841 701 934 Νεερὲας
727 840 797 915 ἀπὸ
825 853 885 935 τῆς
912 854 1027 933 νεαρᾶς
1049 853 1153 918 πλεο-

75 955 163 1038 νασμῷ
187 954 243 1017 τοῦ
267 937 293 1014 ε
318 949 398 1013 ΕΜ.
428 947 505 1025 001,
540 949 591 1014 39.
626 949 686 1013 sed
716 970 817 1033 quum
844 949 887 1012 ad
913 942 1093 1036 ἀδελφεούς
1122 961 1159 1017 et

76 1049 186 1139 ἔριναδς
205 1049 406 1136 respicimus,
430 1047 590 1114 dubitatio
614 1049 761 1114 oboritur
780 1073 823 1115 ne
843 1049 926 1114 illud
949 1049 1069 1115 alicubi
1093 1073 1157 1139 pro

75 1149 174 1237 νενρεία
196 1151 314 1214 dictum
337 1148 393 1229 sit,
420 1152 511 1236 quod
535 1151 678 1239 speciem
701 1151 852 1237 adjectivi
873 1149 973 1216 habet
994 1173 1067 1216 cum
1086 1154 1158 1240 sig·

73 1253 226 1318 nificatione
249 1252 448 1319 substantiae
467 1275 497 1318 v.
521 1253 640 1318 Parall.
662 1252 737 1318 354.
760 1253 838 1317 item
859 1262 897 1316 ut
919 1253 1037 1341 νηπιέῃ
1060 1254 1156 1319 femi·

73 1356 157 1420 ninum
177 1376 246 1420 esse
269 1355 411 1420 creditur
433 1355 583 1441 adjectivi
609 1351 777 1442 νηπίειος,
823 1353 914 1438 quod
943 1375 1047 1438 genus
1070 1355 1159 1419 anti·

71 1457 162 1522 neriae
181 1457 336 1521 illustravi
358 1481 391 1544 p.
414 1457 487 1523 360.
530 1454 703 1542 Euphorio
729 1476 829 1539 quum
856 1454 1021 1519 Arcadiae
1040 1455 1156 1521 urbem

72 1557 155 1644 Νὲδνμ
175 1559 447 1624 transnominaret
468 1557 596 1647 Νεδὲρν
615 1555 761 1621 Meinek.
784 1555 892 1619 Anall.
924 1556 994 1621 130.
1019 1555 1159 1624 diectasi

70 1681 126 1722 usus
147 1670 194 1724 est
213 1660 303 1725 haud
323 1661 452 1726 insueta
474 1657 665 1746 praesertim
689 1657 725 1720 in
751 1656 903 1744 propriis.
948 1653 1031 1744 Γενή
1053 1657 1160 1723 Calli·

70 1760 175 1826 machus
207 1757 228 1825 a
256 1761 432 1827 thematico
465 1761 547 1846 μένω
587 1757 743 1824 derivavit
775 1757 892 1822 eodem
923 1757 1089 1823 intellectu
1120 1770 1163 1824 ut*

69 1856 327 1946 ρενεή,1]οσνεεο
349 1863 429 1928 EM.
453 1859 530 1938 225,
559 1861 610 1926 30.
640 1871 729 1925 recte
758 1858 847 1923 ducit
875 1882 894 1922 a
919 1867 1035 1923 neutro
1065 1859 1161 1945 γένος

69 1967 94 2019 ut
116 1952 193 2044 εἶρος
221 1961 317 2050 ἕρέα,
349 1956 439 2041 εἶδος
470 1959 555 2028 ἶδέα.
601 1961 767 2045 Κεστρέαι
799 1953 889 2038 εἶδος
916 1955 1042 2040 ἰχθύων
1062 1960 1157 2027 Suid.

68 2055 350 2128 fortassesunitum
388 2077 438 2130 est
473 2085 491 2128 e
518 2061 630 2129 Schol.
660 2059 762 2125 Arist.
792 2058 903 2124 Nubb.
935 2061 1008 2125 338.
1036 2056 1097 2143 οὐχ
1125 2056 1159 2126 οἳ

70 2151 142 2224 αὐτοὶ
166 2167 237 2241 τοῖς
266 2169 459 2250 κεστρεῦσιν
486 2160 520 2229 αλ
549 2161 718 2245 scorpius·
754 2159 873 2224 sedin
903 2159 1031 2226 Comici
1062 2182 1161 2227 versu

69 2260 194 2346 scriptum
217 2274 269 2328 est
297 2269 442 2350 κεστρᾶν
459 2264 593 2349 τεμάχη.
637 2259 799 2344 Hesychii
818 2260 911 2326 locus
930 2255 1007 2350 Ὀχή
1029 2263 1162 2350 τρώγλη
1280 2289 1291 2310 ·

65 2361 148 2449 scope}
168 2365 393 2452 suspicionem
416 2362 553 2452 praebet
575 2363 651 2440 duo,
673 2371 710 2426 ut
731 2383 841 2448 saepe,
865 2363 1000 2427 confusa
1015 2385 1088 2428 esse
1097 2385 1162 2428 vo·-

64 2458 155 2526 cabula
174 2466 290 2552 specie
315 2465 441 2543 similia,
459 2460 536 2551 δχεή
559 2474 592 2528 et
617 2457 694 2551 ὀχή·
724 2485 800 2527 nam
830 2464 921 2548 quod
941 2463 1163 2530 Ruhnkenius

63 2559 152 2643 adjicit
168 2567 267 2631 Arati
292 2566 496 2654 exemplum,
520 2562 750 2628 subtraxerunt
772 2565 913 2631 Vossius
937 2577 969 2628 et
984 2565 1163 2630 Buttman-

61 2681 106 2725 nus
128 2661 184 2751 δχή
208 2667 247 2732 id
279 2678 330 2731 est
351 2662 482 2755 τρώγλη
509 2667 544 2730 in
567 2661 643 2753 δχεή
667 2674 839 2730 mutantes.
882 2665 951 2730 Pro
972 2665 1164 2731 accusativo

61 2756 152 2846 εἶρέας
173 2767 258 2832 Hes.
284 2766 349 2831 Th.
373 2767 444 2831 804.
467 2766 615 2831 nonnulli
627 2764 824 2830 Critioornm
845 2765 1083 2831 substituerunt
1095 2788 1164 2832 no·-

60 2860 108 2924 tius
127 2861 228 2948 εἴρας.
278 2869 348 2935 Sed
370 2867 600 2933 inconcussum
628 2866 770 2953 perstitit
803 2858 883 2955 ὅσχη
911 2868 1000 2953 apud
1022 2867 1165 2954 Hippo·

60 2974 157 3030 cratem
179 2971 317 3056 saepius
346 2969 502 3055 scriptum
524 2989 585 3054 pro
608 2962 721 3048 δσχέα.
767 2965 938 3033 Oelebrior
966 2967 1082 3033 notitia
1110 2977 1167 3033 est

59 3067 203 3132 nominum
239 3070 372 3156 generis
405 3069 531 3134 neutri:
566 3066 720 3153 δένδρεον
756 3066 791 3133 ἒν
807 3070 1022 3154 «πλεονασμῷ
1053 3055 1163 3135 von}

59 3163 245 3254 Theognost.
272 3170 354 3236 Cau.
381 3171 457 3249 127,
488 3169 539 3234 19.
570 3161 653 3234 ὤεον
686 3167 721 3232 ἐν
746 3170 949 3254 πλεονασμῷ
970 3170 1029 3233 τοῦ
1048 3155 1171 3235 atiud*

57 3271 102 3331 τοῦ
121 3266 186 3335 ὠδν
208 3295 244 3358 p.
272 3273 351 3350 121,
384 3272 434 3337 10.
461 3290 600 3356 quorum
626 3268 708 3332 illud
736 3267 764 3332 si
793 3290 834 3333 ex
862 3276 967 3332 aetate
992 3272 1172 3334 anctomm‘

57 3368 267 3451 aestimamus,
310 3371 476 3457 antiquius
508 3385 557 3436 est
585 3367 746 3453 bisyllabo
780 3368 928 3454 δένδρον,
964 3371 1161 3436 v.13red0v.

56 3464 126 3533 Dial.
147 3473 281 3538 Herod.
306 3495 340 3558 p.
363 3473 425 3538 251
451 3495 499 3558 sq.
529 3471 664 3535 alterum
688 3469 842 3534 desciscit
864 3492 885 3532 a
908 3469 1022 3555 regula
1043 3491 1166 3536 accen·

57 3573 104 3644 lus,
127 3593 225 3655 quem
251 3573 413 3639 Technici
435 3570 677 3637 abundantibus
700 3567 979 3655 praescribunt‘).
1023 3571 1064 3635 ln
1088 3573 1167 3638 He·-

57 3665 124 3732 siodi
150 3693 251 3738 versu
281 3676 362 3761 τῇδε
392 3672 456 3760 γὰρ
488 3667 605 3759 ἀξυλίρ
634 3665 847 3736 κατεπῦθεσο
875 3665 979 3759 κήλεα
1000 3678 1087 3758 νηῶν
1103 3673 1160 3738 Fr.

55 3765 249 3842 CCXLVII.
277 3772 306 3839 si
328 3769 455 3862 ἇξυλίη,
478 3781 515 3837 ut
537 3769 647 3839 Schol.
664 3769 718 3846 ait,
733 3767 772 3835 τδ
784 3770 830 3858 μὴ
844 3768 1043 3858 ξαλισθῆναι
1058 3771 1167 3857 signi·

55 3866 128 3949 icat,
158 3874 243 3939 silva
276 3873 439 3938 inca'edua
465 3870 659 3940 describitur
683 3870 718 3934 in
746 3891 812 3954 qua
839 3868 922 3948 ξδλα
943 3866 1018 3956 νήια
1046 3871 1165 3958 inopia

109 4111 263 4177 oxomen
276 4111 388 4182 plurale
401 4117 509 4164 tantum
524 4108 556 4164 ui
574 4105 660 4178 ἄκρεα
679 4109 715 4162 ab
735 4105 869 4160 inusitato
891 4103 919 4159 ιδ
941 4099 1026 4177 ἄκρος
1044 4079 1172 4164 ductum1

50 4191 147 4250 ridetur
158 4206 191 4252 nt
203 4196 237 4253 ul
259 4201 373 4272 μέτρεα,
397 4213 454 4266 quo
473 4202 575 4268 poetae
595 4191 739 4250 christiani
759 4199 891 4255 utuntur,
912 4204 928 4242 a
946 4191 1116 4262 metaplasto
1133 4174 1172 4263 18

49 4282 145 4350 μέιρσς.

91 4369 225 4420 nosses,
240 4371 336 4412 Parnon.
537 4419 539 4426 Ι
911 4360 953 4424 27
