2825 4809
139 305 205 381 Du
220 308 491 392 rmnsnusr
506 304 570 423 ur
588 306 865 381 stantuna.
889 303 928 376 o.
940 305 987 374 11.
1005 305 1070 396 §.a
1102 310 1176 388 sot
1237 349 1242 360 ·

66 500 222 566 diastolas
254 521 387 586 quoque
419 499 569 586 exempla
605 520 673 565 non
711 499 845 565 desunt:
886 492 974 563 πολὺ
1007 488 1178 582 ἀφόρητος

64 602 200 691 Lucian.
232 603 320 669 Dial.
349 602 435 669 Mer.
467 602 533 668 IX.
565 605 591 687 ξ.
620 602 652 668 3.
686 597 774 668 πολὺ
807 593 929 687 cintia
954 595 1112 684 Palaeph.
1147 619 1196 692 c..

64 704 164 769 XXI.
178 704 268 785 l.¹⁰)
289 706 418 787 βροτῶν
439 703 527 795 poti
550 701 728 789 σάνσαφος
750 691 858 770 άλλων
879 698 1091 767 Anth.XIV.
1104 698 1176 766 102.

64 829 121 892 pro
146 806 271 892 quoin
291 803 382 900 libris
405 804 520 892 Sibyll.
542 801 810 888 πολυπάνσοφος
834 802 994 888 reperitur
1015 812 1052 868 ut
1073 803 1178 868 πολυ-

63 906 231 996 ωάμφαος
250 907 352 974 Anth.
390 909 459 974 Pro
482 905 570 986 πολὺ
590 902 698 989 πικρά
725 905 792 972 Od.
804 904 902 972 XVI.
918 903 991 971 255.
1015 898 1176 991 γράφεται

61 1006 260 1096 πολύπικρα
280 1009 449 1101 ἐπίρρημα
470 1009 572 1095 idque
593 1030 681 1074 nunc
701 1008 811 1074 Iocum
833 1006 973 1073 obtinuit
994 1005 1176 1089 codemque

61 1109 159 1176 modo
184 1111 341 1200 scriptum
360 1107 572 1199 πολύπικρος
597 1106 685 1199 ἐρωή
714 1111 898 1197 Apollinar.
918 1109 1041 1176 Psalm.
1063 1107 1175 1176 LXV.

63 1212 112 1278 15.
152 1213 221 1279 Pro
253 1210 465 1302 Θεσμοφόρω
498 1213 587 1279 πολύ
604 1209 752 1282 πότνιαι
788 1213 890 1280 Arist.
919 1210 1053 1278 Thesm.
1082 1207 1175 1276 1156.

61 1315 202 1383 Vossius
214 1315 266 1380 vad
284 1316 330 1382 H.
347 1317 393 1381 H.
415 1315 450 1380 iu
468 1313 543 1381 Cer.
560 1315 633 1380 211.
651 1314 748 1380 tacite
766 1314 933 1382 substituit
947 1312 1175 1400 compositum,
1275 1361 1296 1378 .

60 1419 152 1505 quod
171 1417 340 1484 novissimi
362 1416 503 1484 editores
517 1425 728 1504 receperunt;
749 1415 950 1503 notariatus)
968 1415 1072 1483 Anth.
1082 1415 1174 1502 App.

58 1521 126 1588 IX
148 1521 200 1587 93.
222 1519 299 1586 alibi
321 1517 407 1586 πολὺ
428 1515 540 1608 κλειτή
563 1517 715 1586 scribitur
737 1519 797 1584 sed
813 1528 938 1586 veteres
953 1541 1019 1584 uno
1039 1525 1176 1584 accentu

59 1624 93 1689 in
121 1623 235 1688 ultima
264 1621 376 1709 posito
402 1643 433 1687 v.
461 1620 581 1686 Parall.
610 1620 685 1686 457.
716 1631 748 1686 et
775 1620 865 1686 Add.
890 1614 964 1686 550.
1020 1617 1067 1686 Τὸ
1088 1616 1173 1684 πολύ

59 1721 252 1811 πρώτιστον
288 1723 363 1790 τινὰ
400 1726 466 1789 τῶν
498 1717 708 1810 ἀντιγράφων
748 1716 830 1810 tob
860 1719 1045 1808 γράφουσιν
1080 1720 1174 1786 Euat.

59 1825 213 1905 362,12.
239 1825 298 1890 sed
322 1823 549 1911 comparativis
576 1835 609 1891 ct
635 1822 840 1910 superlativis
862 1821 1040 1916 apponitur
1064 1820 1174 1908 potius
1243 1911 1258 1926 .
1314 1862 1319 1871 -

21 1934 22 1937 ’
60 1952 160 2017 quam
181 1926 405 2015 imponitur,
427 1925 516 1994 πολὺ
537 1930 690 2015 πρῶτος,
715 1923 803 1992 πολύ
826 1918 979 2010 άρισύος,
1004 1920 1092 1992 πολὺ
1114 1922 1174 2004 μέ·
1214 1951 1217 1960 ’

58 2054 187 2117 γιστος,
215 2027 303 2095 πολὺ
334 2029 514 2118 φέρτατος,
548 2039 687 2115 excepto
717 2050 785 2094 uno
812 2027 1056 2110 πολυκύδιστας
1086 2021 1176 2114 quod
1224 2067 1229 2074 -

57 2132 171 2197 bisin
198 2130 335 2196 Anthol.
364 2121 485 2216 iegitur
512 2139 546 2197 et
569 2130 604 2196 iu
626 2131 815 2217 'Apollinea
841 2129 899 2195 Ps.
927 2127 1084 2195 X0101.
1111 2125 1176 2194 nisi

55 2236 92 2300 id
126 2253 260 2318 quoque
287 2230 500 2297 fflssuendum
528 2241 587 2298 est.
641 2233 783 2311 Eorum,
816 2253 900 2317 quae
924 2230 959 2295 in
980 2228 1176 2317 adjectivum

54 2335 188 2402 verbale
216 2343 353 2411 exeunt,
384 2342 422 2397 ut
448 2330 660 2412 nutritores,
691 2327 918 2419 πολυάρατσς,
949 2327 1175 2420 πολύκμητός,

55 2458 239 2525 compages
266 2433 449 2502 insolubilis
478 2444 543 2521 est,
571 2433 650 2520 quia
676 2433 838 2521 simplicia
870 2443 927 2499 aut
950 2433 1075 2500 indicta
1099 2443 1176 2498 sunt

53 2552 93 2606 ut
120 2536 241 2618 θυτός,
274 2547 331 2604 aut
360 2559 402 2602 ne
434 2535 500 2601 dici
526 2525 660 2621 quidem
684 2546 826 2624 possunt
854 2546 891 2601 ut
919 2535 1045 2623 κμηιός
1068 2557 1100 2600 v.
1131 2534 1175 2599 ad
1254 2583 1275 2606 „

52 2647 182 2712 Buttm.
215 2641 268 2708 33.
319 2639 377 2707 Sic
393 2638 503 2704 -multa
528 2624 566 2703 iri
590 2637 654 2704 hoc
682 2661 812 2730 genere.
857 2637 942 2712 Cum
966 2636 1175 2704 substantivis

28 2740 147 2816 ,πολύ
175 2765 244 2808 non
272 2740 532 2828 conglutinatur,
565 2763 643 2805 nam
673 2736 993 2828 πολυπλαγκιοσύνη
1016 2761 1175 2826 parasyn-

52 2847 174 2913 thcton
194 2865 269 2910 esse
287 2866 307 2909 a
326 2840 584 2928 πολύπλαγκτος
600 2842 811 2928 cognoscitur
826 2865 866 2906 ax
889 2841 960 2906 aliis
983 2863 1077 2925 quae,
1100 2840 1178 2927 quia

54 2947 222 3035 simplicia
248 2968 317 3012 non
345 2953 471 3023 extant,
501 2966 563 3030 pro
594 2943 755 3030 synthetis
787 2943 900 3010 haberi
930 2966 998 3010 non
1025 2952 1174 3030 possunt,

52 3046 353 3137 πολυκτημοσύνη,
376 3042 690 3132 πλαιυῤῥημοσύννγ,
717 3039 952 3135 εὐσχημοσύνη.

141 3172 178 3255 ξ.
191 3167 223 3234 3.
278 3165 393 3231 Tertio
424 3164 498 3230 loco
534 3165 813 3230 adnumerandum
851 3176 910 3231 est
939 3164 1089 3251 adjectivi
1122 3162 1177 3243 ἕύς

52 3293 164 3361 genus
191 3278 342 3336 neutrum
366 3256 512 3332 adverbii
540 3267 645 3332 vicem
673 3267 809 3353 explens
836 3267 871 3332 in
898 3266 1088 3354 compositis
1112 3288 1175 3356 po·
1237 3295 1240 3303 ¹

128 3518 176 3587 10)
192 3519 227 3572 In
243 3513 380 3570 Themist.
393 3513 490 3567 XXII.
505 3514 565 3569 281.
583 3513 619 3568 Α.
639 3512 711 3570 πολύ
733 3515 765 3570 tt
787 3511 926 3589 ἀθόρυβος
945 3511 1045 3586 ἡσυχία
1068 3520 1175 3586 κατεῖχε

52 3605 104 3663 τὸν
121 3603 212 3661 τόπον
227 3602 388 3674 Stephanus
408 3599 519 3655 dubitat
537 3607 630 3656 utrum
649 3599 721 3655 πολύ
738 3601 767 3655 in
786 3598 873 3670 πολλή
890 3602 1054 3656 mutandum
1071 3619 1176 3672 anpro

52 3684 179 3749 ἒπιπολύ
196 3688 363 3744 sumendum
378 3685 422 3740 sit.
454 3685 587 3742 Praefcro
606 3685 693 3754 πολλὴ
710 3689 740 3742 δὲ
755 3691 801 3741 καὶ
815 3684 955 3760 ἀθόρυβος
970 3695 1001 3743 ut
1012 3687 1067 3742 Dio
1080 3687 1143 3743 chr.
1154 3687 1175 3742 I.

52 3780 96 3845 67,
116 3779 165 3831 tt.
184 3771 272 3842 πολλὴ
289 3771 391 3843 ἡσυχία
409 3775 517 3842 κατέχει
533 3771 581 3826 τόν
599 3769 704 3828 τόσον.1
725 3774 758 3827 In
778 3773 888 3828 Phalar.
907 3776 961 3848 up.
976 3774 1135 3830 CXXVIII.
1151 3775 1175 3828 1.

49 3861 127 3920 πολὺ
154 3859 234 3918 δεινά
255 3856 436 3928 βεβούλευσαι
455 3857 516 3913 nati
536 3859 607 3930 ἐμοῦ
629 3859 792 3932 Lennepius
816 3860 906 3916 πολλὰ
924 3864 972 3919 καὶ
990 3855 1069 3916 δεινά
1091 3857 1175 3916 scribi

25 3939 491 4022 ‘jubet31cniusfueritncitca
523 3942 1005 4020 Πολλὰύεινύςθορ1.Αυ1.1034.
1030 3938 1176 4017 promitto
1259 3999 1266 4010 ,
1313 3938 1315 3950 “
1362 3948 1365 3960 ’

49 4031 148 4096 δεινός
168 4032 290 4105 positum
308 4031 423 4086 videtur
441 4039 473 4085 ut
492 4031 595 4086 πολλὸν
613 4030 734 4093 σἰνιιλθές
753 4033 816 4088 Nic.
836 4033 883 4087 Al.
897 4035 957 4086 tto.
978 4026 1057 4104 πόλλ’
1080 4024 1178 4094 άθλιος

46 4144 76 4178 v.
92 4119 199 4176 Valet.
219 4119 350 4173 Phoenn.
364 4121 424 4174 624.
443 4116 523 4174 πόλλ’
543 4117 634 4174 ἀέκων
651 4118 685 4174 Il.
698 4119 750 4174 XI.
771 4120 830 4176 557.
848 4115 937 4174 πολλοὶ
954 4115 1022 4189 μάλ’
1043 4115 1093 4173 oria
1113 4119 1178 4182 tue-
1227 4159 1233 4164 .

47 4213 146 4265 λουσα
158 4205 342 4271 ΧἯΠ.,431.
358 4202 449 4260 πυκνά
464 4207 604 4280 ρωγαλέος
616 4205 673 4261 0d.
684 4204 777 4261 XVII.
792 4207 848 4259 198.
862 4199 965 4278 κύπρος
976 4198 1078 4278 μεγάλ’
1093 4198 1178 4274 ἤλιθα
1232 4205 1236 4214 '
1296 4249 1312 4278 0

48 4290 147 4366 πολλή
167 4295 227 4350 Od.
240 4291 293 4349 IX.
312 4292 374 4348 330.
429 4348 434 4357 .
