2825 4809
203 368 276 440 118
564 365 885 434 DISSERTATIO
919 366 947 431 1.

139 583 149 592 ·
200 573 237 614 rc
258 543 500 635 παραλήγεται,
522 549 801 634 περισπᾶναιη)
823 552 921 635 τηυῶ,
943 551 1060 628 παπαῖ,
1078 552 1205 631 papan.
1249 550 1320 619 Sed

200 652 308 716 παπαῖ
328 671 398 715 non
421 648 712 734 amdiplmiaamo,
733 673 830 735 quem
849 648 1014 726 illeldicit
1037 659 1169 716 auctum
1189 649 1324 714 videtur

200 749 267 814 oed'
281 750 402 835 eo·qui
423 771 500 814 vere
518 749 565 814 ita
588 751 774 835 appellatur
799 750 863 816 hoo
888 761 938 819 est
962 750 1222 836 reduplicatione
1244 749 1321 816 the-

198 848 308 914 matici
322 846 402 917 πάιν
418 850 508 916 unde
525 851 731 936 percutiendi
749 850 849 916 verba
864 848 956 918 παίω
978 859 1011 916 et
1026 849 1145 916 πάλλεν
1162 850 1319 924 latinum-

199 971 264 1034 que
277 952 376 1032 pulpo
392 961 492 1036 atque
507 951 604 1016 etiam
616 951 777 1018 novitium
792 947 1001 1020 πασπατεάω
1012 949 1077 1016 hoo
1089 961 1139 1016 est
1148 951 1262 1038 palpo.
1275 989 1319 1000 -

192 1045 280 1115 Ἀπὸ
298 1055 358 1117 τοῦ
373 1044 470 1118 άπιω
486 1051 524 1118 τὸ
538 1051 655 1134 βλέπω
670 1052 795 1136 γίνεται
811 1049 991 1118 παπταίνει
1007 1051 1318 1135 ποιητικῶς8ο1ιο1

198 1149 304 1236 Soph.
325 1153 382 1236 Aj.
407 1152 457 1218 11.
480 1153 571 1238 q'uod
592 1152 646 1218 alii
667 1152 787 1218 rectius
809 1149 995 1274 an6diploei
1017 1149 1199 1216 attribuunt
1220 1175 1251 1216 v.
1276 1151 1319 1220 C.

197 1251 295 1318 VIII.
327 1255 353 1336 5.
380 1253 485 1316 2.--
515 1247 570 1318 Ἕκ
599 1256 660 1320 τοῦ
685 1249 805 1320 πάλλει
834 1249 871 1317 a6
898 1256 978 1318 κινῶ
1000 1249 1128 1332 πάλλιξ
1148 1251 1204 1318 καὶ
1227 1248 1319 1320 dno-

195 1353 282 1440 βολῇ
304 1356 364 1420 τοῦ
386 1379 414 1419 π
436 1350 494 1419 καὶ
514 1357 626 1442 τροπῇ
647 1357 708 1420 τοῦ
729 1367 750 1419 α
781 1347 830 1430 εἷς
849 1379 879 1437 η
857 1338 997 1438 ἧλιξ
1021 1375 1054 1418 οι
1083 1351 1147 1435 γὰρ
1166 1347 1318 1420 Ἀττικοὶ

196 1451 276 1528 τοὺς
303 1452 485 1537 νεωτέρους
512 1450 680 1530 πάλλικας
709 1453 842 1567 λέγουσι
863 1451 972 1538 Ερὶιυ.
996 1452 1025 1516 Ι.
1046 1452 1119 1530 320,
1137 1453 1192 1518 28.
1215 1463 1247 1520 et
1233 1454 1318 1520 t.11

196 1550 270 1618 373.
303 1551 373 1618 Sed
394 1551 491 1637 hujus
513 1573 646 1637 quoque
667 1551 824 1630 nominis,
852 1551 979 1636 quod
970 1575 1005 1616 m
1025 1552 1154 1618 novella
1174 1553 1322 1620 Graecia

194 1651 294 1736 viget,
321 1653 413 1718 testis
441 1653 550 1718 nullus
576 1662 705 1739 praeter
731 1652 984 1730 Grammaticos,
1013 1674 1051 1718 ao
1080 1653 1109 1718 si
1136 1651 1217 1737 quid
1240 1675 1318 1720 oum

194 1740 273 1839 ἧλιξ
290 1754 476 1820 commercii
495 1753 604 1833 habet,
626 1764 713 1820 certe
735 1752 799 1820 hoe
819 1753 921 1821 multo
944 1751 1108 1836 antiquius
1127 1763 1186 1820 est
1223 1754 1317 1839 Syn·

196 1875 315 1937 onyma
334 1853 402 1920 fere
424 1865 500 1920 eunt
520 1850 639 1941 άλειαρ
665 1853 703 1920 τὸ
731 1847 957 1941 άλευρουΗ),
981 1846 1095 1939 άλημα
1122 1852 1161 1920 τὸ
1186 1853 1317 1922 λεπτὸν

196 1947 338 2041 άλευρον
357 1966 392 2022 et
412 1953 554 2041 πάλημα
575 1951 668 2040 πάλη
690 1951 857 2040 πασπάλη
876 1956 984 2036 polleo
1004 1977 1034 2018 v.
1053 1954 1096 2018 ad
1112 1956 1169 2040 Aj.
1186 1977 1218 2020 v.
1236 1955 1316 2022 380.

196 2055 256 2120 sed
276 2077 296 2120 a
318 2056 453 2122 diversis
478 2055 616 2121 fortasse
637 2055 753 2140 etymis
776 2049 868 2122 ἀλεῖν
882 2053 1004 2119 molere
1022 2063 1054 2120 et
1070 2055 1211 2123 πάλλειν
1228 2079 1317 2142 qua

194 2163 273 2233 t'ere,
294 2179 372 2220 nam
362 2155 479 2279 πάλη
500 2156 569 2222 sive
583 2155 675 2244 παλη
692 2155 810 2222 dicitur
824 2156 930 2222 farina
942 2155 1049 2225 cribro
1064 2157 1236 2242 pollinario
1251 2181 1315 2224 ex-

195 2275 306 2332 cussa,
336 2257 374 2324 τὸ
405 2203 688 2340 άποπαλλάμενάν
718 2253 922 2324 λεπτότατον
952 2261 1012 2322 τοῦ
1046 2252 1189 2346 ἀλεύρου
1213 2259 1313 2326 Eust.

194 2355 267 2434 786,
288 2357 341 2422 20.
366 2356 418 2421 vel
438 2366 475 2421 ut
496 2355 608 2424 Schol.
629 2356 669 2422 Il.
691 2355 738 2422 X.
763 2355 792 2420 7.
817 2355 896 2420 dicit
883 2355 954 2423 1νό
979 2353 1230 2440 εἀπασσάμενον
1259 2362 1316 2428 λε·
1390 2349 1391 2384 ¹

193 2458 472 2542 πεομερέυτατον.
516 2456 803 2539 Quemadmodum
833 2467 940 2521 autem
967 2454 1124 2535 πάσσειν,
1159 2457 1315 2538 πάλλειν,

192 2556 370 2636 παλύνειν,
400 2556 588 2626 παλάσσειυ
618 2558 728 2623 multis
762 2557 911 2644 partibus
946 2579 982 2622 se
1018 2559 1228 2644 contingtmt,
1264 2563 1316 2630 sio
1389 2627 1390 2634 ,

192 2659 291 2725 etiam
314 2658 479 2728 ἅλλεσθαι
502 2669 534 2724 et
556 2657 749 2727 πάλλεσθαι
771 2681 870 2745 saepe
894 2657 1150 2744 significationes
1167 2661 1254 2728 inter
1276 2689 1317 2732 ae

193 2760 440 2836 communicant,
463 2760 551 2824 unde
571 2759 628 2823 illa
645 2759 816 2846 multiplex
840 2758 1002 2825 dubitatio
1026 2761 1066 2828 de
1089 2763 1210 2830 aoristo
1235 2759 1317 2834 ἅνὲ-

191 2862 311 2939 πάλτο,
333 2882 431 2945 quam
457 2861 577 2925 diserte
599 2860 741 2946 explicat
756 2861 948 2947 Spitzneruo
965 2862 1047 2926 Exc.
1058 2861 1157 2930 XVI.
1188 2865 1318 2950 Neque

191 2971 299 3027 tamen
327 2962 371 3027 ob
401 2984 472 3026 eam
495 2984 564 3028 rem
591 2961 815 3047 amplectimur
843 2957 1036 3028 sententiam
1063 2961 1105 3027 ab
1127 2964 1207 3030 EM.
1234 2966 1316 3048 618,
1388 2949 1389 2960 ¹

192 3065 243 3128 14.
263 3064 363 3129 latam
384 3062 422 3128 τὸ
445 3060 564 3130 πάλλιυ
586 3062 682 3149 παρὰ
704 3061 742 3126 τὰ
767 3059 858 3129 άλλιυ
884 3061 922 3130 τὸ
945 3065 1054 3150 aqua
1097 3063 1254 3183 Πελάυης
1279 3081 1317 3136 et

190 3162 309 3250 ἐλάτης
329 3175 454 3229 veteres
472 3165 547 3247 jure
571 3185 696 3228 summo
721 3162 856 3228 diversis
878 3164 1047 3249 assignant
1074 3167 1246 3255 principiis
1279 3184 1318 3238 et
1387 3247 1388 3250 Ἴ

189 3276 227 3330 ut
247 3263 289 3329 ab
311 3262 375 3328 hoc
395 3261 562 3351 βοηλάτης
583 3264 803 3387 compositum
825 3275 890 3343 est,
920 3266 967 3331 sio
995 3266 1035 3332 ab
1058 3267 1114 3334 illo
1137 3261 1388 3351 601271666-¹

188 3391 248 3452 της
268 3363 455 3447 bubsequa3
484 3362 692 3444 βουπελάται
721 3390 754 3432 οι
743 3359 979 3490 ‘6662666c''
956 3391 1032 3489 ητοι
1055 3374 1114 3435 τοῦ
1136 3396 1164 3438 π
1188 3395 1315 3458 περισ-

85 3502 89 3508 ·
189 3465 354 3542 σεύοντος,
375 3462 557 3548 βουελάυαι
578 3460 641 3547 γάρ
664 3460 757 3542 εἰσιν,
784 3460 804 3551 6
826 3467 920 3552 παρὰ
942 3467 979 3532 τά
1003 3467 1110 3546 πέλας
1130 3476 1196 3536 τῶν
1218 3479 1317 3556 βοῶν
1386 3533 1387 3550 J

161 3646 164 3653 .
190 3561 290 3644 εἶναι,
322 3559 342 3632 6
365 3593 420 3632 και
412 3565 494 3648 66)
492 3590 572 3630 ,τιον
594 3561 671 3632 Sch.
695 3531 808 3652 Apoll.
832 3567 892 3634 IV.
917 3567 1059 3633 1342.
1033 3591 1080 3634 arc
1103 3570 1189 3634 euim
1210 3573 1311 3658 pleo-

188 3690 301 3735 nasmo
329 3667 386 3732 illo
415 3667 655 3752 supersedetur.
706 3663 777 3752 Ἐρί
807 3665 977 3759 ἐπίρρημα
1005 3670 1101 3756 παρά
1136 3672 1195 3758 την
1225 3679 1314 3763 περί

186 3770 267 3838 EM.
292 3768 521 3845 374,12.εει1
550 3768 632 3867 illud
649 3771 867 3836 Buttmannus
893 3769 1038 3842 Gramm.
1061 3771 1107 3838 11.
1131 3772 1205 3841 468.
1233 3798 1312 3843 cum

255 4027 302 4094 aa)
319 4008 446 4080 audem
464 4025 501 4077 ob
522 4039 634 4078 eausam
651 4021 790 4078 Arcadius
809 4042 837 4094 p.
855 4025 912 4078 πυ.
931 4027 1007 4092 οπο
1026 4027 1141 4094 ρειαη
1161 4030 1241 4082 mnu
1259 4034 1310 4084 και

186 4112 278 4170 ὄπιπω
266 4115 346 4168 ‘eta
359 4108 539 4167 circumflecti
552 4111 637 4163 docet
649 4110 699 4162 sed
712 4126 769 4164 nou
783 4109 907 4164 excludit
918 4112 1151 4184 brachyparalect
1152 4129 1169 4165 a
1182 4121 1213 4166 ut
1225 4121 1307 4184 βιβῶ.
1384 4107 1385 4145 ³

193 4257 197 4264 .
255 4216 301 4283 31)
314 4216 369 4269 Pro
386 4206 495 4286 ιἰράβοιο
510 4205 651 4282 παλημαιι
662 4210 725 4266 Nro
739 4211 785 4266 Al.
800 4213 857 4264 561.
870 4216 926 4268 duo
941 4216 1022 4272 codd.
1036 4217 1175 4288 praebent
1186 4214 1308 4286 παληαη

185 4310 218 4355 ut
235 4321 363 4374 καρηαπ,
383 4301 461 4372 quod
483 4297 601 4353 forsitan
621 4301 748 4352 παλείατι
765 4283 946 4354 scribendum
964 4301 1008 4354 slt.
