2825 4809
205 351 282 426 555
556 343 877 416 DISSERTATIO
906 343 971 412 111.

202 530 381 616 χαλκίσασς
412 543 473 600 etc.
511 531 630 617 quibus
668 531 873 598 adnumerari
910 540 1052 618 possunt
1089 527 1323 615 andronymioo
1385 566 1387 617 μ

205 632 400 721 Ξανθικλῆς
429 633 587 719 Xenoph.
617 635 841 720 Διονυσικλῆς
870 631 923 697 bis
956 632 1114 718 scriptum
1138 632 1182 696 *in
1210 633 1321 696 Anon.

205 735 298 804 Stad.
319 735 369 802 M.
389 737 439 802 M.
469 740 495 821 ξ.
519 735 590 801 115.
614 745 675 800 etc.
704 755 736 799 v.
761 733 864 799 Proll
888 733 962 799 205.
990 745 1024 798 et
1050 732 1126 796 518.
1155 744 1324 820 postremo

206 833 423 922 ἇγγιλίαρχσς
442 835 565 923 agath.
584 836 648 902 nisi
669 835 734 900 hoc
755 833 799 900 ab
818 828 973 919 ἀγγελίας
990 834 1124 899 ductum
1143 844 1213 912 est,
1237 835 1326 918 quod

206 939 402 1007 Oritioomm
430 937 578 1004 nonnulli
608 939 756 1002 Homero
786 935 978 1001 tribuerunt.
1029 933 1115 1001 Cum
1142 930 1326 1020 ἀργιόδοτς

204 1041 285 1107 ΕΜ.
308 1039 382 1117 620,
401 1039 453 1104 56.
476 1031 616 1122 (lapidoo
644 1038 814 1124 componit
836 1047 991 1123 tanquam
1018 1059 1059 1101 ex
1086 1031 1240 1119 ἆκρόβσς
1261 1035 1326 1100 sire
1386 1026 1388 1099 l

207 1136 397 1228 ἆκρσβάτης
412 1140 463 1223 ⁴²)
488 1161 694 1215 conversum,
716 1138 909 1205 Eustatlrius
931 1161 1009 1204 vero
1030 1138 1102 1214 773,
1126 1138 1179 1202 21.
1203 1137 1325 1221 δρομι-

204 1239 321 1326 χαῖτης
342 1239 487 1324 (ἵππος)
509 1241 546 1304 τὸ
570 1235 759 1321 κοινότερον
785 1235 857 1307 o’orl
883 1244 942 1306 τοῦ
970 1239 1196 1324 ὀρσμσχαίεης
1225 1248 1261 1302 et
1286 1259 1327 1302 ex

207 1340 270 1407 hac
296 1339 422 1425 vulgari
451 1339 613 1427 scriptura
643 1339 741 1405 etiam
768 1337 974 1425 κσπίδιρμσς
1002 1341 1025 1406 i.
1049 1363 1082 1425 q.
1110 1334 1326 1424 δερμόκσπσς

208 1442 275 1507 sire
297 1437 502 1525 λισόόσρμσς
529 1441 744 1527 repetendum
770 1451 821 1508 est
847 1452 881 1508 et
906 1439 1089 1526 μισίασλσς
1111 1452 1174 1505 etc.
1220 1444 1326 1520 Kopr-

208 1540 319 1630 θσλής
341 1536 360 1628 ἡ
382 1536 492 1626 δάφνη
515 1542 609 1610 Suid.
631 1542 653 1606 i.
671 1565 702 1628 q.
727 1543 954 1627 κσσρσθάλεια
975 1539 1171 1625 Bernhardy
1192 1540 1327 1606 codices

208 1652 366 1728 sequutus
394 1641 533 1708 exclusit
547 1644 611 1727 Η).
662 1643 749 1710 Cum
779 1644 911 1709 nomine
943 1644 1068 1730 primae
1096 1642 1328 1708 declinationis

208 1745 416 1828 conjunctum
445 1753 514 1807 ost:
547 1740 729 1832 εἰλικρινής
755 1746 850 1828 παρὰ
878 1743 916 1811 τὸ
946 1743 1020 1830 εἷ’λη
1050 1743 1108 1810 rol
1132 1743 1173 1808 ad
1204 1743 1329 1826 κρίνειν

208 1847 317 1931 τροπῇ
341 1848 402 1910 τσῦ
415 1831 446 1909 o
479 1830 576 1921 stri
605 1845 716 1932 Epim.
741 1846 789 1910 11.
817 1844 891 1911 366.
925 1856 958 1912 et
988 1845 1107 1910 Zonar.
1126 1843 1204 1910 633.
1235 1844 1329 1928 quod

209 1945 429 2014 Schneiderus
452 1945 493 2009 ad
516 1945 602 2010 Plat.
627 1944 699 2011 civ.
722 1946 764 2011 T.
779 1946 826 2011 ΙΙ.
849 1947 921 2012 124.
944 1947 1022 2011 satis
1040 1944 1214 2032 probabile
1238 1944 1330 2008 ducit

207 2067 270 2112 noc
286 2057 396 2111 tamon
412 2057 513 2131 negat
529 2045 617 2111 idem
635 2069 655 2109 a
670 2046 771 2112 verbo
789 2046 864 2112 doci
881 2060 991 2134 posse.
1034 2045 1078 2112 Id
1090 2044 1171 2109 milri
1187 2045 1330 2110 alienius

207 2149 350 2225 videtum
374 2147 507 2235 spiritus
525 2148 670 2214 fluctuat.
706 2148 776 2215 Sed
792 2142 1041 2236 θαλασσιγενὴς
1061 2147 1153 2234 apud
1168 2145 1330 2212 Nonnum

208 2250 366 2318 mendose
398 2249 556 2335 scriptum
579 2247 726 2314 arbitror.
770 2249 911 2335 Saepius
936 2271 1013 2315 vero
1036 2259 1090 2314 eta
1108 2249 1144 2313 in
1165 2248 1238 2313 iota
1253 2270 1329 2313 cor-

209 2363 342 2437 ruptum
365 2361 416 2414 est
436 2349 645 2416 assuetudine
666 2349 844 2416 iotacismi:
872 2349 1046 2432 χσλιδόχσς
1074 2348 1257 2436 Theophil.
1289 2351 1331 2414 de

208 2452 303 2518 Urio.
326 2473 359 2536 p.
383 2450 433 2515 15.
456 2451 567 2518 Schol.
587 2453 667 2516 Eur.
694 2451 755 2518 Or.
783 2451 855 2516 115.
884 2449 1095 2536 μαδιγένιιος
1115 2452 1257 2516 Aristot.
1283 2453 1330 2515 H.

208 2558 302 2622 Anne
320 2551 385 2616 111.
409 2551 438 2616 1.
462 2575 495 2638 p.
514 2553 588 2618 518.
606 2551 638 2618 5.
655 2552 708 2616 20.
726 2573 788 2638 pro
806 2552 1041 2640 μαδηγένεισς,
1064 2553 1157 2636 quod
1175 2552 1213 2616 in
1228 2552 1330 2617 codd.
1390 2577 1391 2610 r

209 2654 334 2738 aliquot
359 2651 496 2738 legitur,
526 2651 703 2738 νομίσσρσς
731 2648 750 2716 ὁ
780 2652 841 2739 τήν
867 2652 971 2737 νομὴν
999 2650 1177 2739 φυλάσσων
1203 2653 1330 2718 Arcad.

210 2757 262 2832 73,
295 2757 325 2819 1.
363 2753 421 2818 ubi
459 2748 644 2842 νσμησυρός
682 2751 890 2818 scribendum
928 2750 1057 2816 videtur
1091 2764 1129 2826 ut
1162 2748 1331 2839 ὑληωρός.

210 2857 359 2922 Transeo
384 2876 470 2919 nunc
491 2855 534 2920 ad
555 2853 688 2919 nomina
714 2854 827 2920 tertiae
855 2853 1096 2932 declinationis,
1121 2877 1209 2940 quae
1233 2844 1333 2942 per-r

210 2967 459 3045 componuntur.
501 2955 556 3022 De
575 2953 639 3021 hoc
661 2956 747 3020 enim
762 2956 833 3039 jam
856 2956 913 3019 diu
935 2956 1099 3041 quaeritur
1126 2957 1263 3022 idemne
1292 2957 1335 3022 sit

210 3081 276 3144 quo
304 3057 404 3124 dativi
423 3055 578 3121 finiuntur
599 3079 641 3122 an
667 3079 709 3122 ex
727 3047 753 3123 o
771 3057 827 3121 illo
847 3070 953 3122 ortum
970 3079 1035 3143 quo
1048 3057 1167 3124 Graeci
1184 3057 1222 3122 in
1240 3060 1334 3124 omui

210 3181 330 3246 genere
352 3157 601 3245 compositionis
622 3157 672 3222 uti
692 3158 809 3224 solent.
842 3160 936 3224 Haec
949 3158 1108 3224 dubitatio
1119 3159 1334 3246 potissimum

210 3260 353 3346 pertinet
381 3261 424 3325 ad
451 3259 584 3324 nomina
612 3281 697 3343 quae
730 3259 872 3324 dativum
899 3260 1096 3345 bisyllabum
1115 3261 1243 3327 habeut
1265 3259 1332 3341 ἁλί,

210 3358 332 3446 γαστρί
339 3407 346 3439 ,
371 3359 461 3440 dopl,
490 3381 627 3445 quorum
649 3383 847 3446 permagnus
870 3373 920 3426 est
940 3385 1111 3441 numerus,
1137 3365 1239 3428 etad
1265 3364 1333 3428 duo

211 3483 294 3547 quae
315 3459 530 3546 trisyllabum,
560 3456 647 3544 ἀέρι,
679 3459 765 3543 ἔαρι.
810 3460 895 3527 Cum
917 3463 980 3528 hoo
1005 3464 1106 3550 igitur
1124 3485 1208 3530 casu
1228 3464 1333 3552 pleri·

210 3585 275 3648 que
308 3561 492 3648 composita
525 3572 641 3649 putant
676 3561 835 3647 adjectiva
874 3561 1073 3651 ἁλίβρσμσς,
1112 3562 1330 3653 σορίληπτσς,

207 3697 542 3724 ιδιιι--ι--ι--σ--ι--ι

279 3781 326 3846 42)
338 3779 402 3836 Hoc
420 3797 477 3835 non
495 3781 586 3836 solum
605 3753 769 3852 oapridoroo
781 3778 839 3835 sive
850 3778 1018 3853 rupicaprae
1031 3780 1164 3837 convenit
1174 3784 1228 3838 sed
1244 3782 1331 3838 etiarn

209 3865 356 3930 machinae
368 3864 432 3920 altis
445 3865 574 3924 cruribus
588 3866 740 3930 insistenti,
753 3883 810 3936 qua
822 3867 949 3922 tabulata
961 3867 1072 3922 scenica
1084 3877 1328 3939 sopemtruontor.

210 3951 355 4024 Ejusmodi
372 3969 474 4022 pegma
489 3969 541 4009 nos
558 3969 672 4024 quoque
689 3951 804 4006 arietem
820 3970 962 4006 vocamus.
989 3951 1086 4008 Simile
1101 3962 1146 4008 est
1160 3959 1293 4024 κιλλίρσς.

279 4037 327 4104 13)
342 4034 512 4106 Σουσιγενής
528 4037 684 4107 Aeschylos
706 4054 723 4089 a
740 4035 842 4108 plurali
859 4041 956 4092 Σοῦσα
977 4037 1119 4095 derivasse
1137 4040 1253 4095 videtur
1271 4057 1332 4094 non

210 4140 227 4175 a
239 4125 342 4182 Σοῦσις
357 4118 494 4182 Σούσιδος
506 4130 537 4175 ut
548 4122 742 4176 Blomtieldius
758 4131 855 4178 censet
870 4126 908 4176 ad
920 4124 994 4178 Pers
1009 4126 1048 4177 12.
1072 4125 1129 4180 Pro
1141 4121 1332 4196 Ἀσιαιιγενῆς

210 4213 312 4269 sotem,
330 4209 407 4276 quod
425 4205 678 4272 hiccommendat,
698 4225 783 4262 unum
792 4206 983 4279 Ἀσιατογενὴς
997 4212 1178 4280 probandum
1196 4211 1332 4281 idemque

211 4289 372 4348 aPorsono
391 4289 420 4346 in
438 4289 542 4347 Critiae
558 4293 669 4362 Fragm.
683 4291 721 4348 11.
740 4312 767 4348 r.
782 4297 807 4349 5.
826 4293 949 4365 positum
966 4301 1018 4349 cst.
