2825 4809
143 341 488 419 suetudinem
509 339 570 413 ΕΤ
594 339 870 412 SCRIPTURA.
894 337 933 408 O.
945 337 973 408 1.
996 343 1021 428 ξ.
1034 339 1063 408 1.
1094 341 1167 418 547

79 540 183 606 scimus
212 535 282 601 eum
312 526 399 620 παρ’
427 526 507 612 ὁδός
534 526 620 617 (πάρ
648 555 702 597 τοι
730 525 811 608 ὁδός
837 527 1169 612 11.1X.43.)·ettv

78 642 137 708 ἐστι
162 640 386 703 adnumerasse
412 633 627 723 appositiciis.
675 633 718 698 Id
742 653 819 697 vero
844 629 925 696 nihil
949 631 1168 718 adpraesens

77 741 236 828 negotium.
283 739 355 804 Nos
384 737 469 802 euim
494 759 562 802 non
589 733 808 821 quorumlibet
833 731 1065 799 vocabulorum
1089 736 1168 818 jun·

75 855 171 909 cturae
193 843 256 907 hoc
276 863 396 907 nomen
416 839 586 905 tribuimus
608 838 667 903 sed
690 837 790 903 modo
810 836 857 915 ei,
889 859 955 922 qua
982 837 1047 902 duo
1070 858 1169 903 voca-

75 946 139 1010 bula
157 967 223 1010 rem
242 965 342 1008 unam
363 941 579 1028 significantia
595 949 683 1006 certo
701 950 734 1004 et
750 939 943 1006 immutabili
959 941 1073 1006 ordine
1089 962 1169 1006 con·

74 1049 223 1113 sociantur
239 1049 292 1112 vel
313 1046 373 1112 sub
395 1067 461 1110 uno
484 1054 620 1110 acceruu
636 1038 874 1128 Ἑλλήςσονιος
892 1041 943 1107 vel
961 1040 1021 1108 sub
1041 1041 1169 1108 duobus

67 1146 166 1237 Ἕλλης
174 1145 312 1227 Ινιόντος.
344 1149 442 1213 Hanc
458 1145 645 1235 parathesin
660 1142 874 1230 impropriam
890 1143 1051 1220 dicemus;
1072 1144 1169 1223 illam,

72 1273 145 1334 quae
165 1261 301 1315 accentu
323 1249 542 1335 distinguitur,
563 1246 740 1335 propriam.
774 1247 883 1330 Hujus
900 1246 935 1310 in
955 1246 1170 1313 declinatione

72 1352 162 1438 prima
196 1353 383 1438 exemplum
412 1352 545 1416 unicum
579 1360 630 1415 est
658 1348 868 1434 Hellesponti
897 1371 1027 1415 nomeu.
1083 1349 1170 1415 Nem

70 1454 148 1538 quod
176 1454 288 1522 Schol.
321 1454 420 1520 Pind.
449 1454 544 1519 Nem.
572 1451 637 1518 IX.
667 1450 698 1516 9.
731 1450 905 1518 memoriae
937 1452 1084 1540 prodidit
1108 1473 1169 1540 pro

66 1552 156 1633 Ῥείας
168 1553 279 1640 πόρος
295 1556 469 1622 nonnullos
480 1551 724 1641 Ἀρειόςνιορος
740 1553 910 1640 scripsisse
924 1549 986 1642 ὑφ)
1010 1553 1053 1633 ἓν,
1070 1577 1171 1639 quum

68 1679 170 1741 perse
189 1658 384 1725 incredibile
408 1658 467 1736 sit,
497 1669 567 1722 tum
588 1655 686 1721 etiam
706 1655 863 1720 refellitur
885 1679 924 1723 eo
947 1656 1037 1742 quod
1058 1657 1170 1744 paullo

68 1770 133 1824 ante
159 1760 229 1825 dixi
258 1785 300 1827 aa
327 1762 426 1828 modo
456 1759 504 1826 sic
533 1757 631 1824 scribi
652 1755 812 1822 voeabula
833 1780 971 1843 quorum
993 1780 1072 1823 usus
1093 1781 1169 1846 per-

65 1861 206 1946 frequens
232 1864 384 1950 ordoque
404 1864 451 1927 ita
471 1863 555 1926 fixus
578 1871 628 1926 est
646 1870 684 1925 ut
703 1860 774 1924 sine
795 1860 926 1946 poetica
953 1859 1084 1926 licentia
1109 1882 1169 1926 ue-

65 1984 119 2047 que
145 1965 291 2030 discindi
317 1987 425 2051 neque
452 1963 569 2030 inverti
595 1961 734 2051 possint.
776 1961 961 2027 Masculina
990 1961 1087 2048 hujus
1111 1963 1169 2028 de-

63 2064 236 2133 clinationis
277 2077 333 2133 aut
369 2066 514 2153 legitime
551 2073 813 2151 componuntur:
854 2059 1060 2143 Ποθόπολις
1098 2059 1169 2131 ἀπὸ

61 2167 171 2231 urruns
195 2167 462 2248 περισπωμένου
484 2161 530 2244 ὡς
543 2161 745 2249 Ἐρμόνιολις
766 2163 882 2251 Steph.
900 2175 956 2229 aut
978 2163 1168 2231 consocian-

59 2275 103 2329 tur
122 2267 178 2332 illo
200 2269 331 2336 laxiore
351 2290 471 2356 genere
492 2267 688 2355 parathesis,
718 2266 809 2352 quod
835 2265 1050 2354 improprium
1072 2289 1169 2334 voca-

57 2389 136 2446 mus,
149 2363 278 2453 Ἑρμοῦ
293 2367 403 2450 πόλις.
431 2369 649 2437 intolerabilis
668 2392 745 2435 vero
765 2376 815 2432 est
830 2366 894 2432 ists
913 2367 1053 2435 duorum
1071 2368 1168 2435 codd.

57 2467 212 2536 Pind.·P.
231 2471 297 2538 IV.
316 2473 391 2538 446.
414 2470 573 2559 scriptura
593 2467 752 2559 Μήδειαν
771 2468 833 2535 τὰν
853 2469 1105 2560 Πελιαοφόνον,
1128 2472 1170 2538 de

57 2591 115 2654 qna
134 2571 256 2640 Schol.
280 2569 299 2640 ὁ
322 2577 448 2659 Χαῖρις
475 2569 514 2641 οὐ
541 2568 699 2657 βούλεται
721 2569 890 2647 συνθέτως
917 2566 1170 2657 ἀναγινώσκειν·

56 2670 169 2758 ἐκγὰρ
197 2668 265 2742 δύο
293 2669 364 2742 ἐστὶ
389 2673 533 2742 τελείων.
579 2671 713 2739 Γίνεται
739 2668 776 2737 δὲ
802 2665 822 2758 ἦ
849 2669 989 2756 τοιαύτη
1014 2667 1171 2751 σύνθεσις

55 2767 94 2852 cic
112 2773 400 2860 μεταβάλλεσθαι
423 2773 481 2841 τόν
501 2769 606 2841 τόνον.
641 2767 747 2838 ’Ήτοι
763 2762 830 2850 οὖν,
853 2771 955 2860 φησὶν
975 2766 1169 2856 idiosum,

52 2875 291 2959 αροςινεκτέον
321 2876 470 2962 (uoco.)
503 2869 741 2962 Πελιαοφόνον
773 2866 937 2952 ὀξυτόνως
968 2863 988 2961 ἢ
1020 2874 1170 2960 παροξυ-

50 2972 152 3055 τόνως
172 2978 207 3063 4)
251 2973 327 3065 ἥτις
363 2976 404 3066 ἢν
439 2980 498 3044 τοῦ
533 2972 664 3042 Πελίου
699 2970 813 3060 φόνος.
885 2973 1171 3056 Quemadmodum

50 3077 171 3162 Apollo
199 3075 425 3156 Τιτυοκτόνος
454 3077 571 3143 dicitur
597 3075 705 3162 Orph.
726 3076 772 3140 H.
793 3075 965 3143 XXXIV.
995 3086 1028 3143 et
1051 3075 1172 3142 Pollux

47 3169 287 3270 Ἀμυνοφόνος
316 3180 465 3267 Oppian.
495 3178 579 3264 Cyn.
604 3178 632 3242 l.
659 3176 735 3243 362.
765 3176 813 3242 sic
841 3177 955 3243 Peliae
984 3177 1172 3244 interfector

36 3283 155 3347 vocari
191 3290 328 3370 poterat
356 3277 570 3369 Πιλιοφόνος
595 3277 648 3344 vel
666 3266 700 3347 ο
721 3278 822 3345 micro
854 3279 889 3344 iu
919 3279 1016 3366 alpha
1046 3287 1170 3344 mutato

48 3381 292 3473 Πελιαφόνος·
318 3383 377 3449 sed
405 3380 566 3469 genitivus
596 3380 741 3446 aeolicus
770 3379 966 3465 doricusque
992 3381 1107 3448 itidem
1135 3391 1172 3446 ut

48 3479 174 3550 ionicus
200 3484 455 3573 compositionis
478 3482 651 3570 impatiens
674 3480 821 3548 habetur.

111 3717 144 3786 t)
164 3713 255 3772 Haec
267 3724 341 3772 stare
354 3729 412 3772 nou
424 3719 557 3788 possunt3
576 3712 726 3787 syntheton
739 3719 788 3770 aut
800 3720 998 3786 paroxytonou
1011 3729 1073 3769 esso
1086 3711 1173 3768 debet

44 3808 73 3856 ut
83 3801 239 3876 adjectiva
256 3800 443 3878 ἀνδροφόνος,
456 3799 693 3874 προφηιοιιιόνος,
711 3808 759 3855 aut
775 3808 1025 3874 propuroxytouou
1039 3805 1173 3870 tunquam

44 3903 78 3942 ex
91 3885 215 3945 duobus
232 3889 416 3945 substantivis
429 3887 613 3959 compositum
626 3895 658 3942 ut
670 3880 846 3958 ἱππόδρομος
857 3885 887 3941 id
899 3893 942 3940 est
959 3884 1170 3955 hippodromus.

39 3975 127 4046 Apud
147 3975 334 4046 Hesychium
352 3971 511 4047 Μόςφονον
529 3979 614 4044 παγίς
636 3980 685 4028 aut
704 3969 851 4044 μυςφόνον
874 3970 1053 4026 scribendum
1076 3976 1118 4023 est
1141 3976 1173 4023 ut

39 4060 202 4118 herbarum
227 4058 344 4117 nomina
364 4058 539 4133 θηλοφόνον,
562 4055 712 4132 μοοψόνον
735 4064 764 4112 et
784 4054 952 4130 μοονιόνον,
977 4073 1050 4126 quae
1073 4061 1173 4120 natura

37 4157 103 4204 suut
124 4155 247 4204 neutra
266 4141 482 4219 adjectivorum,
505 4153 554 4200 sut
569 4141 713 4218 μόςφονος
735 4143 824 4199 idest
845 4141 916 4216 μυὸς
934 4138 1021 4215 φόνος
1042 4148 1073 4195 ut
1092 4136 1172 4210 utyi-
1228 4209 1231 4216 Ι

37 4235 142 4307 leucos
167 4233 269 4288 herbe
288 4250 361 4304 quac
383 4231 465 4287 etiam
487 4225 654 4305 αἰγόλεθρον
676 4229 778 4286 dicitur
802 4227 941 4300 adjective
965 4235 995 4283 et
1014 4222 1172 4301 Κανθαριό-

35 4322 146 4399 λεθρον
165 4319 316 4376 Thraciae
333 4321 422 4375 locus.
1147 4318 1149 4322 ’

903 4398 969 4470 35*
