2825 4809
235 364 282 439 18
597 352 918 427 mssmnrro
951 354 982 425 Ι.

232 562 275 629 τὰ
315 555 365 639 εἷς
399 546 436 638 o}
470 556 654 642 δισύλλαβα
681 555 867 646 ’βαρύνεται
897 554 1004 627 ύπάτε
1034 554 1158 644 γίνεται
1186 550 1256 626 άπιλ
1284 562 1347 625 τῶν

233 662 519 751 παραληγομένων
543 666 586 753 τῇ
606 648 644 729 εἶ
654 658 1063 750 ῥημάτων·σεοημελαιται
1083 660 1122 726 τὸ
1141 656 1246 747 ύαρύς
1273 659 1344 745 (sor.

233 763 351 850 ύορύς)
382 763 441 827 sed
467 772 575 828 utrum
603 760 793 829 Antimachi
820 772 909 826 utres
937 780 978 827 ex
999 762 1088 827 corio
1109 760 1184 825 rudi
1208 783 1251 825 an
1271 760 1345 826 sub·

232 874 307 930 acto
333 864 473 929 conlecti
495 864 614 928 luerint
638 861 743 949 εἰδείη
765 854 845 929 6νὸ
870 860 1012 929 λδιύν.-
1030 859 1346 941 ἈκακαλλύςΑιλιε-

233 986 335 1031 naeus
358 965 403 1030 ait
424 986 496 1029 esse
517 964 652 1030 narcissi
673 984 812 1043 nomen,
844 964 935 1049 quod
955 964 1046 1051 apud
1065 964 1270 1051 Hesychium
1291 991 1348 1031 κα-

234 1066 330 1147 καλύς
354 1065 514 1132 scribitur.
552 1062 704 1143 Ἀκιύνύς
732 1065 864 1152 saepius
894 1066 1013 1152 legitur
1041 1066 1102 1131 sed
1128 1063 1238 1145 κιδνύς
1260 1066 1350 1153 apud

235 1166 323 1233 hunc
352 1168 472 1246 solum;
501 1190 578 1233 nam
606 1167 641 1232 in
663 1166 928 1252 Guu.321ss,35.
951 1188 1012 1255 pro
1036 1167 1154 1234 Κιδνολ
1178 1164 1350 1255 σώφρονες

235 1269 444 1336 scribendum
466 1280 517 1335 est
535 1268 653 1346 κεδνού,
672 1290 780 1356 neque
797 1279 911 1335 notum
926 1269 987 1333 ruit
1003 1267 1198 1334 Herodiano
1216 1268 1251 1333 in
1266 1268 1349 1355 Epi·

235 1370 396 1437 merismis
422 1364 559 1448 άκιδνος
580 1392 601 1433 o.
620 1370 721 1436 verbo
745 1370 827 1439 κύειν
844 1371 1005 1457 repetenti
1028 1394 1082 1458 ap.
1107 1370 1224 1437 Orion.
1246 1371 1348 1449 8,12.

235 1474 288 1539 cui
317 1472 414 1537 etiam
437 1492 643 1557 synonymon
665 1468 783 1556 ἀκιρύς
804 1472 1042 1537 accommodari
1066 1480 1187 1558 potest.
1225 1467 1349 1560 Ἀλαλή

234 1574 331 1661 παρὰ
357 1574 396 1640 τὸ
425 1573 516 1639 λαλῶ
545 1573 669 1639 Aroad.
701 1575 778 1653 108,
814 1575 866 1641 23.
894 1574 947 1639 oui
975 1572 1114 1661 praeivit
1139 1573 1352 1639 Herodianus

233 1673 328 1740 Mon.
350 1674 403 1752 39,
429 1672 459 1738 6.
499 1668 682 1761 Ἀλαλητύς
706 1672 776 1742 ἀπὸ
799 1680 859 1742 τού
881 1673 1025 1761 λαλητύς
1045 1676 1230 1761 προςθέσει
1252 1664 1353 1744 cori}

233 1776 357 1842 Arced.
381 1774 433 1852 82,
456 1775 486 1840 1.
513 1774 624 1843 Schol.
650 1776 689 1841 Il.
712 1776 773 1843 IV.
793 1776 869 1843 436.
891 1775 929 1842 τὸ
949 1764 975 1844 α
997 1772 1175 1857 πλεονάζει
1201 1779 1248 1865 τῷ
1270 1772 1353 1844 ἅλα·

236 1874 336 1966 λητύς
361 1877 476 1965 Apoll.
506 1876 599 1963 Synt.
627 1878 655 1941 1.
685 1879 717 1955 2,
743 1880 775 1944 4.
805 1877 923 1963 quibus
951 1900 1018 1943 non
1044 1873 1119 1965 plus
1143 1878 1354 1944 concedimus

235 1999 335 2065 quam
356 1977 420 2044 hoc
439 1999 560 2044 nornen
583 1988 616 2043 et
636 1974 746 2045 άλαλά
767 1989 800 2044 et
820 1982 934 2047 λαλεῖν
953 1980 1043 2044 vocis
1068 1978 1229 2045 humanae
1252 2002 1355 2047 sonos

236 2082 429 2169 exprimere.
481 2079 603 2147 Suidas
634 2080 681 2143 illi
711 2077 814 2166 alpha
842 2080 1032 2167 epitaticum
1058 2081 1172 2146 tribuit
1192 2074 1252 2149 sed
1272 2082 1354 2149 sub·

235 2183 410 2249 smntivum
432 2176 574 2267 λαλητάς
598 2202 665 2245 non
693 2182 798 2268 magis
825 2182 981 2247 usitatum
1008 2194 1059 2249 est
1081 2205 1179 2268 quam
1201 2184 1356 2273 prlpco‘c,

237 2280 390 2373 φωνητύς
419 2280 523 2347 aliave
552 2279 758 2367 hujusmodi3
786 2305 863 2347 nam
884 2280 1064 2371 σπορητύς,
1086 2282 1214 2374 oppos
1235 2288 1278 2351 ad
1300 2288 1357 2353 di·

234 2406 363 2452 versum
385 2405 489 2471 genus
515 2382 688 2469 pertinent,
712 2385 754 2450 de
775 2406 842 2470 quo
862 2385 930 2450 dixi
946 2386 989 2451 ed
1006 2387 1129 2451 Buttm.
1148 2387 1223 2452 402.
1253 2384 1360 2454 ’Λλά-

237 2488 299 2571 ζών
327 2485 563 2555 Valckenarius
595 2485 723 2573 Opusc.
753 2486 780 2552 I.
806 2487 877 2552 128.
907 2489 959 2553 ed.
988 2487 1084 2574 Lips.
1115 2487 1232 2555 eodem
1252 2491 1359 2556 modo

234 2599 367 2656 auctum
387 2610 460 2653 esse
484 2608 550 2672 quo
572 2584 717 2675 ἇσταφύς
739 2588 879 2653 eredidit
898 2589 1058 2675 Hesychii
1080 2590 1209 2675 glossae
1230 2589 1363 2672 Λαζιύν

236 2686 384 2773 άλαζιύν,
414 2688 467 2753 cui
499 2689 742 2774 quodammodo
773 2690 947 2755 auxiliatur
973 2689 1108 2756 verbum
1136 2690 1224 2773 λάζιο
1247 2690 1283 2755 id
1305 2704 1365 2756 est

235 2787 359 2879 ύβρίζω
388 2788 513 2857 Techn.
541 2789 591 2854 76.
625 2801 658 2855 et
687 2790 739 2857 83.
769 2792 828 2857 scd
848 2792 924 2875 jure
954 2792 1113 2878 abjicitur.
1150 2788 1365 2875 Ἀλαπάζειν

236 2903 270 2957 et
291 2888 452 2973 λαπάζειν
474 2891 573 2977 vulgo
592 2891 727 2977 quidem
750 2891 912 2957 derebus
939 2892 1038 2988 longe
1073 2893 1208 2959 diversis
1238 2894 1364 2960 dicun·

236 3006 298 3073 tur,
323 2992 382 3069 sed
400 2991 441 3057 ab
463 2992 605 3079 antiquis
626 2993 731 3059 doctis
752 2993 946 3079 rediguntur
967 2996 1011 3060 ad
1030 3016 1149 3061 unum:
1176 2994 1368 3083 λαφύττειν

237 3097 294 3164 καὶ
315 3092 478 3177 λαπάζειν
499 3095 536 3160 τὸ
561 3094 714 3162 ἐκκενοῦν
736 3095 794 3161 καὶ
815 3092 1012 3175 ἀναλίσκειν,
1033 3095 1119 3164 ὅθεν
1140 3096 1197 3163 καὶ
1214 3096 1273 3165 ἐπὶ
1295 3103 1370 3164 τοῦ

236 3203 383 3280 πορθεῖν
411 3195 449 3262 τὸ
482 3190 671 3279 ἀλαπάζειν
693 3192 726 3263 oi
748 3193 889 3281 receptori
910 3193 1086 3264 τάττουσιν
1105 3197 1232 3263 Athen.
1254 3198 1367 3265 vm.

236 3296 310 3365 362.
352 3296 394 3364 E.
418 3316 523 3382 eoque
546 3298 713 3363 intellectu
732 3295 918 3382 Aeschylus
941 3296 1105 3380 λαπάζειν
1130 3300 1304 3386 usurpavit
1326 3313 1372 3365 et

237 3394 418 3476 λαπαύνύς,
444 3409 481 3463 ut
501 3398 711 3465 Hermannus
731 3398 866 3483 corrigit
888 3418 950 3484 pro
972 3392 1176 3480 άλαπαιλνύς,
1199 3401 1252 3466 oui
1272 3401 1369 3468 ΕΜ.

238 3502 302 3579 sio,
332 3510 369 3565 ut
388 3498 489 3565 verbo
516 3500 599 3586 ipsi,
622 3500 723 3588 alpha
743 3499 981 3586 pleonastioum
999 3500 1162 3587 assignat3
1185 3496 1371 3570 άλάπαθα

237 3599 271 3669 ολ
294 3598 441 3667 Ἀττικοὶ
468 3598 509 3668 τά
540 3598 714 3683 κενώματα
744 3600 855 3669 Schol.
889 3599 1030 3667 Theocr.
1058 3602 1105 3668 11.
1134 3602 1186 3668 85.
1217 3612 1251 3667 et
1275 3603 1371 3671 Sch.

235 3706 307 3772 BL.
328 3704 371 3769 ad
391 3704 431 3768 Il.
454 3703 496 3770 V.
520 3700 592 3767 166.
614 3696 671 3767 ubi
691 3702 863 3770 Bekkerus
885 3702 998 3770 nescio
1019 3726 1118 3788 quam
1139 3702 1183 3770 ob
1204 3726 1274 3770 rem
1298 3704 1374 3771 λά-

237 3816 339 3873 ron-‘to
372 3804 512 3891 scripsit.
549 3840 591 3851 --
631 3804 678 3871 Τὸ
710 3801 819 3886 μολόν
847 3804 1051 3893 πλεονασμῷ
1080 3794 1199 3873 roho
1229 3805 1377 3890 γίνεται

237 3902 375 3991 άμαλύν,
393 3906 431 3986 ἕξ
447 3895 487 3972 οὗ
509 3902 547 3971 τὸ
566 3902 743 3987 άμαλδύναι
761 3904 818 3972 καὶ
835 3899 1025 3989 άμαλάπτω
1049 3902 1239 3993 παράγεται
1259 3906 1377 3976 Euat.

237 4008 310 4087 690,
339 4006 392 4072 48.
422 4007 478 4091 qui
507 4006 571 4072 alio
598 4007 673 4073 loco
696 4031 731 4094 p.
757 4006 855 4084 1270,
884 4005 936 4071 58.
965 3995 1133 4092 antiquam
1160 4007 1380 4096 scripturam

237 4103 323 4193 άρνα
358 4106 468 4195 μαλήν
498 4109 537 4173 Π.
574 4108 693 4175 ΧΧΠ.
726 4108 800 4173 310.
831 4108 1063 4195 interpretatur
1092 4107 1290 4197 μαλλιοτήν,
1334 4126 1406 4182 εἰ,

238 4208 338 4275 hodie
366 4209 441 4275 lana
470 4222 604 4275 vocatur
623 4208 715 4297 μάλη
738 4220 771 4275 et
789 4204 911 4291 μαλλον
939 4209 1079 4276 fortasse
1107 4208 1151 4275 ob
1173 4208 1380 4277 mollitudi-
1405 4211 1406 4214 ’

236 4333 312 4376 nem
332 4321 369 4376 ut
392 4311 499 4402 μῆλον
523 4312 592 4379 ovis
615 4321 648 4377 et
668 4312 828 4380 mollestra
847 4310 943 4402 pellis
970 4312 1082 4392 ovilla3
1110 4312 1219 4382 mollis
1242 4325 1383 4389 autem
