2825 4809
265 367 340 442 438
619 365 941 433 DISSERTATIO
972 367 1037 432 111.

263 555 324 616 τοῦ
346 545 485 633 δοχμός,
507 558 540 614 et
556 549 668 638 Epim.
685 551 714 616 Ι.
731 549 806 618 338.
825 549 1034 639 πανημέριος
1051 551 1089 618 ἐκ
1101 556 1156 620 τοῦ
1171 556 1328 648 πανήμιρος,

262 654 375 736 Atque
395 650 459 716 hoo
483 673 589 737 genus
611 663 732 738 poetae
753 651 963 740 potissimum
989 653 1165 734 celebrant,
1191 665 1329 728 communis

260 775 339 819 vero
369 773 476 819 sermo
504 754 684 840 acquiescit
711 756 747 820 in
774 777 843 820 uua
867 755 973 820 lorma
1006 752 1198 840 ἀθέμιστος,
1228 758 1330 843 πλάνος

260 851 434 943 ἑσπέριος,
462 867 692 943 praeterquam
719 859 748 923 si
774 881 840 976 qua
865 867 1009 922 mutatur
1032 852 1250 944 significatio
1233 869 1330 947 ορθιος

260 957 383 1038 ξένιος,
409 956 534 1048 φίλιος.
580 959 684 1043 Quod
711 983 789 1026 vero
812 960 848 1024 iu
870 959 951 1028 ΕΜ.
972 958 1046 1037 625,
1067 960 1119 1025 29.
1147 960 1297 1027 traditur'
1280 966 1329 1031 ατο

192 1055 195 1062 ’
259 1063 320 1146 τῆς
340 1057 460 1147 νηδύος
481 1066 610 1152 γενικῆς
631 1057 649 1130 ὁ
675 1057 863 1151 ὃμονήιλυος
882 1086 941 1127 και
931 1059 1158 1149 πλεονασμῷ
1176 1070 1229 1131 τοῦ
1246 1090 1257 1129 ι
1272 1092 1332 1149 ομο-

259 1155 408 1246 νοόιλὶος,
440 1162 567 1250 profect
567 1187 623 1230 um
657 1175 707 1229 est
734 1186 755 1229 a
780 1185 883 1282 praua
910 1161 1147 1229 consuetudine
1172 1164 1332 1234 librariorum

260 1255 564 1352 diphthongum
520 1292 554 1333 οι
577 1277 610 1331 et
630 1266 826 1354 singulas
798 1289 869 1352 eJus
886 1263 996 1331 literas
1019 1265 1149 1352 punctis
1169 1266 1329 1354 distinguen-

163 1401 172 1420 ·
258 1363 339 1428 tium
369 1388 399 1431 v.
423 1369 546 1434 Buttm.
574 1368 617 1434 ad
647 1368 773 1456 Odyss.
802 1393 836 1458 p.
859 1368 933 1434 584.
950 1369 986 1455 ⁸)
1029 1367 1162 1434 Etenim
1186 1366 1269 1454 νοδὺς
1289 1372 1331 1434 du·

257 1465 387 1558 pliciter
412 1468 566 1556 componi
598 1483 744 1557 poterat,
777 1481 834 1536 aut
861 1463 1027 1559 ὁμόνηδυς
1056 1479 1094 1534 ιιι
1122 1461 1272 1556 ιῖλβοτρος,
1294 1484 1332 1535 aut

257 1577 382 1632 mutata
402 1569 619 1636 declinatione
642 1569 830 1662 ὁμονήδυος
856 1583 893 1638 ut
922 1570 1149 1653 πολυίχθυος·
1177 1580 1259 1655 atque
1278 1571 1330 1638 huic

257 1679 374 1756 poeta,
403 1681 441 1736 ut
466 1672 609 1751 videtur,
639 1673 753 1762 apicus
786 1673 1021 1762 producendae
1050 1673 1240 1760 penultimae
1260 1697 1329 1739 οιιιιο

256 1771 325 1836 ἱοιο
355 1770 505 1853 inseruit,
542 1776 632 1862 quod
658 1776 821 1842 Moschus
851 1776 904 1842 Id.
931 1775 993 1843 IV.
1023 1775 1075 1840 78.
1111 1776 1208 1842 etiam
1230 1775 1328 1862 sinplci

256 1874 378 1940 addere
400 1886 533 1942 coactus
556 1888 607 1943 est
629 1875 666 1944 ἐκ
691 1875 878 1968 νηδιιόφιν.
911 1879 989 1954 Hoc
1003 1877 1107 1964 igitur
1125 1879 1168 1944 ad
1185 1877 1332 1964 epenthesis

255 1977 412 2065 pertinet,
449 2001 515 2065 qua
545 1979 744 2066 syllabarum
772 2001 927 2046 numerus
956 2002 1025 2046 non
1053 1991 1202 2067 augetur.
1242 1980 1334 2046 Nata

255 2079 377 2146 sarium
403 2103 480 2146 vero
512 2093 562 2147 est
589 2082 657 2148 iota
692 2082 862 2168 adjectivis
895 2081 1100 2169 simplicibus
1137 2083 1195 2148 sed
1224 2103 1335 2168 saepes

252 2181 392 2247 librariis
414 2184 600 2270 neglectum
618 2185 706 2250 velut
729 2181 878 2271 βοτρύων
900 2184 1020 2271 (idest
1040 2185 1235 2272 βοτροΐντον)
1254 2186 1335 2272 φαιῶν

253 2283 355 2348 Anth.
380 2283 441 2351 VI.
467 2285 539 2351 168.
570 2297 603 2352 et
630 2281 757 2376 νηιλύων
782 2279 961 2372 ἄψαυστος
981 2287 1096 2374 Apoll.
1116 2288 1163 2352 Π.
1186 2288 1251 2352 113.
1273 2283 1335 2370 quod

251 2384 444 2450 Eustathius
468 2409 601 2474 quoque
624 2412 643 2453 a
664 2387 879 2455 nonnullis
853 2410 900 2454 sic
923 2388 1022 2454 scribi
1043 2388 1143 2454 refert
1170 2385 1370 2481 p.1117‚t

253 2487 434 2574 etpariter
460 2484 560 2558 νινύα
590 2490 689 2570 1950,
720 2490 772 2556 64.
826 2490 897 2556 Illis
924 2514 1013 2556 nunc
1031 2492 1163 2557 reddita
1184 2501 1231 2556 est
1218 2488 1334 2554 tvocalis

252 2587 295 2652 ad
334 2589 563 2657 formationem
605 2592 791 2659 necessaria
823 2592 883 2658 sed
916 2593 1096 2659 omittenda
1129 2604 1219 2660 eraut
1247 2600 1337 2679 puncta
1369 2614 1370 2655 ι

252 2690 429 2758 diacritica.

337 2791 422 2858 Cum
443 2794 494 2860 his
517 2794 821 2883 paraschematismi
839 2795 997 2884 exemplis
1014 2807 1202 2884 congruunt
1222 2793 1339 2912 substau-
1326 2808 1370 2974 ρο

249 2893 316 2959 ιίνο
340 2896 520 2982 quaedam.
552 2891 790 2981 Καΰστριος
765 2923 811 2976 ιος
837 2891 999 2982 κάπριος,
1022 2894 1212 2976 Αἰτώλιος·
1237 2896 1326 2980 τᾶρα
1326 2906 1370 3011 (il

250 2993 398 3080 (adde’
376 3023 447 3064 απο
486 2999 568 3084 τῶν)
598 2994 647 3077 εἷς
675 3024 714 3077 ος
739 2996 798 3065 διὰ
829 3003 888 3067 τοῦ
914 3024 965 3078 ιος
999 3000 1199 3088 παρηγμένα
1224 2996 1277 3065 ἐπὶ
1299 2999 1370 3059 coi
1369 3040 1370 3085 p

248 3095 351 3168 αυτοῦ
384 3101 628 3188 σημαινομένου
662 3096 966 3185 παραλαμβάνεται
998 3100 1110 3188 Epim.
1146 3100 1175 3165 Ι.
1210 3098 1280 3176 235,
1303 3095 1341 3161 30
1369 3094 1370 3159 l

246 3195 423 3278 Αἰτώλιος
454 3212 563 3267 tamen
590 3202 681 3288 apud
710 3203 893 3266 Homerum
922 3201 1121 3287 adjectivum
1156 3225 1228 3268 esse
1257 3210 1340 3287 potest

247 3297 397 3366 absolute
426 3303 570 3390 positum
598 3303 672 3368 loco
703 3303 858 3390 primitivi
883 3312 920 3367 ut
942 3303 1127 3382 Βοιώτιος,
1158 3300 1287 3379 Μύσιος
1303 3300 1341 3363 iu·

246 3403 367 3470 colas
358 3427 451 3492 rpsos
474 3405 660 3491 significant
680 3405 801 3470 Parall.
821 3405 896 3470 305.
920 3416 952 3470 et
973 3407 1047 3472 318.
1069 3407 1174 3474 Proll.
1196 3406 1266 3472 500.
1289 3405 1340 3468 Ne·

246 3527 310 3591 que
332 3508 415 3574 adeo
439 3507 570 3572 difficile
588 3507 686 3572 luerit
705 3506 797 3573 fluvii
821 3529 954 3592 quoque
973 3530 1094 3574 nomen
1117 3507 1162 3572 ad
1184 3506 1245 3572 hoc
1261 3524 1340 3592 genui

244 3629 415 3687 revocara;
448 3633 524 3675 nam
551 3623 588 3674 ut
610 3604 695 3694 Κῴα
718 3613 818 3698 νῆσος
838 3608 957 3674 dicitur
984 3631 1045 3696 pro
1067 3609 1211 3698 simplici
1232 3604 1339 3683 Κῶςίι

242 3709 404 3798 Meleagr.
430 3713 548 3799 Epigr.
577 3709 697 3776 XXX.
729 3713 829 3796 νῆσος
855 3714 1036 3794 Κιρνεᾶτις
1064 3706 1266 3796 παράγοροι
1289 3702 1341 3774 dal

242 3815 301 3878 τοῦ
330 3808 556 3901 πρωτοτύπου
589 3810 701 3880 Schol.
732 3812 816 3897 Lyc.
853 3812 947 3878 1084.
981 3814 1059 3878 urbs
1079 3813 1246 3886 Romano,
1279 3809 1341 3874 Tro

311 4000 342 4070 3)
364 3993 500 4071 Humiles,
526 4000 605 4070 quod
624 3997 803 4054 Wallauerus
825 3996 942 4068 reliquit
967 3997 1063 4069 Apoll.
1083 3997 1107 4052 I.
1126 3999 1187 4052 379.
1214 3996 1264 4050 ΠΙ.
1282 3991 1340 4047 1201.

202 4113 205 4118 ·
240 4103 420 4142 correxeram
437 4087 475 4140 ad
492 4085 595 4156 Phryn.
611 4086 671 4138 tut.
691 4092 721 4139 et
737 4086 798 4139 766.
834 4083 973 4139 Vitiosum
992 4083 1226 4140 consuetudinem
1244 4079 1339 4148 castigat

239 4171 421 4228 Herodianus
447 4171 477 4226 in
497 4171 608 4242 Fragm.
630 4171 786 4225 Hermann.
804 4169 897 4224 XVII.
919 4171 979 4222 307.
1003 4166 1215 4241 ἁμαρτάνουσιν
1237 4170 1263 4222 ολ
1283 4167 1342 4219 διαι-

241 4259 352 4337 poi-rme
369 4256 399 4312 τὸ
417 4253 500 4338 pulta,
520 4254 579 4318 ὑΐός
595 4254 633 4318 ὡς
648 4253 832 4330 τρισόλλαρον
848 4259 896 4311 aut
914 4250 1012 4309 αιιιλῒα
1029 4253 1067 4318 ὥς
1084 4253 1305 4332 τιτρσσῠλλαρον·
1316 4247 1339 4302 τὸ

239 4340 272 4394 dl
291 4362 300 4393 ι
317 4341 387 4413 μετὰ
408 4342 437 4396 τὸ
454 4364 471 4396 υ
489 4339 656 4409 ταττόμενον
675 4340 810 4398 οὐδέποτε
828 4343 975 4417 διαιρεῖται
994 4349 1049 4398 ete.
