2825 4809
297 347 362 415 nu
389 343 666 416 rmnornsr.
713 341 753 412 c.
774 343 836 414 ιν.
868 345 894 430 ι.
919 342 968 411 ιο.
1082 401 1088 409 .
1115 351 1190 444 ,02

78 536 130 602 κοί
151 537 262 624 τροπῇ
286 527 421 618 ἀΐδηλος
442 533 522 599 EM.
536 531 589 608 41,
602 531 654 598 39.
688 529 800 608 Vmcit
821 529 1025 600 Methodius.
1059 533 1189 601 Adver-

78 639 200 704 biorum
214 636 250 700 in
266 633 429 720 duplicem
445 655 623 700 consonam
640 632 828 698 exeuntium
844 654 946 698 unum
960 630 1048 718 μάψ,
1068 635 1098 700 si
1116 657 1191 704 cum

76 737 240 806 vocabulis
252 761 272 801 a
285 757 430 802 consona
442 734 673 821 incipientibus
689 735 908 821 componitur,
917 757 978 821 pro
991 735 1095 802 vocali
1108 759 1188 804 eon.

75 842 188 906 nexiva
212 840 256 902 ad
278 861 313 903 se
335 836 452 922 recipit
471 836 539 902 iota
557 834 753 920 μοιιμιλίγος
774 845 811 902 ut
832 841 1058 915 redivivas,
1086 844 1189 921 posti·

75 943 204 1026 deust).
247 941 301 1006 De
322 940 513 1026 pleonasmo
530 935 637 1023 quiin
654 937 743 1002 flexu
759 938 992 1004 vocabulorum
1013 938 1189 1019 suboritur,

73 1045 133 1109 hoc
153 1065 257 1108 unum
278 1043 432 1106 admonet
450 1041 530 1106 EM.
555 1063 614 1127 per
636 1041 842 1106 occasionem
863 1040 968 1105 duuhs
997 1047 1093 1128 σφῷν
1119 1042 1187 1110 Od.

73 1148 129 1214 IV.
154 1146 208 1211 62.
239 1166 335 1229 quem
362 1141 572 1209 Aristarchus
599 1140 795 1230 improbavit
816 1140 935 1228 ἐπειδὴ
962 1136 1124 1210 obticuere
1145 1149 1187 1235 τῇ

72 1252 180 1336 peruret}
213 1247 269 1311 καὶ
296 1247 412 1334 δονινῇ
442 1249 507 1310 τῶν
536 1247 656 1310 διιῖκιῐνν
684 1244 840 1330 κέχρηται
868 1237 888 1308 δ
918 1241 1061 1330 ποιητὴς
1089 1241 1120 1310 ei
1140 1243 1187 1334 μὴ

73 1349 155 1415 κατὰ
178 1345 349 1422 διάλυσιν,
379 1350 482 1422 τοῖιν,
517 1336 636 1428 ιῖίμοιιν
662 1344 742 1422 610,
773 1346 823 1411 10.
846 1355 879 1410 et
899 1344 1090 1410 Eustethius
1112 1345 1186 1412 205.

71 1449 105 1516 ιὰ
135 1445 281 1535 γελοίιον
312 1445 523 1526 πλεονασμὸν
559 1443 625 1526 iicet
658 1451 717 1511 τοῦ
746 1445 901 1548 δεονίςον
930 1434 1025 1524 Ide
1054 1446 1111 1514 κοί
1147 1446 1187 1513 τί)
1232 1455 1242 1466 “

70 1547 202 1634 ὁμοίιον
217 1547 275 1614 καὶ
297 1548 432 1612 ποδοῖιν
454 1549 509 1613 καὶ
529 1547 667 1613 ἵπποιιν
685 1546 743 1612 ναὶ
765 1541 895 1626 ιίίμοιιν.
935 1547 1030 1626 Τινὲς
1052 1546 1089 1614 δὲ
1112 1544 1188 1616 διό·

70 1653 162 1718 troo
187 1646 224 1713 νδ
248 1643 356 1735 σχῆμά
378 1669 482 1732 φασιν
503 1641 557 1712 dn
580 1638 639 1712 οίικ
668 1643 791 1714 εἴωθεν
813 1643 963 1735 Ὅμηρος
990 1648 1046 1716 καὶ
1074 1651 1186 1738 μενινῇ

71 1753 122 1818 καί
146 1751 263 1836 δοιικῇ
288 1753 353 1814 τῶν
375 1751 493 1813 eretur
517 1740 628 1824 ι’ίλλως
648 1752 798 1835 χρῆσθαι
823 1752 975 1827 ποδοῖιν,
1003 1744 1185 1837 ἀλλήλοιιν.

68 1850 214 1937 Dialysis
237 1872 320 1934 quae
344 1849 462 1917 dicitur
481 1848 682 1936 pronominis
710 1849 755 1914 ed
776 1849 876 1916 olium
898 1850 1112 1938 pathologiae
1134 1851 1185 1917 lo·

69 1979 140 2020 cum
174 1953 326 2040 pertinet.
374 1950 590 2016 Pleonesmus
619 1961 728 2016 autem
756 1962 788 2016 et
813 1953 958 2020 duelium
983 1965 1022 2020 ut
1041 1954 1187 2020 κολιοῖιν

69 2055 211 2120 Theocr.
233 2053 353 2120 XXII.
377 2053 449 2118 191.
473 2063 506 2118 et
526 2053 759 2138 adjectivorum
780 2049 914 2135 ὁμοίιος
935 2065 997 2121 etc.
1021 2054 1188 2140 quaeritur

66 2168 170 2222 utram
202 2154 358 2240 syllabam
387 2155 534 2240 attingat.
583 2157 802 2222 Buttmannus
824 2155 970 2224 Gramm.
992 2161 1019 2243 ξ.
1036 2158 1090 2224 27.
1116 2156 1187 2225 iot·

65 2260 193 2347 primae
214 2256 357 2342 syllabae
379 2256 527 2322 additum
543 2268 634 2342 putat
652 2257 739 2322 utin
757 2254 857 2343 ποίη,
882 2251 1073 2344 δννοιὴσας,
1095 2259 1187 2345 quod

65 2361 219 2426 convenit
241 2358 283 2423 ad
306 2357 433 2436 duales,
467 2359 494 2422 si
517 2358 578 2425 hos
600 2381 619 2422 a
636 2358 800 2446 principio
820 2358 856 2424 iu
871 2359 1052 2454 penultima
1071 2348 1185 2429 baim·

62 2464 143 2550 plex
171 2460 328 2526 habuisse
359 2459 511 2539 sumitur,
543 2459 687 2526 ίππο-
702 2487 750 2539 ιν,
783 2458 998 2528 ἵπποι-ιν·
1030 2462 1109 2528 item
1141 2462 1186 2528 ud

63 2565 237 2641 Bou'dtov,
264 2563 292 2628 si
315 2561 358 2626 ad
378 2561 508 2645 βοΐδιον
529 2573 567 2626 ut
587 2553 640 2639 δας
661 2555 768 2628 δ’ίδιον
788 2561 939 2642 refertum
966 2562 1018 2628 sin
1040 2564 1085 2629 ad
1104 2585 1185 2632 con·

62 2675 204 2732 tractum
226 2665 356 2744 βοίδιον
376 2673 413 2728 ut
436 2659 554 2741 οἴδιον,
579 2663 741 2749 parcctasi
768 2662 1006 2748 subjiciendum
1032 2676 1098 2743 est3
1125 2688 1186 2734 ue·

63 2792 129 2854 que
155 2767 250 2832 aliter
271 2765 429 2851 explicari
451 2775 590 2851 possunt
616 2764 793 2849 adjectiva3
819 2788 894 2830 nam
922 2763 1042 2850 δμοος,
1070 2769 1186 2850 γίλοος

62 2873 107 2936 ad
130 2868 277 2957 speciem
298 2867 409 2932 usitati
431 2862 530 2945 ιίλοιίς
550 2867 674 2952 fingere
690 2877 890 2932 cunctamur.
921 2869 1071 2937 Eandem
1084 2869 1186 2938 brisce

60 2985 211 3037 veterum
243 2969 435 3049 sententiam
465 2970 562 3033 docet
588 2969 779 3034 Eustathius
803 2969 896 3049 1643,
917 2971 970 3036 32.
994 2966 1125 3050 ὁμοίιος
1152 2981 1187 3039 et

63 3071 213 3150 οἰδοίιος
234 3093 301 3136 non
324 3070 492 3158 aptissime
517 3071 686 3135 conferens
710 3092 784 3134 cum
805 3063 942 3158 ίίρδιος,
976 3070 1133 3149 λοίσθιος
1153 3080 1187 3138 et

62 3175 186 3240 doricis
209 3183 247 3238 ut
265 3185 362 3238 vocat
383 3169 514 3249 δοοιον,
537 3169 694 3254 μάλλιον,
718 3173 809 3256 quod
826 3173 944 3238 eodem
962 3172 1187 3239 accommodet

60 3277 178 3344 Schol.
204 3277 248 3340 A.
275 3275 318 3340 ed
340 3275 379 3338 Il.
403 3271 499 3339 VIII.
522 3273 595 3339 353.
618 3267 770 3339 ίιοιάτιον
794 3267 949 3342 ἀντὶτοῦ
973 3270 1116 3340 honoror·
1141 3269 1186 3354 ιίις

59 3375 223 3463 politior,
259 3378 318 3442 sed
346 3375 466 3440 rectius
494 3375 645 3441 scribitur
673 3373 709 3438 in
734 3373 899 3442 Choerob.
925 3376 1083 3462 Orthaga
1110 3377 1184 3444 240.

57 3478 106 3546 τὰ
138 3477 256 3561 ἔχοντα
291 3477 350 3545 δύο
384 3473 546 3561 circumve
578 3474 680 3559 ὅμοια
718 3473 859 3565 διχρόνῳ
899 3473 1048 3563 ἑπόμενα
1079 3478 1184 3563 βραχὺ
1242 3529 1248 3541 ,

59 3577 178 3660 ἔχουσι
199 3578 237 3645 τί)
261 3577 427 3664 δίχρονον·
451 3571 655 3657 δθενἼιονες
680 3577 757 3662 (sic)
781 3576 818 3643 ιδ
839 3580 966 3662 μᾶλλον
985 3577 1108 3664 μάλιον
1129 3580 1185 3647 λε’·

57 3705 169 3764 γουσι.
213 3681 333 3767 Itaque
360 3691 398 3745 ut
425 3680 460 3744 in
492 3676 643 3765 πρώονες
672 3669 817 3766 olongo
839 3681 979 3746 accessit
997 3680 1112 3758 breve,
1137 3681 1185 3748 sic

58 3791 185 3866 poetae
219 3781 427 3868 diphthongo
440 3769 491 3849 ’ὦ
525 3780 725 3867 applicuisse
754 3782 904 3848 videntur
935 3782 1004 3848 iota
1034 3782 1183 3869 simplex.

59 3882 164 3964 Quae
184 3884 266 3950 ratio
290 3883 478 3971 parcchesis
502 3884 653 3950 convenit
675 3885 770 3950 etiam
792 3883 944 3950 duulibus
966 3885 1130 3950 secundae
1152 3893 1186 3950 et

133 4141 180 4208 to)
200 4139 270 4194 Cum
288 4141 343 4194 hoo
355 4137 482 4193 Handius
500 4136 528 4192 in
539 4109 661 4192 Turseli,
676 4135 712 4191 T.
723 4135 773 4190 1v.
788 4137 846 4191 50⁸,
861 4137 971 4192 confert
984 4135 1117 4195 antidea.
1132 4136 1185 4192 scd

52 4227 119 4280 hoc
131 4225 189 4281 iota
200 4245 253 4300 pro
268 4226 356 4298 epsilo
370 4224 480 4296 accepit
495 4230 525 4278 ut
537 4227 672 4286 ποιέοιεν,
691 4221 763 4276 illud
775 4239 842 4277 vero
854 4240 890 4278 ex
905 4223 1085 4295 pleonasmo3
1105 4223 1185 4279 cette

53 4314 142 4384 quod
161 4311 266 4368 dicitur
284 4310 472 4394 euphonicum
491 4309 602 4383 utrique
621 4325 768 4364 commune
785 4315 837 4363 est.
