2825 4809
160 369 214 435 os
232 363 578 458 raosruusrur
600 365 866 437 APHAERESI.
901 363 1029 434 cvn.
1080 373 1154 452 tos
1228 445 1231 452 ,

84 551 283 623 inventiunculis
294 560 345 615 est
357 572 478 618 nomen
489 542 650 632 αμερδνδς
665 547 809 617 enodare
823 549 982 615 conantis.
1001 550 1157 620 Ζαλαὶνω

84 659 111 722 ιδ
131 652 268 739 μοραλια
296 650 383 715 sicut
409 652 517 726 Λαλίς
538 646 652 733 μιαρός
678 650 763 716 Has.
788 649 943 734 congrue
970 672 1046 718 oum
1066 647 1157 738 ἦλδς,

84 754 165 840 ἥλιός,
183 750 368 839 ἅλιιὶφρων,
390 745 542 838 ἠλίθιος,
564 743 748 837 ἧλέμαεος,
776 751 869 834 quod
886 751 1031 837 cuspin
1051 763 1102 820 est
1122 763 1159 823 in

83 852 243 937 οὐνόματος.
284 851 378 914 Haec
399 851 548 916 nonnulli
567 851 613 916 sd
632 846 697 936 δ’λη
719 850 872 923 εεῐβειιειλ.

142 989 178 1052 V.
215 980 314 1064 Θάμα
332 983 369 1050 ἔκ
386 987 446 1049 τοῦ
463 983 534 1066 ἅμα
550 984 753 1070 πλεονασμῷ
769 990 829 1050 τοῦ
845 971 1160 1070 ἷεδγὰρπιοινιδς
1260 1003 1265 1018 ·

82 1085 214 1171 γινόμενον
239 1078 300 1169 ὑφ’
335 1083 392 1176 ἕνα
418 1084 540 1170 καιρὸν
567 1083 690 1170 γίνεται
720 1085 830 1170 Epim.
859 1085 886 1149 I.
914 1086 988 1162 451,
1016 1087 1044 1149 1.
1077 1085 1158 1150 ΕΜ.

81 1189 194 1266 44217.
215 1186 271 1251 sed
293 1185 347 1250 hic
374 1186 501 1249 diversa
523 1183 618 1268 signa
641 1205 781 1270 sequens
800 1207 833 1271 p.
852 1185 903 1263 75,
922 1187 953 1251 9.
976 1185 1046 1266 δι’μα
1066 1183 1160 1266 παρὰ

81 1290 106 1355 ιδ
129 1285 221 1367 θαμά.
276 1287 340 1350 Illa
366 1285 556 1372 Tryphonis
586 1287 747 1350 sententia
774 1287 835 1351 fuit
860 1289 972 1376 Apoll.
1003 1287 1044 1351 de
1072 1287 1159 1350 adv.

80 1389 130 1454 563.
149 1387 220 1452 haec
243 1386 402 1452 Characis
422 1388 532 1473 Epim.
555 1385 583 1450 I.
605 1385 678 1450 199.
704 1397 738 1451 et
756 1389 928 1475 Apollonii
953 1387 1074 1474 ipsius,
1104 1385 1161 1470 qui

78 1489 225 1573 frequentia
252 1488 471 1553 derivatorum
496 1489 610 1552 nititur
631 1487 721 1552 theta
741 1490 900 1553 tuentium
924 1489 1065 1567 θαμέες,
1095 1493 1162 1552 Hu-

78 1593 156 1671 ρειαί,
175 1589 316 1674 θαμινά,
340 1589 489 1673 θαμίζω,
509 1590 626 1673 hisque
647 1590 835 1654 addendum
855 1590 984 1654 videtur
1009 1585 1161 1672 Θάμυρις

80 1689 226 1776 πανήγυρις
254 1693 339 1754 Ηεε.
370 1701 403 1754 et
430 1689 563 1771 θάμνος
595 1690 795 1775 (densatum)
827 1690 922 1774 παρὰ
949 1691 986 1756 τὸ
1015 1686 1113 1770 θαμά
1141 1686 1161 1756 h'

80 1790 128 1857 ἐπι
145 1795 267 1870 πυκνῶς
285 1793 384 1858 ‘Eust
408 1791 501 1869 1554,
526 1791 578 1856 62.
602 1793 661 1856 sed
683 1793 711 1856 si
733 1814 801 1857 rem
817 1813 837 1855 a
856 1792 956 1878 stirpe
973 1790 1160 1876 repetimus,

81 1891 129 1966 διιιι
140 1911 196 1958 uno
211 1889 331 1975 (ὁμοῦ)
353 1893 507 1978 primitivi
529 1893 664 1958 similius
681 1903 731 1959 est
748 1915 846 1978 quam
862 1890 958 1966 θαμά
974 1895 1161 1976 frequenter.

80 1992 138 2056 Fuit
157 1995 245 2058 etiam
274 2017 397 2058 nomen
423 1995 594 2082 proprium
622 1993 773 2080 ancipitis
804 1992 1000 2078 scripturae,
1028 1991 1070 2055 de
1095 2011 1161 2075 quo

81 2095 147 2158 Host.
163 2097 229 2172 298,
251 2097 285 2160 2.
312 2095 346 2163 ἐν
367 2101 408 2186 τῇ
425 2096 596 2184 παροιμίᾳ
617 2094 770 2179 Θάμυρις
787 2095 941 2176 μαίνεται
960 2093 1047 2171 τινὲς
1059 2087 1163 2172 ’Ἀμυ-

80 2217 117 2272 ριν
137 2193 277 2282 ἔγραψαν
311 2199 387 2278 δίχα
418 2202 480 2263 τοῦ
508 2186 553 2263 δῖ
583 2199 638 2263 De
668 2196 732 2261 hoc
764 2194 845 2258 nihil
867 2193 1020 2260 constitui
1042 2203 1162 2280 potest.

80 2292 226 2379 Conjuncte
256 2321 335 2362 cum
361 2297 431 2375 ἅμα
454 2297 592 2384 Trypho
620 2299 661 2362 de
679 2297 775 2362 Pass.
802 2319 835 2383 p.
858 2297 910 2361 34.
939 2307 971 2361 et
992 2295 1162 2382 «Iosephus

77 2394 245 2484 irSynops.
277 2423 313 2485 p.
342 2399 415 2463 566.
442 2399 486 2462 ad
511 2399 698 2488 prosthesin
726 2399 870 2463 referunt
898 2391 998 2483 οὖρος
1026 2401 1163 2486 θοῦρος,

78 2498 118 2559 sed
141 2498 215 2564 haee
245 2500 394 2588 disparia
421 2500 582 2587 principia
609 2499 731 2564 habent
759 2496 891 2585 δρνδναι
916 2511 948 2563 et
969 2503 1097 2582 θορεῖν.
1123 2537 1164 2549 -

79 2597 254 2668 δειλόπεδον
274 2601 362 2669 κατὰ
378 2600 727 2687 πλεονασμὸνπεδιόν
742 2599 780 2666 τδ
799 2597 872 2682 ἔχον
891 2602 967 2687 ἕλην
985 2597 1038 2676 (al.
1059 2595 1163 2686 ελλην)

77 2697 131 2764 seh.
157 2701 221 2767 od.
252 2703 335 2770 VII.
364 2703 437 2766 129.
472 2701 637 2768 Choerob.
672 2701 754 2767 Can.
784 2703 830 2766 II.
863 2703 935 2767 219.
972 2711 1085 2788 aptum
1116 2710 1166 2765 est

74 2802 182 2868 Homeri
212 2805 327 2870 verbis
356 2805 377 2869 l.
408 2826 436 2868 c.
466 2799 673 2869 θειλόπεδον
706 2803 859 2892 τέρσεται
890 2799 1006 2891 ἢελίιμ,
1046 2801 1164 2888 quibus

75 2903 246 2988 significatur
269 2929 348 2970 area
370 2905 481 2992 aprica
503 2916 536 2967 et
558 2900 746 2992 εἷληθερής,
768 2927 834 2969 uno
856 2902 955 2969 verbo
980 2901 1165 2978 ελλδπεδον,

74 3008 141 3086 quod
154 3009 261 3095 ipsum
277 3005 533 3073 Doederleinius
551 3006 672 3085 (Hedera
689 3009 755 3071 und
771 3007 937 3090 Aussoetze
953 3005 994 3068 Τ.
1011 3004 1058 3068 ΙΙ.
1075 3002 1164 3088 295.)

74 3105 191 3173 Homero
218 3110 429 3174 reddendum
454 3117 564 3194 putat,
593 3116 737 3170 ceterum
762 3131 830 3172 non
851 3107 970 3192 legitur
991 3105 1053 3169 nisi
1076 3105 1167 3192 apud

75 3209 220 3294 scriptores
230 3211 416 3296 Byzantios
427 3208 543 3273 aetatis
556 3205 756 3274 Scholiastas
774 3220 807 3272 et
819 3206 1088 3294 Glossographos
1101 3206 1165 3291 ¹³).

75 3307 140 3373 Illud
157 3313 283 3376 indocti
305 3312 439 3397 quidam
464 3331 525 3398 pro
549 3306 741 3393 trisyntheto
764 3309 963 3375 habuerunt:
994 3310 1030 3376 εδ
1054 3305 1167 3376 δειλό-

35 3410 37 3417 ’
75 3413 153 3475 πιδοι
177 3411 350 3498 σύγκειται
375 3410 459 3478 κατά
483 3436 576 3488 τινας
596 3411 692 3493 παρὰ
712 3408 749 3474 τὸ
770 3407 901 3496 ὄρθρον
921 3407 1095 3492 οὐδέτερον
1112 3409 1168 3475 καὶ

76 3510 117 3595 τὴν
139 3511 222 3600 ιῗλιμ
253 3513 312 3579 καὶ
342 3512 381 3579 τὸ
408 3513 526 3590 πέδον,
552 3501 616 3591 οἷςΙ
634 3510 689 3575 καὶ
720 3503 853 3595 ἀρέσκει
881 3508 1084 3578 θειλόπεδον
1115 3505 1168 3576 ἀεὶ

75 3602 132 3676 irco
158 3607 293 3699 ιλρθρον
320 3614 507 3701 προφέρειν
537 3609 582 3688 ὡς
613 3607 802 3694 ἐγκειμένου
826 3615 889 3678 τοῦ
918 3607 1065 3695 ὄρθρου·
1090 3606 1168 3678 οὐδὲ

75 3703 236 3797 ἢδάιερος
260 3712 356 3782 εἷ’ποι
382 3739 434 3791 τις
456 3711 513 3778 ἵνα
540 3711 587 3799 μὴ
608 3716 823 3795 βαρβαρικῶς
854 3703 1050 3798 ἀδολεσχοίη
1071 3713 1166 3778 Eust.

76 3811 147 3891 1573,
170 3816 220 3880 32.
266 3815 435 3880 Articulus
465 3835 539 3878 cum
567 3811 711 3898 genitivo
737 3823 772 3877 et
794 3815 873 3900 *aliis
893 3814 1021 3880 casibus
1044 3835 1167 3900 prono-

128 4049 165 4114 13)
177 4049 337 4120 Hesychius
347 4049 502 4105 Ἐλάπεδον
515 4053 627 4119 ιέμενος
640 4078 670 4086 -
682 4042 821 4120 Ἐριλπειλα
838 4041 856 4099 ἃ
875 4044 953 4119 ἡμεῖς
971 4043 1101 4113 ἑλάιιεδα,
1118 4045 1167 4100 illo

77 4129 163 4186 nomine
178 4133 302 4190 fortasse
323 4129 469 4190 ελλὸπεδον
487 4131 657 4204 significavit
673 4139 705 4185 ut
722 4131 862 4187 Homerus
881 4136 993 4202 τέμενος
1011 4131 1168 4186 οἰνοπέδοιο

78 4213 144 4284 dlxit3
163 4217 385 4289 ἰριίιιεδον-ιειο
403 4219 427 4274 εἰ
444 4237 507 4274 cum
525 4221 575 4290 ἔρα
593 4218 779 4290 compositum
798 4226 855 4283 est,
874 4217 951 4286 quod
969 4215 1045 4270 idem
1062 4233 1114 4287 pro
1132 4219 1169 4288 γῆ

78 4297 160 4358 ‘lictum
174 4304 298 4374 invenit,
313 4306 387 4362 nihil
402 4307 498 4362 differt
515 4324 532 4360 ε
547 4302 673 4376 γήπεδον
689 4303 880 4360 solifundium.
