2825 4809
261 358 340 432 362
546 349 869 419 DISSERTATIO
891 349 939 416 11.
981 347 1024 416 P.
1046 347 1094 414 11.

261 561 341 624 τρος
371 527 568 618 ὃμόντατρος
591 528 744 622 σοχνιοπή
773 534 851 602 soh.
887 536 931 599 A.
959 533 1000 598 Il.
1026 531 1093 598 XI.
1121 529 1191 596 257.
1223 521 1340 614 ὄτριχας,

262 634 394 712 οὶετέας
416 630 477 698 καὶ
497 625 648 719 ὄπατρος
670 633 758 704 κατὰ
779 630 949 722 οοχκοντήν
970 634 1052 700 ΕΜ.
1063 633 1136 710 637,
1149 632 1198 698 22.
1219 629 1253 698 τὸ
1273 625 1342 715 ὁμῶς

264 733 334 806 ἀπὸ
363 737 425 800 τοῦ
450 726 594 817 ὁμοίως·
623 729 644 821 ἦ
673 733 713 802 δὲ
739 730 879 822 τοιαύτη
901 734 1053 822 συγκοπὴ
1076 730 1231 818 Δωριέων
1259 729 1340 796 ἐστίν·

189 906 196 918 ,
264 833 387 905 incisos
421 830 485 922 χὰρ
519 828 701 919 ὁμότριχος
741 826 878 921 ὄτριχας
910 833 997 924 φασὶ
1028 831 1086 900 ναοὶ
1117 833 1194 910 τοὺς
1223 826 1344 914 ὁμοετεῐς

262 932 435 1018 caelest)
459 932 517 1000 uel
536 931 615 1012 τοὺς
634 930 827 1016 μονώνοχος
844 932 998 1019 μώνυχας
1019 934 1096 1002 sch.
1118 935 1209 998 Anat.
1226 933 1270 998 19.
1304 933 1344 998 De

262 1035 413 1105 Doribus
432 1043 589 1122 nugatum
619 1035 676 1100 illa
701 1035 876 1118 conjuncta
906 1045 983 1101 sunt
1003 1057 1078 1100 oum
1103 1055 1184 1100 voce
1203 1032 1346 1098 thematioa

264 1136 286 1206 ὅ
309 1139 378 1203 sive
399 1131 431 1214 6,
453 1159 474 1201 a
494 1159 562 1221 qua
582 1159 665 1203 sono
687 1137 913 1202 tantummodo
938 1136 1048 1202 differt
1069 1129 1092 1204 ii
1114 1145 1147 1202 et
1169 1136 1229 1200 hoo
1242 1155 1346 1218 quoque

265 1239 407 1306 cernitur
430 1238 467 1303 in
494 1238 654 1323 synthetis
681 1259 768 1323 quae
792 1236 981 1322 Hesychius
1013 1238 1109 1304 affert
1134 1232 1230 1304 ἀετέα
1255 1233 1290 1302 τὰ
1311 1238 1345 1320 τῷ

264 1336 356 1426 αὖτῷ
377 1336 445 1406 ἔτει
466 1336 650 1424 γεννώμενα
669 1348 702 1402 et
721 1333 822 1426 αὖετῆ
840 1337 899 1406 τὸν
920 1332 1080 1427 αὐτοετῖχ,
1108 1361 1170 1426 pro
1191 1359 1251 1421 quo
1273 1331 1345 1402 nite·

264 1437 398 1505 νίαοτον
421 1437 539 1503 dicitur
559 1439 594 1502 in
616 1439 750 1526 Geopp.
793 1440 919 1509 Verum
937 1462 1007 1506 non
1031 1439 1139 1504 solum
1159 1439 1193 1504 in
1212 1434 1346 1524 pronomi-

263 1538 378 1616 nibus,
406 1561 492 1622 quae
518 1539 651 1604 omnino
681 1562 702 1604 a
730 1540 955 1607 communibus
985 1540 1115 1626 legibus
1140 1548 1261 1605 exemto
1285 1545 1346 1610 sunt,

264 1640 441 1724 aliquando
470 1639 515 1704 ad
542 1641 647 1727 prima
671 1641 831 1707 elementa
852 1664 1019 1709 recursum
1044 1664 1117 1708 esse
1143 1641 1202 1706 sed
1227 1636 1347 1704 etismio

264 1740 437 1808 ordinariis
460 1740 604 1806 ostendit
623 1741 759 1806 verbum
778 1742 970 1808 insolentius
993 1735 1347 1828 6ο1αιαόρκι1πτειν1αο

264 1851 316 1908 est
336 1836 575 1908 ἀνατείνεσθαι
595 1841 653 1908 καὶ
674 1840 734 1908 ἐντ’
765 1835 875 1928 ἄκρων
908 1837 1031 1924 ὀνύχων
1052 1843 1227 1908 ἵστασθαι.
1247 1839 1348 1922 ¹Hujus

264 1942 352 2009 enim
372 1939 498 2025 syllaba
518 1941 623 2026 prima
649 1944 763 2010 eadem
790 1967 862 2010 esse
888 1943 1016 2010 videtur
1045 1965 1131 2028 quae
1160 1941 1195 2006 in
1221 1933 1312 2057 ὀρθός
1327 1948 1349 2000 et

264 2035 381 2129 ἶν’ρναμι
398 2042 567 2108 cernitur
557 2065 699 2129 1psoque
717 2046 849 2110 nomine
860 2037 950 2131 σ’ρος,
969 2045 1057 2109 unde
1069 2041 1220 2109 nonnulli
1234 2033 1350 2126 ὅροχθας

264 2153 298 2206 et
319 2134 460 2227 iiooysog
487 2142 630 2208 derivata
657 2147 849 2234 putant12).
894 2145 964 2212 Sed
994 2167 1078 2230 qnae
1108 2139 1307 2210 Grammatici
1327 2129 1382 2199 inl

264 2242 410 2307 medium
430 2243 608 2328 proferunt,
630 2246 673 2308 ad
694 2247 961 2331 persuadendum
982 2267 1099 2331 perum
1122 2242 1271 2330 apposita
1289 2249 1350 2303 sunt

262 2341 411 2407 Primum
432 2339 604 2429 κάμμορος
625 2340 729 2412 οἱονεὶ
750 2343 943 2432 κακόχιορος
959 2343 1016 2410 καὶ
1036 2349 1192 2432 σοχκαντῇ
1211 2337 1350 2426 κάμμαρος

262 2443 344 2508 ΕΜ.
366 2443 440 2522 488,
462 2444 516 2509 41.
537 2446 696 2531 Apollon.
718 2447 802 2510 Lex.
826 2445 952 2532 Tryph.
977 2445 1018 2510 de
1040 2446 1137 2510 Pass.
1165 2444 1253 2529 §.23
1275 2465 1302 2527 p.
1314 2441 1351 2504 31.

263 2543 308 2608 Id
329 2544 440 2629 potius
468 2544 516 2609 sio
536 2555 581 2610 ut
600 2545 769 2633 καμμονίη
793 2558 824 2613 et
847 2543 1017 2631 καχιβολιά
1039 2568 1113 2611 cum
1136 2542 1351 2632 praepositione

264 2644 453 2731 copulatum
474 2656 534 2723 est,
557 2668 643 2730 quae
662 2646 791 2733 integra
812 2656 950 2735 apparet
975 2646 1010 2710 in
1038 2641 1249 2734 κατάφοβος,
1276 2665 1381 2706 κατα

263 2748 377 2826 χολος,
401 2744 521 2829 quibus
543 2747 647 2811 simile
674 2744 867 2834 κατάαορος
893 2770 962 2813 non
991 2745 1130 2831 legimus
1144 2747 1197 2830 ¹³)
1227 2745 1282 2810 sed
1298 2723 1381 2804 hino

266 2846 390 2912 aeolice
418 2855 607 2931 corruptum
638 2858 771 2933 putatur
791 2843 976 2932 Κάσμορος
997 2845 1158 2934 δύστηνος
1186 2849 1265 2911 Hes.
1290 2844 1353 2907 Tun

263 2942 453 3033 ττοκιμήδνχς
474 2945 643 3035 ουχκοτιὴν
664 2945 796 3014 ἔνταθεν
826 2946 863 3012 ἐκ
889 2951 950 3013 τοῦ
971 2945 1221 3034 πυκινομήδνχς·
1252 2938 1286 3011 οὗ
1308 2939 1353 3029 χάρ

265 3046 356 3114 ἐστιν
378 3044 487 3114 εἰπεῖν
508 3042 555 3124 ὡς
575 3046 613 3113 ἐκ
628 3052 688 3112 τοῦ
710 3043 799 3114 πύκα
823 3044 993 3132 σι’νχαειται
1013 3048 1109 3112 Eust.
1133 3048 1228 3124 1428,
1250 3045 1296 3110 54.
1313 3065 1354 3107 cu·

257 3147 315 3230 jus
335 3147 418 3211 ratio
442 3146 566 3233 duplex
593 3147 694 3212 fuisse
721 3147 866 3224 videtur,
896 3169 961 3212 una
986 3146 1027 3213 ab
1056 3148 1220 3231 adjectivo
1243 3141 1354 3212 σοκινό-

264 3269 358 3332 φριον
379 3246 493 3326 ducta,
523 3248 623 3313 altera
644 3248 842 3313 conveniens
872 3257 945 3312 sent
932 3248 1052 3312 tentiae
1072 3249 1109 3312 in
1129 3251 1212 3315 EM.
1223 3248 1299 3323 649,
1317 3245 1354 3308 43.

335 3414 380 3482 11)
393 3413 567 3485 Hesychius
571 3411 683 3482 Υειὴς
671 3438 685 3469 o
705 3411 846 3482 αὖτοετὴς·
863 3411 1019 3484 Μαρσύας·
1040 3414 1163 3469 fortasse
1182 3417 1310 3473 aeolicum
1326 3419 1355 3465 e

263 3496 341 3568 ὐέτης
352 3518 404 3569 pro
418 3498 493 3568 ὀετής
504 3502 549 3571 (ut
561 3496 665 3571 ῧμοιος)
680 3501 759 3570 quod
773 3499 841 3554 alibi
854 3518 911 3554 non
924 3499 1038 3602 legitur.
1379 3507 1380 3516 ¹

335 3585 379 3651 12)
393 3584 549 3655 Analogiae
562 3585 654 3656 aptius
666 3587 742 3640 foret
754 3585 975 3658 perispomenon
987 3581 1137 3654 ὃρκνπτεῖν
1153 3583 1218 3640 ab
1206 3575 1380 3657 optimos
1334 3553 1380 3630 111

263 3666 461 3739 πανροτύπινχς,
475 3669 711 3742 σνερνοτύπτηςν.
726 3673 764 3725 ad
782 3670 888 3742 Phryn.
903 3674 962 3727 593.
982 3681 1012 3727 et
1022 3675 1078 3727 hoo
1092 3671 1295 3743 quodammodo
1307 3681 1355 3720 con·

262 3753 355 3806 firmat
365 3755 499 3825 Hesychii
511 3754 678 3827 scriptura’
666 3763 834 3828 ορικυνιτεῖν.

334 3840 373 3905 13)
387 3839 608 3913 Ριοκατάμορος
618 3843 695 3913 apud
704 3842 810 3896 Aroad.
823 3843 939 3914 reposui
952 3840 1075 3917 κάμαρος
1085 3845 1203 3916 plantae
1215 3841 1260 3897 vel
1270 3831 1354 3892 arboris

263 3940 366 3976 nomen
378 3923 407 3977 in
419 3925 508 3978 Proll.
522 3928 583 3979 271.
596 3936 655 3980 not.
670 3929 712 3981 to.
735 3928 788 3982 Ille
803 3926 878 3982 enim
895 3932 1003 3984 nonde
1021 3929 1169 4002 adjectivis
1190 3926 1249 3997 egit
1266 3935 1357 4003 compo·

261 4005 507 4070 utsitis,1n'l'hes
517 4008 630 4075 dicitur,
643 4028 722 4081 quus
731 4030 843 4082 genens
856 4022 991 4070 sexcenta
1003 4014 1172 4070 occurrunt
1164 4033 1194 4068 m
1204 4032 1274 4086 ορος
1285 4017 1379 4075 11111ιὲ

261 4111 352 4162 παρος,
365 4113 454 4164 φορος
368 4079 520 4149 —etc
533 4097 584 4149 sed
597 4098 634 4150 de
646 4096 827 4154 substantivis
841 4099 1023 4172 simplicibus.
1053 4101 1111 4172 Adj
1115 4100 1236 4156 activum
1247 4101 1287 4150 est
1297 4083 1379 4154 otiu

261 4195 362 4248 μορος,
378 4196 435 4248 quo
454 4178 612 4251 Sophocles
629 4181 718 4236 utitur
733 4201 786 4255 pro
805 4181 958 4261 νιὲμμορος.
986 4187 1052 4242 Ηοο
1074 4187 1169 4243 Schol.
1190 4179 1295 4238 O<lV
1313 4174 1379 4229 111·

262 4267 530 4336 καταμεμορνχμένον
541 4264 751 4336 interpretatur.
