2825 4809
128 379 181 446 on
199 371 405 456 smcorn
426 369 572 440 uiuus
593 368 815 439 voosnrs.
839 369 943 438 o111.
965 373 1034 458 es.
1056 375 1133 452 289

63 569 130 632 deest
154 556 371 647 inculcatius
401 557 485 621 Hes.
518 564 552 620 et
585 551 804 641 ἔγχε’ςπαλοι,
844 549 1064 646 ὀρεσιὴβᾶτης
1097 569 1130 625 et

61 663 188 754 ὅρέςβιος,
209 652 480 742 τελεσσιδώτειρα
500 665 533 721 et
552 650 764 743 τελεςρόρος,
789 650 996 744 ἀνθεσίχρως
1018 669 1050 723 et
1071 653 1130 725 ἆν-

60 759 197 852 5εςρόρος.
243 760 306 824 His
337 758 438 845 igitur
465 755 622 843 exemplis
650 754 778 824 inducti
813 767 888 822 sunt
916 759 960 822 ad
989 759 1129 846 ellipsin.

60 865 109 935 Sed
125 860 265 929 conteris
284 860 410 926 ratione
431 857 629 926 succurritur
650 857 807 943 epitheto,
831 862 923 946 cujus
946 881 1023 946 pars
1041 861 1132 947 prior

59 962 262 1039 verbulis31ioc
289 962 375 1028 enim
397 961 513 1027 eadem
541 982 607 1046 qua
629 957 803 1047 θέςφατος
824 982 971 1027 consona
999 973 1131 1028 suctum

60 1089 111 1134 esse
128 1064 275 1130 dictitant·
300 1058 347 1141 ὡς
368 1060 554 1151 φερέπονος
579 1059 666 1130 οὕτω
684 1059 744 1126 καὶ
766 1060 925 1150 φερέβιος
946 1061 1004 1128 καὶ
1027 1065 1131 1130 πλεο·

60 1171 147 1252 νασμῴ
165 1169 220 1232 τοῦ
239 1187 261 1230 o
289 1160 480 1252 φερέςβιος
499 1159 579 1249 περὶ
600 1165 726 1229 παθῶν
748 1163 828 1230 ΕΜ.
861 1163 939 1241 789,
969 1163 1021 1228 39.
1051 1163 1090 1232 τὸ
1111 1185 1133 1230 σ

58 1261 183 1344 reddetr
201 1258 427 1343 πλεονάζει“
398 1285 510 1350 ωςντερ
523 1262 622 1350 ἐντῷ
641 1260 935 1351 φερέςβιοςΕρίιιι.
948 1263 972 1331 l.
991 1265 1062 1332 146.
1078 1267 1130 1350 Η)

60 1391 97 1453 qn
89 1365 195 1451 quod
221 1365 262 1430 de
290 1363 474 1448 frequentis
493 1363 591 1449 hujus
613 1363 795 1450 pleonssmi
818 1365 907 1444 dicit,
932 1366 1133 1432 adulterum

60 1491 132 1555 genus
148 1465 280 1554 pertinet
303 1465 393 1551 quod
416 1487 490 1532 cum
506 1465 638 1532 nomine
654 1465 874 1552 compositum
889 1477 940 1533 est
955 1464 1133 1557 τειχεςρό-

61 1562 322 1657 ρυρσακεςφόρος
356 1577 417 1633 etc.
449 1588 618 1652 nunquam
645 1589 722 1632 vero
754 1567 876 1654 reperit
876 1589 916 1633 ur
947 1561 1134 1657 ἆγέτχορος,

61 1664 228 1756 ἇρχέςκακος,
250 1665 465 1752 μενὲςμαχος,
488 1666 704 1756 φερέςντονος,
732 1663 924 1748 ελέςντολις·
953 1671 1135 1737 sedunum

62 1780 94 1833 est
111 1793 162 1857 ρερ
162 1768 277 1853 bedese.
320 1768 378 1833 Ad
409 1768 473 1834 hoc
500 1778 609 1834 autem
641 1769 886 1855 explanandum
910 1771 1070 1858 duplex
1061 1772 1135 1836 miri

61 1880 138 1956 petest
153 1869 248 1946 ratio;
270 1891 338 1934 ιιιιιι
367 1870 587 1957 pleonustios,
616 1892 714 1955 quam
734 1879 859 1936 veteres
887 1870 1027 1958 ingressi
1050 1883 1135 1950 sunt,

61 1971 130 2035 dtere
146 1971 183 2035 cd
203 1993 374 2059 syncopen
397 1993 545 2058 vergens.
588 1973 640 2038 Ειι
663 1993 726 2037 nos
756 1971 847 2036 ducit
873 1971 914 2037 ad
945 1970 1138 2060 φερεσίβιος

60 2071 205 2138 inusitatum
226 2073 362 2158 quidem
389 2073 471 2138 illud
497 2073 644 2160 nullique
666 2072 861 2138 usitatorum
884 2071 987 2138 simile
1009 2085 1139 2161 praeter

64 2171 278 2259 ρερενσίπονος,
314 2184 347 2239 et
372 2174 435 2241 hoo
463 2197 596 2262 quoquc
626 2174 727 2240 semel
755 2172 874 2260 legitur
903 2173 939 2240 in
960 2175 1136 2262 Epigram-

62 2284 121 2338 nste
135 2284 244 2362 poetae
271 2274 388 2341 novitii
414 2286 447 2342 et
470 2276 585 2363 ignoti.
628 2277 715 2342 Nam
738 2275 829 2362 quod
855 2276 1016 2343 Matthiae
1044 2277 1078 2342 in
1099 2277 1136 2344 ll.

59 2373 128 2440 Hom.
145 2376 258 2443 XXX.
291 2399 353 2464 pro
378 2382 493 2467 χοροῖς
518 2375 743 2464 περισανθέσι
770 2377 884 2465 posuit
911 2377 1138 2468 φερεσανθέσι

57 2474 128 2560 idque
149 2478 180 2544 in
206 2478 354 2545 Animm.
383 2501 417 2565 p.
441 2478 516 2544 454.
539 2477 686 2544 similiter
705 2479 880 2546 formatum
901 2501 975 2546 esse
997 2481 1075 2546 dicit
1099 2491 1138 2546 ut

57 2575 201 2662 ρερέςβιος,
214 2574 435 2669 φερεσσακής,
459 2602 498 2650 ea
509 2581 667 2648 correctio
679 2591 730 2646 est
745 2580 878 2646 minime
889 2580 1069 2667 probabilis
1081 2583 1135 2666 ²⁰)

57 2675 225 2766 φερεσσακής
246 2691 359 2746 autem
378 2680 591 2768 diplusiusmo
614 2693 746 2749 suctum
765 2692 802 2746 ut
825 2679 1058 2770 φερεμμελίης.
1100 2681 1138 2749 Si

57 2783 133 2842 tanen
151 2782 358 2848 concedimus
381 2782 528 2851 Graecos
550 2782 742 2875 φερεσίβιος
764 2781 961 2868 cogitatione
983 2783 1137 2848 informa-

56 2878 260 2962 tmhabuisse,
279 2883 358 2950 hinc
374 2885 483 3003 potuit
495 2884 671 2975 φερέςβιος
681 2883 818 2950 coartari
837 2893 874 2947 ut
891 2881 1138 2974 φρβεσιστράτη

55 2974 187 3048 llinervae
204 3005 393 3071 cognomen
412 2986 447 3057 in
468 2981 678 3074 φοβεστράτη
700 2985 782 3049 abiit
806 2985 896 3070 quod
920 2994 970 3048 est
991 2985 1139 3067 ejusdem

58 3077 115 3146 leue
132 3084 298 3170 epitheton
317 3088 398 3155 EM
422 3087 494 3166 797,
520 3087 573 3153 54.
597 3087 636 3153 cf.
653 3086 741 3152 Goet
729 3085 833 3171 ttling.
852 3085 896 3148 sd
911 3085 993 3150 Hes.
1009 3084 1138 3173 Theog.

56 3199 74 3243 1·
91 3182 148 3250 121.
187 3187 322 3253 Etenim
343 3212 404 3276 pro
428 3183 680 3277 φοβησιστράτη
708 3185 865 3252 successit
892 3182 1137 3277 φοβεσιστράτη

58 3296 172 3370 correpta
196 3287 299 3353 futuri
324 3289 429 3355 vocali
455 3300 492 3354 ut
517 3285 760 3366 Πενθεσίλεια,
784 3281 1002 3372 εὖρεσίλογος,
1024 3284 1138 3374 ἄνεσί-

55 3379 125 3460 luoc·
143 3385 215 3453 hino
245 3401 357 3456 autem
379 3392 525 3457 detracto
553 3386 621 3454 iota'
650 3384 876 3476 ροβεςστράτη
906 3388 998 3454 nasci
1019 3391 1138 3477 potuit,

104 3608 140 3672 111
150 3606 203 3664 Hic
213 3609 404 3680 proficiscitur
421 3607 564 3664 enominc
577 3608 680 3680 ἴστωρ,
698 3607 777 3676 quod
788 3605 890 3661 Nonno
906 3607 1083 3666 reddendum
1099 3609 1140 3664 vi-

58 3686 195 3749 deturXXI.
207 3697 272 3750 251.
285 3688 467 3767 φντοσπόρον
480 3692 573 3765 ἔπορ’
587 3688 714 3766 ἀρότρων
726 3707 777 3763 pro
789 3688 884 3762 ἑσμόν.
905 3691 1025 3764 Proprie
1037 3693 1077 3750 sic
1089 3713 1140 3751 vo·

57 3780 113 3829 tttur
125 3777 241 3848 paxillus
259 3780 380 3834 temonis
397 3782 449 3834 sed
465 3778 592 3833 similiter
610 3770 753 3838 ndooutoe
768 3777 938 3832 transfertur
952 3780 990 3832 sd
1010 3781 1137 3850 eorporis

56 3865 324 3930 putemobscoenam,
342 3882 426 3936 quum
441 3863 560 3920 Nonnus
571 3861 678 3917 XVIII.
690 3865 750 3918 228.
770 3857 873 3934 στάχυν
892 3859 996 3938 ἔρσενα
1013 3861 1140 3940 ἀρότρων

56 3945 159 4013 puellm

103 4033 143 4100 21)
153 4033 330 4088 Hermunnus
348 4034 457 4104 recepit
469 4035 546 4107 quod
562 4031 591 4087 in
603 4034 687 4089 codd
705 4032 838 4106 scriptum
856 4041 899 4089 est
915 4031 986 4106 παρ’
1007 4032 1139 4089 εὐανθέστ

57 4112 133 4171 tuisse
141 4117 361 4192 prscpositionc.
383 4118 491 4174 Poetae
503 4125 643 4190 promtum
660 4125 722 4174 ent
733 4124 904 4193 ρερετινθέσι
915 4121 1022 4189 fingere
1036 4125 1067 4172 ut
1084 4132 1138 4192 ρε-

55 4198 153 4272 tttvyds,
164 4205 209 4260 rol
219 4208 395 4279 τερτντνθίσν
409 4211 441 4260 ut
452 4221 539 4276 saepe
551 4203 670 4275 legimus
682 4205 772 4280 τέρεν’
788 4201 886 4262 ἄνθεα.

90 4287 208 4341 Lubeek.
221 4293 313 4333 vernet.
889 4289 929 4356 19
