2825 4809
263 343 340 416 χοι)
560 331 882 400 nrssnnmrro
906 334 952 399 u.
996 335 1037 398 r.
1061 333 1086 400 1.

265 522 310 587 ad
329 519 478 585 ultimum
507 516 616 582 demto
645 516 750 604 sigma
773 518 872 586 altero
906 511 1111 608 φοβεστριίτη
1139 527 1174 583 ut
1200 519 1345 604 ὄνσεομεῖι
1380 507 1381 590 .

264 634 299 690 et
319 619 511 703 similia²¹).

349 726 375 807 d.
395 723 428 786 4.
471 720 695 786 Numeralium
723 744 840 799 unum,
872 720 963 806 quod
996 720 1031 786 in
1056 719 1123 786 iota
1149 721 1226 798 exit,
1247 720 1345 808 duplici
1380 711 1381 776 l

264 825 365 891 modo
388 822 594 909 componitur
622 819 841 908 εἶκοσίεδρος,
871 818 1054 910 είκοσιέιης
1082 832 1115 887 et
1143 815 1346 908 εἰκοσόρχυιος,

143 925 146 929 ’
265 921 444 1012 εἰκοσέπης.
487 924 615 989 Eadem
636 923 671 986 in
688 921 872 988 diversitate
896 931 971 988 sunt
985 921 1253 1009 praepositiones:
1274 920 1347 988 έπιι-

265 1020 324 1112 πής
346 1023 513 1102 ἐπέτειος,
542 1018 753 1112 ἆμιχιιελίοσω
779 1017 975 1112 ἀμφελίσσω
1004 1034 1064 1089 etc.
1088 1024 1148 1088 sed
1169 1045 1231 1088 una
1249 1032 1348 1088 tantum

266 1147 433 1211 syncopae
459 1124 520 1202 vel,
542 1136 579 1190 ut
600 1124 653 1190 alii
675 1135 802 1202 vocant,
826 1145 998 1212 apocopae
1015 1125 1137 1190 affinis:
1161 1116 1347 1200 πάθσςᾶσο-

265 1230 375 1314 κοπῆς
397 1224 455 1292 ἐπὶ
478 1232 539 1313 τῆς
559 1225 654 1314 περί·
686 1223 861 1312 Πίνδαρος
880 1223 942 1311 χάρ
964 1223 1111 1311 πέρσόσν
1139 1219 1201 1311 ἔφη
1224 1216 1288 1290 ἀντὶ
1304 1227 1348 1289 τοῦ

265 1326 427 1414 περίοδον
445 1325 504 1392 καί
526 1326 683 1412 περιέναι
699 1321 982 1412 πετρασυλλάβως,
1005 1325 1134 1394 Anecd.
1152 1323 1255 1390 Oxou.
1267 1322 1346 1388 Tul.

265 1430 339 1496 309.
381 1428 507 1493 Dorica
527 1427 682 1514 πέροδος,
704 1425 880 1512 πέραππσν
903 1436 962 1492 etc.
989 1425 1274 1512 praetermittimus,
1291 1426 1348 1490 iten

266 1553 351 1616 quae
372 1529 560 1614 Hesychius
582 1529 676 1595 affert
694 1528 792 1593 tacito
822 1537 953 1592 auctore
975 1522 1154 1612 Περώσιον
1174 1525 1263 1614 μέχρι.
1294 1531 1347 1590 Πε-

265 1627 386 1718 ρόσχεα
418 1630 460 1696 τὰ
495 1625 577 1718 ῥάκη
612 1640 672 1694 eto.
685 1629 738 1714 ²²)
792 1638 824 1696 et
856 1651 960 1714 aeque
998 1628 1150 1714 ignotum
1184 1621 1348 1713 Ἀπέροπος

265 1726 386 1817 τραχύς
407 1722 479 1796 οἷον
501 1724 710 1816 ἀπερίοπτος
733 1730 857 1814 Phryn.
879 1733 971 1817 App.
1002 1754 1035 1816 p.
1057 1731 1086 1794 8.
1140 1729 1188 1796 lta
1209 1751 1291 1792 unum
1305 1748 1344 1790 re-

265 1832 422 1917 linquitur
442 1831 531 1896 verbi
557 1836 726 1914 περιεῖναι
749 1831 957 1918 participium
983 1831 1018 1896 in
1042 1829 1250 1896 Comicorum
1271 1826 1347 1892 uersi·

265 1934 329 2000 bus
350 1943 383 1998 et
404 1934 439 1997 in
459 1931 558 1999 Babr.
580 1931 662 1997 Fah.
686 1931 846 2001 CXXVI.
871 1933 901 1998 6.
926 1932 1132 2018 Thucydidis
1155 1954 1231 1997 vero
1255 1939 1282 1994 et
1296 1929 1348 1994 De-

265 2035 445 2104 mosthenis
467 2035 576 2111 locos,
604 2056 687 2118 quos
708 2035 895 2100 Meinekius
918 2035 1056 2122 apponit
1084 2035 1128 2100 ad
1153 2033 1293 2098 Phereor.
1309 2029 1349 2092 Fr.

264 2137 381 2205 XXV.
413 2137 487 2202 348.
520 2136 661 2200 incertos
693 2137 803 2202 reddit
835 2136 1030 2222 ambiguitas
1064 2136 1251 2222 scripturae.
1288 2131 1349 2194 Pro-

266 2240 375 2326 prium
389 2233 543 2324 Ἀμφίων
565 2236 752 2303 credibilius
776 2250 826 2304 est
847 2238 987 2324 simplex
1011 2259 1083 2304 esse
1103 2233 1351 2326 apraepositione

268 2341 447 2406 derivatum
469 2360 543 2402 cum
565 2361 734 2424 paragoge
755 2338 917 2426 bisyllaba
938 2350 975 2404 ut
994 2335 1159 2426 Ὑπερίων
1181 2359 1274 2424 quam
1292 2354 1351 2420 quo·

265 2442 366 2508 modo
394 2439 647 2506 Choeroboscus
680 2441 793 2505 statuit
826 2441 921 2508 Orth.
953 2442 1025 2508 168.
1058 2440 1146 2506 rocol
1176 2443 1287 2526 κρᾶσιν
1307 2438 1353 2500 σῶν

270 2539 331 2611 δύο
355 2532 390 2610 ᾗ
417 2538 466 2620 εἰς
490 2537 525 2606 έν
545 2539 676 2629 μακρόν
684 2590 693 2622 ,
728 2566 794 2628 qua
817 2543 942 2609 ratione
971 2543 1059 2610 idem
1088 2542 1124 2606 in
1144 2541 1226 2608 ΕΜ.
1248 2538 1299 2613 92,
1318 2535 1352 2598 10.

265 2645 400 2712 verbum
430 2639 570 2725 περίαχε
608 2665 628 2706 a
656 2667 802 2732 syncope
831 2644 945 2710 avertit
975 2645 1185 2710 distinctione
1211 2629 1355 2706 subtiliat

265 2743 453 2832 προθέσεις
474 2736 510 2806 oi
534 2738 711 2825 δεχόμεναι
741 2747 797 2812 σὸν
826 2742 922 2832 λόγον
950 2751 1010 2832 τῆς
1039 2741 1235 2833 ἐνθλίψεως
1262 2735 1295 2807 oi
1315 2733 1353 2802 di·

195 2840 198 2849 ’
263 2871 378 2930 χονσσιι
389 2843 447 2911 τὸν
458 2839 557 2928 λόχον
572 2849 631 2930 τῆς
648 2845 800 2933 κράσεως
816 2839 887 2916 οἷον
907 2839 1112 2932 ἆνσέρχσμαι
1129 2839 1314 2930 ἀνέρχομαι·
1331 2831 1355 2903 ol

266 2946 304 3014 δέ
316 2941 489 3029 δεχόμεναι
501 2941 668 3031 τὸνλόγον
683 2951 743 3034 τῆς
758 2946 907 3035 κράσεως
918 2941 957 3014 ori
974 2947 1124 3028 δέχονται
1141 2942 1300 3029 τὸνλόγον
1315 2941 1355 3024 τῆς

267 3043 461 3129 ἑκθλίψεως
478 3035 550 3112 οἷον
565 3046 712 3134 προέστη
729 3046 859 3136 πρέσση
871 3037 1049 3134 (προῦστη)
1061 3040 1219 3128 περιέσχε
1234 3039 1355 3126 περίαχε,

267 3148 357 3232 quod
367 3149 583 3213 Buttmannus
598 3169 730 3231 quoque
754 3146 897 3213 Gramm.
917 3151 942 3232 ξ.
956 3147 1028 3212 120.
1043 3146 1134 3212 Adn.
1148 3144 1202 3211 15.
1225 3142 1300 3210 crasi
1316 3138 1356 3203 tri-

266 3248 348 3327 buit,
369 3250 578 3312 Hermannus
599 3271 676 3313 vero
699 3259 732 3314 et
757 3249 822 3326 alii,
846 3249 923 3333 quia
945 3248 1035 3336 apud
1046 3247 1235 3312 Hesiodum
1255 3244 1356 3329 legitur,

267 3348 392 3415 aeolice
406 3349 573 3414 concisum
589 3361 706 3435 putant
721 3350 761 3416 cf.
772 3350 941 3416 Muetzell.
955 3351 996 3416 de
1008 3349 1137 3434 Theog.
1152 3349 1226 3414 170.
1257 3345 1358 3412 Eadem

266 3505 594 3517 -ι--ιῄ

337 3588 386 3654 21)
397 3590 561 3655 Λυσθείιίης
576 3605 629 3658 pro
647 3589 820 3656 Λυσιθείδης
836 3587 970 3660 scriptum
990 3587 1112 3641 librariis
1131 3585 1221 3642 tribui
1237 3585 1265 3640 in
1281 3579 1358 3637 Parall.

265 3692 296 3745 p.
310 3676 336 3727 5.
349 3673 386 3728 ef.
400 3672 473 3726 Keil
486 3671 556 3742 Syll.
569 3673 656 3727 Inscr.
670 3673 771 3727 Boeot.
787 3692 815 3744 p.
829 3676 871 3727 47.

335 3759 383 3826 22)
397 3757 499 3828 Aptius
510 3766 580 3829 puto
594 3764 724 3829 περίσχιιι
741 3757 771 3811 id
791 3765 833 3812 est
849 3754 1000 3830 περιμὴριιι
1019 3757 1160 3812 feminalia
1179 3773 1254 3828 quae
1268 3747 1359 3826 proprie

266 3842 336 3921 ριίιιη
349 3841 476 3898 braccae
493 3843 681 3897 nominantur.
708 3843 858 3898 consimile
871 3862 974 3898 nomen
986 3843 1143 3914 Hesychius
1159 3845 1262 3897 afferre
1271 3839 1360 3892 videtur

266 3929 296 3985 in
309 3931 373 3985 loco
386 3947 470 4001 quem
482 3929 640 3983 Meinekius
653 3937 755 3984 tractat
768 3930 844 3984 Com.
864 3931 910 3984 Fr.
923 3929 957 3984 T.
971 3929 1020 3984 IV.
1039 3931 1099 3983 7⁰2.
1116 3924 1360 4002 neglegatur--

266 4023 377 4088 ψίιιθον
399 4017 431 4069 ἓν
448 4004 470 4084 ᾧ
489 4019 656 4087 περιειλοῦσι
673 4014 721 4076 τὰς
737 4012 863 4084 ἰσχάδος.
891 4015 945 4068 Pro
965 4011 1162 4087 παρεσκῆνιοσε
1184 4011 1359 4068 Aesopum·

266 4106 326 4157 624.
336 4101 485 4156 scholiasta
491 4098 678 4172 περεσκήνησι
691 4100 760 4170 legit
771 4101 892 4171 ideoque
906 4100 1003 4172 diplen
1015 4099 1160 4156 adnotavit
1170 4098 1243 4172 πρὸς
1254 4095 1298 4165 τὴν
1308 4090 1359 4146 σοι’

266 4186 386 4259 αλσιφὴν
404 4191 449 4256 τῆς
469 4191 593 4257 neptuni
604 4185 654 4254 τὴν
665 4190 799 4256 συζυγίαν
811 4191 859 4242 τοῦ
872 4183 1000 4262 ῥήματος.
1033 4185 1191 4240 Patientius
1205 4186 1330 4239 ferremus
1345 4174 1362 4228 sl

267 4280 446 4341 augmentum
459 4271 539 4326 verbi
553 4271 685 4326 omissum
697 4269 824 4328 dixisset.
