2825 4809
269 343 345 420 ωε
415 436 421 442 ³
502 300 506 306 ’
591 292 614 446 J
631 330 954 406 orssnamrro
981 333 1025 405 ν.

263 520 450 602 Ἀνώνιολις
480 521 571 588 urbis
600 521 750 591 Creticae
777 523 895 611 Steph.
923 546 950 588 s.
977 516 1129 608 Ἀραδὴν.
1174 521 1333 592 Adverbiun

269 623 377 711 χαμαί
411 647 486 690 oum
519 624 704 692 verbalibus
739 626 787 692 sic
819 636 857 692 ut
887 627 965 713 τῆλε
998 621 1142 707 synthesi
1171 625 1334 712 conjungito

268 723 523 812 χαμαιεύρετος,
541 724 811 814 χαμαίσιρωιος,
829 750 904 792 cum
915 725 1096 813 participiis
1112 725 1207 792 levius
1219 728 1335 794 cohaeret

268 827 373 911 χαμαὶ
395 827 564 916 ἐρχόμενοι
585 822 782 917 ἅνθρωποι,
800 828 906 906 λωτὸς
924 827 1029 909 χαμαὶ
1048 821 1218 911 αὐξόμενος
1229 829 1336 896 Theou.

267 929 402 998 XVIH.
424 930 477 995 42.
508 951 646 1015 quorum
672 930 717 994 ad
744 929 988 996 similitudinem
1013 930 1223 995 revocandum
1243 932 1337 996 videtur

268 1029 560 1118 χαμαιφθιμένοιο
582 1029 729 1120 νιειήλου
750 1030 831 1100 Joh.
851 1031 935 1097 Gaz.
955 1031 1097 1098 Tabll.
1112 1033 1184 1098 291.
1209 1033 1281 1100 ·Sed
1296 1057 1337 1120 pro

268 1153 335 1196 uno
364 1129 451 1196 valet
478 1128 661 1215 ὑψιμέδων.
705 1132 948 1200 Aduerbiorum
976 1133 1200 1222 temporalium
1222 1134 1337 1220 frequen-

269 1233 429 1300 tissimum
458 1233 588 1320 attingit
614 1234 824 1301 Herodianus
850 1235 961 1324 Epim.
985 1235 1057 1300 184.
1084 1234 1126 1302 ιὰ
1155 1234 1241 1318 παρὰ
1258 1236 1288 1302 ol
1304 1230 1339 1304 ἀεί

268 1336 305 1403 ἐν
329 1335 484 1404 συνθέσει
511 1333 667 1422 γινόμενα
696 1329 754 1404 διὰ
780 1340 840 1425 τῆς
858 1325 901 1404 ᾗ
924 1333 1112 1424 γράφονται
1141 1329 1337 1418 descriptore,

269 1431 477 1524 ἀείμνηστος,
500 1432 640 1518 ἀείζωος
663 1447 724 1502 etc.
747 1448 780 1504 et
803 1438 921 1504 iisdem
942 1439 1009 1504 iere
1034 1437 1191 1524 exemplis
1211 1436 1301 1504 Schol.
1314 1439 1337 1505 S.

270 1537 381 1606 Germ.
412 1560 465 1624 ap.
488 1538 598 1623 Heyn.
628 1539 670 1602 ad
696 1540 736 1604 Il.
763 1540 1047 1638 T:V1.638.¹³)
1092 1540 1235 1604 Primum
1257 1539 1338 1604 horon

268 1649 439 1704 accentum
456 1647 560 1704 mutat
580 1661 655 1705 cum
671 1639 854 1719 intellectu3
872 1643 950 1706 nam'
966 1636 1022 1710 ἀεὶ
1041 1642 1212 1727 παρθένοι
1226 1654 1340 1706 rocanon

267 1740 425 1827 innuptae
447 1739 612 1825 quaelibet
632 1741 700 1808 sive
723 1743 804 1810 deae
827 1744 894 1810 sive
916 1743 1079 1822 mortales,
1102 1742 1164 1808 sed
1185 1744 1212 1808 si
1229 1743 1339 1811 Vestales

268 1865 329 1931 per
346 1843 605 1910 antonomasiam
625 1842 689 1911 hoc
708 1867 828 1912 nomen
847 1846 1026 1934 accipiunt,
1043 1847 1198 1916 convenit
1213 1847 1342 1929 conjuncte

163 1937 173 1950 “
266 1944 333 2010 dici
356 1939 576 2028 ἀεινιάρθενοι
597 1956 633 2012 ut
653 1947 824 2033 vulgatum
844 1949 945 2016 estin
963 1946 1065 2019 Dion.
1088 1947 1184 2014 Cass.
1194 1945 1342 2014 XXXVII.

267 2045 320 2112 45.
350 2044 440 2113 CVI.
464 2045 496 2111 5.
524 2047 584 2112 sed
615 2061 753 2116 accentu
781 2050 865 2117 male
895 2051 930 2116 in
951 2050 1133 2139 penultima
1160 2050 1273 2122 relicto.
1307 2048 1344 2114 Sic

269 2147 368 2214 etiam
389 2170 448 2214 rex
472 2170 637 2216 sacrorum
665 2174 686 2216 a
705 2151 870 2238 Dionysio
890 2155 984 2220 Antt.
1006 2154 1068 2222 IV.
1092 2153 1144 2220 74.
1174 2147 1345 2235 ἀειβαοιίείς
1383 2208 1384 2217 ,

268 2249 453 2338 appellatur
479 2251 614 2318 vocibus
648 2254 805 2321 connexis
833 2255 873 2320 id
900 2254 991 2341 quod
1024 2253 1168 2320 editores
1201 2251 1347 2318 interductu

268 2352 518 2438 significandum
535 2364 691 2441 putammt
710 2351 762 2424 ἀει
776 2393 815 2406 —-
826 2353 985 2441 βασιλεύς
999 2356 1050 2442 ¹⁴)
1073 2356 1135 2422 sed
1155 2364 1282 2420 accentu
1294 2361 1360 2440 pro‘

267 2465 341 2540 pter
362 2454 578 2521 characterem
600 2479 668 2522 non
691 2467 792 2524 moto.
834 2458 985 2524 Alterum
1007 2450 1207 2543 ἀείμνηστος
1225 2457 1257 2521 in
1274 2453 1347 2520 Anu.

267 2557 360 2643 App.
380 2580 412 2622 n.
424 2557 497 2622 290.
516 2558 753 2626 restituendum
767 2569 817 2625 est
831 2581 892 2646 pro
914 2555 969 2626 ἀεὶ
988 2558 1133 2647 μνησνὸν
1157 2556 1237 2641 ἔχων
1254 2553 1348 2625 πόθον·

267 2680 344 2724 nam
375 2659 514 2746 simplex
545 2658 690 2748 μνησιός
720 2660 819 2726 alium
849 2659 1049 2727 intellectum
1081 2659 1185 2726 habet
1216 2671 1247 2726 et
1274 2669 1351 2724 cetera

269 2781 401 2846 quoque
432 2760 574 2828 verbalia
602 2762 767 2828 sociantur
794 2761 966 2840 adverbio,
999 2756 1171 2846 ἀείροιος,
1203 2756 1353 2846 ἀεικίνητος

269 2872 331 2928 etc.
380 2862 528 2928 Tertium
560 2858 700 2945 ἀείζωος
734 2865 908 2950 quominus
943 2864 1115 2931 divellatur
1152 2862 1261 2930 obstat
1289 2883 1352 2926 oom-

267 2964 407 3033 munitas
429 2965 599 3051 utriusque
619 2966 749 3052 generis
772 2962 791 3034 ὁ
812 2977 846 3032 et
868 2964 887 3056 ἦ
910 2961 1051 3048 ἀείζωος
1072 2977 1105 3033 et
1125 2967 1221 3052 quod
1241 2964 1280 3030 ad
1296 2985 1354 3028 nou·

268 3077 353 3134 trum
375 3062 515 3150 ἀείζωον
537 3068 666 3147 attinet,
687 3068 883 3155 significatio
906 3068 1100 3134 substantivi
1107 3092 1118 3145 ;
1139 3068 1178 3133 id
1201 3067 1281 3134 enim
1297 3086 1353 3152 pro·

267 3168 375 3254 prium
397 3163 459 3233 fuit
485 3167 608 3236 herbae
634 3193 771 3249 nomen,
801 3194 899 3257 quam
919 3170 1106 3256 Aeschylus
1131 3165 1272 3251 ἀείζωον
1291 3162 1354 3231 nto
1383 3202 1384 3215 ε

266 3280 372 3335 vocat.
417 3271 485 3338 Sed
511 3293 611 3359 saepe
632 3295 684 3338 res
713 3273 760 3338 ita
786 3283 973 3361 comparata
994 3283 1044 3338 est
1070 3282 1108 3336 nt
1134 3293 1199 3358 pro
1229 3270 1353 3353 cujusque

269 3394 367 3440 sensu
388 3371 516 3438 vincula
537 3375 755 3461 appositionis
778 3384 811 3440 et
833 3375 993 3461 adstringi
1019 3384 1050 3440 et
1076 3373 1221 3440 relaxari
1246 3369 1354 3460 possint

267 3475 308 3539 In
322 3473 470 3562 Euphor.
487 3475 543 3541 Fr.
554 3476 683 3545 LXIV.
701 3480 832 3555 νιιῶκες
853 3471 1095 3563 ἀειχλωροῖσιν
1107 3465 1263 3543 ἱάιίεσκον
1279 3471 1353 3558 uolo·

1111 3620 1114 3625 -
1383 3590 1384 3635 l

340 3707 386 3774 13)
401 3704 579 3778 Ἀειγενέιης,
600 3707 677 3780 qnod
693 3703 740 3762 hic
757 3703 928 3780 interponit,
947 3723 1004 3763 uon
1024 3701 1214 3779 compositum
1231 3710 1271 3761 est
1289 3699 1354 3757 sedo

270 3789 425 3864 composito
442 3789 568 3864 ἀειγενῆς
586 3795 742 3850 derivatum
764 3802 796 3849 ut
814 3793 969 3866 εὖγενίιης,
989 3793 1134 3866 adportans
1156 3813 1186 3847 v.
1205 3792 1301 3848 Parall.
1312 3787 1353 3842 ot.

268 3886 297 3934 ot
314 3879 374 3934 stt.

337 3967 383 4035 14)
401 3964 481 4022 Hace
495 3973 563 4022 nota
577 3963 709 4023 convenit
721 3963 844 4041 Appiam
860 3963 919 4024 civ.
930 3964 953 4022 1.
968 3969 1009 4022 98.
1026 3963 1074 4022 τὸν
1089 3959 1267 4038 καλούμενον
1278 3952 1355 4035 μεταξὺ

267 4055 381 4121 βασιλέα
404 4051 433 4107 id
452 4061 495 4108 est
518 4052 702 4126 interregem,
715 4054 764 4125 qui
776 4050 845 4110 alibi
858 4045 1057 4128 μεσοβασιλειίς
1071 4050 1201 4109 vocatur.
1238 4052 1300 4106 Cum
1315 4043 1354 4098 ίει-

267 4135 395 4209 βασιλεύς
412 4137 535 4195 oont'erri
553 4147 645 4212 potest
665 4157 770 4195 nomen
788 4137 920 4195 factionis
936 4138 1065 4196 Milesiae
1083 4139 1230 4196 ἀειναῦται
1248 4145 1276 4193 st
1290 4132 1356 4189 avium

268 4222 608 4286 trecentensimus
627 4227 701 4280 Anu.
720 4227 772 4281 IX.
791 4229 835 4281 28.
856 4230 934 4298 qnod
955 4227 984 4282 in
1002 4229 1112 4285 dnobus
1131 4227 1224 4305 codd.¹
1238 4221 1354 4280 difinitur,

267 4311 298 4371 in
314 4311 454 4370 Athenaei
472 4313 536 4368 loco
552 4321 804 4390 proparoxytonon
821 4321 873 4369 est.
