2825 4809
113 339 163 448 un
178 372 292 441 runs
314 368 553 440 sruoorn
574 366 853 438 ouuuumus.
876 366 915 435 c.
927 367 975 432 11.
989 371 1014 454 ς.
1027 368 1057 433 ι.
1080 367 1155 443 aar
1189 363 1196 372 ’

83 589 126 632 κοι
119 560 243 646 ἕτερον
269 552 406 644 γράμμα
433 552 615 645 σύμφωνον
641 581 662 642 η
694 579 755 622 νισι
780 551 893 621 τελεία
923 549 1071 641 συλλαβὴ
1098 549 1157 618 νοιλ

81 659 188 785 ρρύμμσ
209 653 397 778 σύμφωνον,
424 654 483 723 καὶ
510 660 608 724 τοῦτο
637 656 789 780 σργνιοσὴ
814 657 959 741 λέγεται
991 655 1092 720 τοῦτο
1117 650 1156 718 ts*

81 762 179 850 γίνεται
198 761 292 828 ἐν
246 785 292 846 σῳ
315 751 484 846 sarstog’
464 755 539 824 αντὶ
560 761 619 825 τοῦ
643 753 824 844 ούρέοντος,
847 745 927 823 ἐν
901 782 929 843 ῳ
949 754 1009 822 καὶ
1028 777 1156 843 νιοιρον·

79 861 147 950 θήκη
165 865 217 928 σοῦ
237 885 250 925 ι
271 857 394 946 μέμονε,
418 883 476 926 ναι
468 856 532 925 ἐν
554 883 601 946 σιμ
587 851 802 982 'Sepone'
782 854 856 926 αντὶ
872 881 934 923 τοο
919 853 1155 943 θεράποντα,

79 960 144 1030 ἔνθα
159 959 250 1046 μέρος
271 960 439 1048 συλλαβῆς
461 952 619 1050 ἀφῃρέθη
648 959 689 1026 τὸ
716 985 755 1025 ον
777 959 949 1055 (οιλιλο-
899 957 959 1024 καὶ
979 952 1158 1045 σύμφωνον

77 1089 105 1130 ω
98 1062 155 1140 ι).
186 1053 246 1128 Ην
264 1060 328 1148 γὰρ
350 1065 448 1128 πᾶσα
469 1056 490 1148 ἡ
512 1048 747 1148 σολλιιβὴ-
678 1085 746 1128 πον
774 1060 871 1126 sorih.
893 1083 950 1126 ονσ
971 1077 1159 1144 quanquam

79 1165 140 1230 haee
156 1186 218 1230 non
241 1161 365 1248 syllaba
388 1172 440 1228 est
466 1161 527 1228 sed
548 1183 625 1248 pars
653 1161 799 1247 syllabae
829 1171 863 1227 et
890 1183 1044 1227 consona
1088 1160 1159 1228 sed

77 1265 221 1332 [silitum
242 1273 322 1330 toto.
365 1263 453 1330 Nam
473 1263 636 1350 genitivus
668 1264 723 1330 ille
751 1289 772 1330 a
792 1274 883 1333 teoto
910 1257 1027 1353 εὐρεής
1055 1260 1158 1328 donli·

77 1377 149 1432 nohis
174 1365 358 1432 estParall.
384 1364 458 1432 235.
487 1365 689 1432 aecusativus
713 1389 734 1432 a
755 1367 878 1456 θέρσψ
900 1363 1025 1432 Teohn
1051 1364 1104 1430 65.
1126 1375 1160 1429 et

77 1471 130 1536 132.
167 1468 298 1555 Syllaba
327 1490 411 1554 quae
439 1465 558 1533 abillo
587 1479 722 1534 vocatur
746 1466 875 1548 τελεία,
910 1489 986 1533 oum
1015 1489 1160 1534 consona
1225 1527 1229 1535 .

77 1571 273 1656 subsequentis
306 1569 436 1636 sublata
456 1568 614 1634 videtur
605 1593 640 1636 1n
663 1570 796 1636 nomino
815 1567 960 1654 λαχμός,
995 1589 1062 1653 quo
1085 1573 1159 1636 An

77 1674 205 1740 tinaohus
228 1696 307 1740 usus
333 1682 383 1738 est
405 1693 466 1758 pro
481 1668 671 1756 λαντισμός,
694 1671 915 1760 inpartioipio
932 1670 1046 1752 λοὶξας,
1069 1674 1161 1759 quod

77 1775 350 1862 Sehol.Lyo.137.
372 1775 604 1859 interpretatur
623 1771 793 1853 λακτίσας,
815 1784 850 1840 et
869 1773 1029 1839 infinitivo
1039 1775 1160 1853 Λάξσι

76 1874 203 1944 λακτίσαι
230 1879 315 1944 Hes.
343 1877 402 1942 sed
430 1874 498 1940 veri
528 1874 664 1939 similius
696 1885 748 1941 est
776 1874 858 1941 haec
890 1875 932 1942 ab
959 1876 1035 1963 ipsa
1059 1877 1161 1964 stirpo

76 1978 192 2043 derivata
217 2002 290 2046 esse
319 1999 403 2062 quae
433 1986 572 2063 apparet
602 1975 637 2041 in
661 1971 803 2065 λύγδην,
837 1973 913 2056 λάξ,
940 1979 1161 2066 λακπσσήσος

76 2079 168 2145 Parall.
195 2080 246 2146 97.
290 2080 346 2146 Ex
378 2099 418 2144 oo
448 2077 539 2162 quod
568 2077 715 2144 Galenus
741 2078 821 2143 dioit
846 2078 888 2143 de
913 2079 1040 2145 Facult
1067 2081 1160 2148 Med.

77 2180 164 2270 simpl.
185 2184 263 2249 VH.
284 2183 339 2248 43.
362 2203 395 2266 p.
418 2178 471 2245 36.
483 2177 524 2242 Τ.
546 2179 630 2244 XII.
653 2174 686 2246 oi
699 2179 843 2246 παλαιοὶ
857 2177 1012 2268 Ἕλληνες
1027 2180 1162 2265 ιιορίαν·

77 2285 148 2368 νονῑ)
173 2286 341 2360 καλοῦσιν,
365 2276 399 2349 οἱ
419 2277 576 2365 νεώτεροι
598 2278 636 2345 δὲ
656 2274 787 2367 κόριον,
807 2279 944 2345 forsitan
964 2281 1082 2368 aliquis
1105 2302 1162 2350 su·

75 2383 190 2469 spicetur
207 2385 272 2450 hoe
297 2382 428 2448 brevius
450 2403 587 2459 nomen,
617 2403 683 2466 quo
700 2382 772 2465 jam
792 2381 960 2449 Nicander
980 2384 1094 2463 utitur,
1121 2407 1163 2451 ex

73 2485 113 2550 illo
143 2495 388 2572 coangustatum
421 2505 494 2550 esse
523 2483 629 2548 recisa
661 2483 788 2569 syllaba
808 2472 862 2551 οὗ
897 2501 931 2550 et
960 2475 1162 2556 oonsona‘r'.

72 2585 179 2652 Literae
196 2576 256 2675 ff
277 2585 418 2653 omissae
441 2596 517 2652 sunt
536 2585 570 2650 in
589 2584 800 2670 σορέμβολος
818 2586 855 2651 id
877 2597 928 2651 est
942 2589 1163 2676 συριγμέμβο·

72 2688 122 2768 λος,
143 2691 197 2756 sed
218 2690 284 2756 hoo
308 2687 500 2756 Eustathius
516 2687 595 2774 ipse
616 2686 729 2753 idiotis
750 2687 897 2773 assignat
920 2687 994 2767 664,
1014 2691 1067 2757 42.
1095 2692 1165 2758 Cur

71 2787 240 2880 Xenophon
263 2793 402 2877 ejusque
423 2789 566 2855 imitator
575 2789 736 2858 Arrianus
747 2789 947 2877 Amphionis
968 2793 1163 2880 sepulerum,
1257 2846 1260 2850 -

71 2893 142 2974 quod
161 2888 379 2982 Ἀμφιονεῖον
403 2891 578 2957 dicendum
604 2902 688 2970 erat,
719 2887 882 2981 Ἀμφεῖον
908 2896 1072 2960 vocaverit
1096 2921 1165 2966 non

71 2999 120 3057 tun
138 3016 305 3082 syncopae
327 2993 555 3081 imputandum
576 3003 627 3058 est
655 3013 754 3078 quam
780 2993 958 3059 reversioni
979 2996 1023 3060 ad
1043 2999 1165 3084 prinei.

71 3093 142 3178 pium
170 3089 274 3185 ἀμφί,
308 3096 398 3161 undo
420 3087 560 3183 Ἄμφις,
584 3089 732 3182 Ἄμφιος
761 3103 795 3158 et
816 3087 965 3181 Ἀμφίας
995 3113 1166 3170 manarunt

71 3198 203 3280 prosodia
226 3197 371 3276 diversa,
395 3197 571 3284 ipsumque
593 3187 748 3281 Ἀμφίων
777 3216 819 3259 ox
841 3192 1066 3267 Choerobosoi
1089 3227 1165 3270 seu

71 3298 152 3362 tentia
173 3298 271 3366 Orth.
296 3299 368 3365 168.
389 3321 463 3364 eum
484 3290 843 3384 λοωοοὶοσᾎμφιιῖον,
866 3298 958 3381 quod
978 3296 1166 3394 ἱσΛμφρῐ

71 3419 99 3461 ον
116 3400 206 3464 eessit
227 3409 267 3465 ut
287 3424 443 3485 ταμιειον
465 3401 500 3466 in
521 3425 577 3482 ιαμ
579 3403 669 3490 ιεῖον.
703 3397 799 3480 Quae
821 3411 1002 3484 sequuntur
1017 3409 1167 3495 exempla
1199 3413 1203 3421 ’

71 3494 144 3564 hoe
136 3513 216 3568 mter
239 3525 276 3568 se
301 3525 472 3568 commuue
493 3500 615 3566 habent
636 3499 727 3585 quod
738 3521 884 3566 consona
898 3503 1168 3590 etoiroumjeotas

71 3600 200 3688 utrinque
230 3603 364 3672 vocales
393 3603 559 3668 effluxisse
586 3602 747 3667 dicuntur.
788 3602 937 3668 Primum
956 3631 1015 3672 οικι
1037 3609 1167 3696 dequo

73 3698 162 3768 Sehol.
191 3707 297 3772 Dion.
320 3705 465 3772 Gramm.
487 3705 567 3782 942,
589 3704 641 3769 20.
664 3729 702 3768 το
731 3702 786 3782 δίς
809 3704 867 3770 καὶ
895 3706 967 3791 τρίς
994 3711 1167 3781 πέπονθα·

70 3799 97 3866 ni
116 3806 172 3892 γὰρ
196 3801 317 3884 ὁσάκις
338 3804 398 3872 καὶ
417 3801 550 3892 τριύκις
569 3799 652 3891 παρ’
669 3799 916 3894 Ἀριστοφάνει.
948 3807 1043 3875 Haeo
1059 3823 1169 3880 sutem

73 3909 211 3972 sententia
233 3931 255 3974 a
278 3906 458 3994 Tryphone
491 3907 711 3993 proseminata
739 3916 806 3985 est,
834 3928 932 3992 quem
963 3909 1168 3996 subsequens

70 4003 250 4090 Apollonius
275 4011 316 4076 de
337 4009 425 4075 Adv.
447 4007 528 4085 556,
550 4009 602 4074 34.
623 4007 668 4072 ita
690 4008 850 4095 disputat:
877 4007 1031 4076 adverbia
1051 4037 1168 4082 mono·

71 4157 387 4178 ψ

124 4247 151 4314 2)
165 4248 308 4322 Scriptum
320 4255 363 4302 est
374 4251 516 4318 νορίιινον,
530 4247 608 4322 φυσᾷ
621 4243 643 4300 si
655 4243 817 4311 retinemus,
829 4246 990 4319 exemplum
996 4249 1053 4306 hoo
1063 4251 1101 4305 ud
1109 4250 1170 4307 (hi.

69 4329 182 4396 pertinet.

895 4418 959 4485 25*
