2825 4809
149 290 472 365 uu-raosruusr
485 289 549 356 us
562 287 827 360 APHAERESI.
844 291 1063 377 cumas.
1089 298 1161 372 tte

85 480 165 547 verbu
183 477 375 544 circumflexo
398 475 481 541 διδῶ
509 473 704 540 declinatum
727 473 822 552 dicit,
852 495 936 560 quae
958 476 1042 542 ratic
1063 477 1162 544 etiam

84 583 117 647 ad
133 576 261 667 νιχρήσω
286 574 449 640 transferri
475 585 603 660 potest,
633 577 694 642 sed
721 575 899 641 infirmatur
924 599 964 643 eo
986 578 1077 664 quod
1098 579 1162 646 alia

84 679 274 746 cucumflcxae
293 675 531 761 conjugationis
549 673 649 742 verba
669 673 762 752 ίσσιό,
784 681 882 754 τιθῶ,
905 680 1056 758 πιμπλῶ,
1078 705 1162 760 πιμ-

84 784 152 866 uui,
176 781 271 861 τιιρῶ
301 776 547 862 diplasiasmum
575 799 650 842 cum
676 776 785 841 usuro
815 797 883 842 non
912 777 1159 846 communicant.

82 878 239 944 Praesentia
266 899 461 962 syracusana
489 878 574 942 ultra
600 876 826 962 imperfectum
850 900 918 944 non
942 878 1160 958 declinantur;

82 1003 136 1044 uam
154 999 228 1064 quae
248 978 440 1064 Etymologi
464 977 579 1043 futuris
607 973 748 1064 ἑστήξω,
770 975 920 1064 ιιθνήξω
942 990 1159 1066 praestruunt,

81 1083 135 1146 ficta
151 1102 215 1145 esse
234 1089 371 1145 constat
606 1107 613 1118 =

140 1200 161 1282 ξ.
180 1197 208 1262 3.
251 1197 401 1261 Tertium
424 1193 625 1281 diplasiasmi
646 1193 853 1279 genusillud
874 1193 979 1258 estin
1004 1217 1070 1280 quo
1091 1218 1159 1262 non

81 1296 177 1383 epsilon
204 1297 254 1361 vel
285 1296 356 1372 iota
386 1295 484 1360 breve
516 1294 670 1360 inseritur
701 1295 900 1360 extrinsecus
933 1296 1070 1362 ascitum
1099 1297 1159 1362 sed

79 1398 168 1462 voculis
187 1420 225 1462 ex
244 1398 347 1484 stirpe
366 1395 457 1461 verbi
477 1405 584 1460 sumta
605 1395 780 1460 accedente
801 1416 947 1461 consona
961 1396 1087 1481 liquida
1106 1397 1159 1464 vel

79 1519 120 1584 pu
133 1521 166 1563 ea
180 1499 255 1564 iota.
299 1497 501 1582 Hujusmodi
523 1495 585 1560 tria
605 1505 774 1560 enumerat
785 1496 894 1583 Epim.
906 1496 934 1560 1.
950 1497 1021 1562 117.
1038 1493 1157 1564 δάπτω

79 1594 234 1684 ίσρίάπσω,
255 1598 364 1682 βαίνω
381 1596 530 1679 βαβαίνω
543 1595 768 1680 (βαμβαίνω),
790 1594 892 1662 ναίνω
916 1595 1071 1675 ααναίνω,
1094 1618 1156 1682 pro

78 1719 123 1781 quo
140 1698 183 1762 vel
202 1700 314 1787 φαίνω
335 1695 523 1784 παμφαίνω
548 1696 601 1761 vel
621 1694 731 1782 καίρω
752 1693 925 1778 καρκαίρω
948 1695 1156 1764 scribendum

77 1795 155 1884 estu}
175 1799 311 1887 πέμπτη
335 1794 471 1880 συζυγία
495 1800 561 1862 τῶν
581 1792 772 1880 βαρυτόνων
793 1793 853 1880 τήν
874 1795 1010 1880 πριίιην
1034 1799 1156 1864 συλλα-

75 1899 120 1983 βήν
135 1897 341 1980 διπλασιάζει
360 1897 419 1963 καί
441 1893 532 1983 λήγει
555 1892 604 1974 είς
627 1891 844 1979 ἀμετάβολον,
865 1894 1048 1978 καρκαίρω,
1069 1921 1156 1980 μαρ-

75 1996 165 2084 μαίρω,
183 1995 373 2087 παμφαίνω
394 1997 474 2062 ΕΜ.
495 1997 574 2074 232,
597 1997 630 2060 4.
674 1994 804 2059 Horum
825 1993 966 2081 primum
988 1983 1158 2080 literam-p·

76 2097 135 2161 ioris
150 2110 310 2185 acceptam
331 2097 446 2176 habet,
473 2098 565 2182 quod
590 2096 671 2160 nulli
692 2094 784 2160 alteri
807 2094 927 2160 accidit
934 2119 943 2169 ;
971 2095 1031 2159 sed
1057 2117 1157 2161 causa

76 2209 153 2282 μίας
169 2223 239 2265 uam
260 2197 454 2266 δαπδάπιω
476 2198 542 2262 dici
561 2219 630 2263 non
649 2206 779 2282 poterat
801 2196 878 2281 quia
899 2195 1013 2261 literae
1028 2187 1087 2262 {a
1104 2197 1155 2262 in·

75 2298 209 2366 sociabiles
238 2310 328 2365 sunt.
379 2298 482 2367 Verbi
510 2298 620 2386 φαίνω
652 2320 831 2363 consonam
862 2297 975 2364 leviter
1000 2308 1155 2364 mutatam

72 2401 159 2466 retina
180 2400 386 2490 παμφαίνω,
412 2399 477 2465 nisi
499 2399 562 2464 hoc
589 2399 768 2463 derivatum
790 2407 840 2463 est
864 2420 884 2461 a
911 2398 1002 2486 φάω,
1032 2409 1069 2463 ut
1089 2424 1155 2466 πα-

71 2497 179 2581 σιαίνω,
203 2503 256 2567 cui
280 2501 395 2570 schol.
419 2501 459 2566 11.
482 2501 544 2567 IV.
565 2499 637 2565 200.
664 2500 774 2586 Epim.
797 2500 871 2577 337,
893 2501 945 2565 21.
974 2500 1155 2566 inauditum

70 2600 168 2668 πιαίνω
189 2603 370 2688 praetexit,
397 2625 418 2666 a
444 2601 619 2666 thematico
645 2601 743 2666 πτάω
772 2600 839 2665 sive
861 2600 967 2675 πτέω,
992 2602 1155 2684 cujusvis

67 2711 177 2786 apparet
200 2704 235 2768 in
258 2703 416 2768 derivatis
440 2699 581 2789 πτήσσω
604 2710 638 2765 et
663 2698 778 2766 πτοία.
821 2700 952 2784 Hisque
980 2699 1157 2766 concinunt

67 2800 157 2867 suba:
190 2800 393 2872 παπταίνων
419 2797 502 2884 μεθ’
533 2797 698 2888 ὁμήλικας
729 2802 811 2866 Hes.
843 2801 936 2888 Opp.
962 2801 1036 2866 443.
1068 2795 1153 2885 μεθ’

66 2896 200 2990 ὁμήλικας
220 2900 421 2991 ίπτοίηνται
441 2904 517 2968 447.
533 2912 567 2968 et
584 2902 697 2986 glossa
713 2896 1039 2968 Ἀποπαπιανὲοσσι
1059 2925 1157 2990 περι-

66 3003 202 3091 βλίψοσσι
222 3005 286 3071 καί
306 3000 559 3092 πισήθήσονιαι
581 3001 692 3069 Schcl.
714 3002 754 3066 11.
773 3001 872 3069 XIV.
896 3002 967 3065 101.
1002 3003 1036 3066 A
1057 2999 1155 3069 πιάω
1205 3055 1207 3060 ,

65 3123 140 3185 porro
159 3114 379 3192 propagatum
401 3114 451 3168 est
470 3105 656 3191 παπιαλᾷν
677 3100 802 3168 Techn.
822 3125 855 3187 p.
872 3101 902 3166 8.
924 3123 944 3164 a
963 3099 1042 3187 φάω
1063 3125 1157 3185 παμ-

65 3205 153 3290 φαλᾷν
170 3207 342 3271 intellectu
362 3204 497 3291 paulum
520 3203 648 3270 diverso
664 3205 717 3289 ¹³)
741 3226 771 3267 v.
795 3200 896 3267 Proll.
920 3201 971 3265 87.
1015 3197 1156 3284 Μαίρω,

65 3304 133 3384 quud
146 3305 360 3372 Grammatici
378 3315 507 3390 ponunt
520 3305 630 3392 Epim.
643 3305 671 3370 Ι.
683 3303 757 3370 386.
774 3303 961 3387 adjunctum
978 3301 1040 3366 sibi
1057 3300 1157 3366 habet

63 3424 158 3469 nomen
176 3411 291 3491 μαῖρα
307 3404 433 3470 Techn.
445 3405 519 3471 205.
535 3407 596 3472 sed
615 3405 725 3491 ipsum
741 3426 810 3469 ncn
825 3403 944 3490 legitur
966 3411 999 3468 et
1017 3402 1157 3467 fortasse

63 3501 201 3591 inprime
223 3516 300 3572 ortu
322 3507 557 3593 significantiae
580 3527 659 3594 ergo
681 3506 819 3571 turmam
839 3505 1030 3592 ampliorem
1051 3501 1158 3567 induit

62 3624 128 3686 quae
157 3606 313 3672 adhaeret
347 3606 498 3672 derivatis
532 3606 729 3695 μάρμαρος,
763 3601 1006 3693 μαρμαρύσσω.
1062 3604 1157 3670 Idem

62 3705 292 3773 existimandum
318 3716 368 3772 est
393 3709 435 3774 de
454 3704 647 3794 βαμβαίνω,
675 3706 766 3792 quod
787 3705 834 3770 illi
856 3705 1060 3772 subabsurde
1083 3727 1157 3772 cum

60 3803 144 3883 βαίνω
163 3808 357 3875 consociant
375 3831 406 3874 v.
430 3811 455 3895 ς.
469 3810 498 3874 7.
519 3818 553 3873 et
571 3806 755 3895 καρκαίρω.
800 3806 870 3874 Sed
891 3816 1014 3873 certum
1035 3805 1156 3872 utrius-

116 4042 158 4110 13)
170 4044 236 4100 Hoc
249 4054 294 4100 est
306 4063 359 4116 pro
376 4042 475 4100 oculos
490 4041 685 4109 chremem
700 4040 777 4096 oculi
795 4042 869 4096 euim
885 4041 1030 4097 aGraecis
1042 4057 1156 4112 quoque

58 4126 221 4193 appellantur
236 4126 295 4200 φάη
310 4130 424 4183 termina
441 4135 470 4183 et
486 4126 580 4197 αὐγαί,
597 4131 704 4197 γλῆναι,
719 4146 772 4182 nec
787 4128 872 4183 dubie
888 4125 1057 4183 conveniunt
1070 4126 1157 4180 verba

60 4204 157 4266 lucendi
175 4222 204 4268 et
219 4215 332 4270 videndi
348 4207 499 4287 ytuducur
517 4219 546 4267 et
562 4210 697 4268 λεύσσειν.
