2825 4809
241 290 314 362 168
605 279 928 352 DISSERTATIO
961 281 990 346 1.

238 470 459 537 additamenta
482 466 547 532 hoe
566 464 744 552 significari
764 475 846 554 pute
872 460 893 554 ἢ
917 463 1014 552 παρὰ
1034 461 1073 531 τό
1092 463 1151 550 γία
1170 466 1266 550 γέειος
1283 474 1328 538 καί

237 570 427 658 σοναιρίσει
467 573 557 652 γεῖος
593 566 651 634 καί
682 562 989 654 όναδιπλασιασμῷ
1018 565 1151 650 γίγειας.
1202 565 1327 636 Chaero-

237 671 358 738 boseus
389 667 486 736 Orth.
512 667 586 746 189,
613 668 666 733 31.
695 667 884 752 synaeresin
904 676 1030 742 tuetur3
1052 665 1329 753 anadiplasiasmum

236 772 331 838 addit
356 770 437 838 EM.
460 770 535 848 223,
562 770 614 835 33.
646 768 801 854 idemque
831 789 952 834 nomen
978 766 1060 833 illud
1090 762 1222 854 ἀρχαῖος
1247 769 1328 836 inter-

235 882 382 960 pretatur
403 870 565 959 appositis
588 869 780 938 Callimachi
799 868 908 935 verbis
929 864 1029 955 λόγος
1049 867 1174 953 γίγειος
1193 878 1224 932 et
1242 862 1328 937 όνόια

236 976 358 1059 γίγεια,
380 971 500 1059 quibus
521 971 746 1058 interpretatio
769 971 977 1038 confirmatur
1003 969 1064 1034 sed
1086 967 1273 1056 etymologia
1289 971 1327 1036 in·

234 1073 387 1150 tercedit3
410 1073 484 1160 quis
506 1072 594 1138 enim
615 1072 670 1138 hie
690 1069 804 1159 γήινος
824 1071 877 1136 vel
892 1071 1032 1154 χθόνιος
1052 1068 1156 1135 ierat?
1177 1070 1330 1152 Πέμσελοι

164 1227 168 1234 .
235 1185 269 1240 et
293 1173 523 1259 τριπέμπελοι
555 1196 650 1240 senes
680 1173 851 1261 capulares
880 1181 1039 1238 vocentur
1062 1170 1199 1236 fortasse
1223 1194 1242 1235 a
1264 1172 1330 1238 faeie

235 1275 342 1340 lurida
349 1300 358 1352 3
380 1296 458 1340 nam
479 1273 533 1340 hie
557 1275 648 1342 color
670 1272 795 1356 πολλός
817 1275 885 1341 sive
907 1266 1025 1352 πολιός
1042 1271 1160 1338 dieitur
1176 1271 1329 1338 strena
1382 1346 1383 1354 η

234 1378 308 1443 311.
352 1372 756 1456 ΙαᾶεΠελείοος-εοὺς
778 1373 935 1462 γέροντας
955 1371 1012 1440 καὶ
1033 1369 1254 1460 πρεσβύτιδας
1262 1375 1327 1439 Hes.
1382 1355 1383 1404 ³

233 1477 362 1555 πολλοῖς
389 1473 408 1544 ό
437 1474 543 1562 γε’ρων
571 1475 630 1543 ἐπὶ
651 1474 854 1562 σκώμματος
875 1474 1062 1556 Aread.⁸⁰)
1085 1483 1118 1537 et
1139 1474 1330 1560 compositum

234 1571 466 1658 ἑκατόμπιλος
498 1573 566 1640 sive
595 1572 861 1656 ἑκατοντόσελος
887 1575 1040 1642 Eumuth.
1069 1575 1190 1642 Ismen.
1219 1576 1329 1662 p.146.

234 1677 286 1742 ed.
314 1673 440 1743 Teueh.
471 1675 591 1760 quibus
615 1676 793 1745 Jacobsius
820 1677 856 1742 in
881 1676 971 1744 Add.
994 1677 1038 1742 ad
1060 1675 1198 1742 Anthol.
1218 1701 1249 1764 p.
1268 1677 1329 1742 XL.
1383 1697 1384 1726 ³

234 1776 377 1863 praefert
397 1776 495 1842 codd.
517 1778 711 1866 scripturam
736 1773 1081 1862 ἑκατονιααέμπελος.
1127 1775 1330 1844 Consonaein

232 1877 492 1966 reduplicatione
517 1879 700 1946 insinuatae
723 1878 909 1964 exemplum
935 1877 1033 1944 nobis
1059 1877 1102 1944 ob
1125 1879 1236 1946 oeulos
1256 1881 1332 1966 ponit

234 1979 347 2048 SchoL
374 1979 414 2046 Il.
442 1980 470 2045 I.
507 1980 578 2046 189.
610 1977 719 2067 μείρω
752 1978 878 2065 μερίζειν
909 1979 1101 2068 μερμερίζιο
1140 1980 1196 2048 καὶ
1221 1975 1331 2048 ἐκτάσει
1384 2045 1385 2058 ,

231 2079 427 2168 μερμηρίζω
454 2074 500 2160 ὥς
523 2079 642 2148 δάπτω
665 2077 868 2166 δαρδάπτει,
891 2078 974 2148 ὅθεν
1003 2081 1061 2148 καὶ
1088 2077 1261 2169 μερμήρας
1284 2080 1331 2158 τὰς
1384 2073 1385 2118 3

233 2180 417 2269 φροντίδας
439 2180 496 2248 καί
511 2176 677 2270 μερίμνας
692 2177 775 2248 ἔνιοι
791 2180 934 2267 λέγουσι,
957 2180 1076 2266 quibus
1094 2182 1242 2249 convenit
1257 2181 1331 2266 quod

231 2282 372 2347 Nonnus
400 2281 466 2346 XI.
496 2281 549 2347 97.
579 2281 620 2346 de
649 2282 789 2348 sollicito
820 2281 965 2367 quodam
999 2284 1078 2348 dicit
1110 2281 1231 2372 κραδίη
1255 2280 1331 2370 μερί·

235 2383 384 2467 Ceron).
427 2379 604 2466 Adjeetivo
627 2380 892 2469 Πεσαρεόσιμος
917 2376 1108 2473 εἷίφραστος
1135 2380 1247 2474 σαφής
1264 2385 1331 2448 Hes.
1385 2394 1386 2458 t

231 2482 331 2548 fidem
359 2483 438 2550 facit
460 2483 596 2548 verbum
629 2489 798 2570 πεπαρεῖν
822 2482 863 2547 ab
891 2482 1005 2568 ignota
1032 2487 1135 2573 stirpe
1163 2486 1287 2551 ductum
1308 2493 1333 2548 et

231 2607 301 2650 non
321 2585 396 2672 plus
422 2607 522 2670 quam
543 2584 645 2650 semel
664 2584 833 2649 inventum
854 2583 1014 2671 scriptura
1031 2586 1189 2652 variante.
1219 2586 1334 2662 Σέσελις

232 2686 301 2750 sive
326 2686 436 2754 σέσελι
457 2708 578 2752 nomen
599 2686 730 2773 plantae
753 2695 802 2752 est
821 2707 905 2771 quae
929 2685 1045 2750 eadem
1071 2687 1120 2766 sil,
1145 2687 1197 2752 sili
1218 2695 1249 2751 et
1271 2685 1334 2752 ονλ-

231 2782 410 2868 λικόπριον
430 2798 574 2852 voeatur.
623 2787 777 2864 Τέαανος,
799 2783 1008 2871 τετανόθριξ,
1031 2784 1217 2874 αανόθριξς
1230 2781 1336 2860 ταναός

225 2883 351 2971 junctis
378 2885 463 2952 inter
494 2909 530 2953 se
558 2886 679 2952 finibus
697 2885 842 2951 haerent.
886 2886 1061 2954 vocalium
1082 2887 1211 2953 tertiam
1234 2887 1267 2950 in
1285 2884 1336 2948 hae

232 2997 326 3076 parte
360 2987 595 3054 vocabulorum
626 3010 695 3054 non
729 2985 1021 3073 deprehendimus3
1053 3011 1130 3056 nem
1162 2987 1251 3075 ιη’θη
1282 2987 1336 3050 sive

230 3085 320 3176 αη9η’
343 3112 408 3154 vox
429 3091 588 3156 naturalis
611 3089 740 3154 videtur
763 3087 910 3153 similiter
934 3098 972 3152 ut
988 3085 1120 3176 μάμμη,
1143 3085 1238 3169 τόσοι,
1258 3082 1337 3165 drea,

229 3191 338 3267 τέττα,
360 3186 474 3270 duna,
496 3189 641 3259 πάππα.
667 3191 724 3256 De
745 3199 860 3274 quarta
882 3190 962 3254 haee
985 3188 1126 3254 dicenda
1146 3198 1240 3254 sunt:
1259 3186 1338 3272 γίγας

230 3288 325 3373 παρὰ
351 3290 388 3356 τὸ
416 3296 465 3374 γιῦ
494 3290 579 3358 κατὰ
606 3286 925 3376 ἆναδιπλασιασμόν
950 3290 1031 3356 ΕΜ.
1056 3291 1111 3356 alii
1134 3289 1339 3378 compositum

232 3398 350 3476 putant
370 3389 466 3475 παρὰ
487 3391 525 3456 τὸ
549 3388 704 3475 γίνεσθαι
727 3389 785 3458 καὶ
807 3393 848 3479 γῆ
868 3391 963 3457 Euat.
990 3390 1084 3469 1490,
1106 3392 1158 3456 20.
1201 3391 1239 3458 Si
1262 3386 1340 3476 quod

231 3489 422 3576 Hesychius
443 3491 542 3556 tradit
564 3489 622 3570 Γίς
642 3495 684 3580 γῆ
706 3488 815 3572 ίσχός,
841 3491 940 3556 fidem
960 3492 1082 3558 faceret
1103 3493 1277 3580 aliquando
1298 3486 1340 3578 γίς

300 3708 348 3776 30)
365 3708 476 3764 Ibidem
493 3729 522 3781 p.
535 3713 578 3776 22,
592 3711 635 3763 2⁰.
653 3727 705 3781 pro
726 3709 879 3781 φιλοπελᾶς
893 3715 922 3761 et
937 3712 1100 3785 φικηθορρἄς
1115 3710 1294 3768 seribendum
1305 3712 1341 3763 est

231 3795 402 3865 φιλαπελλᾶς
418 3794 436 3848 i.
451 3813 479 3866 q.
499 3797 669 3868 φιλαπελλῆς
683 3812 712 3865 p.
726 3795 769 3860 28,
784 3798 810 3847 t.
830 3799 858 3847 et
873 3798 1096 3869 φοινικοβορρᾶς.
1123 3799 1150 3852 Α
1167 3804 1231 3852 cute
1247 3809 1341 3865 rugosa

231 3895 322 3932 senex
345 3887 464 3935 vocatur
487 3884 599 3954 σῡφαρ,
629 3881 708 3951 quod
731 3879 825 3934 Gloss.
852 3880 889 3932 ad
914 3877 982 3950 Lye.
1004 3882 1063 3935 703.
1094 3885 1237 3958 πίμπελος
1259 3884 1341 3954 γέρων

233 3963 444 4036 interpretetur.

301 4051 348 4120 31)
366 4052 431 4106 Ηοα
449 4069 506 4106 uon
524 4049 641 4104 multum
660 4049 755 4104 differt
771 4067 789 4103 a
803 4053 973 4123 μερμηρίζω,
995 4069 1049 4106 nee
1068 4052 1182 4106 dividia
1200 4069 1218 4104 a
1238 4066 1302 4129 eura
1319 4051 1342 4098 et

231 4135 409 4207 aegritudine
427 4156 454 4190 v.
472 4135 680 4208 Prolegg.1t59.
712 4135 781 4189 Cum
801 4133 843 4188 his
862 4135 1064 4192 eonferendum
1084 4137 1195 4192 videtur
1211 4139 1344 4208 μέρμερον

231 4240 425 4278 aerumnosus.
