2825 4809
124 289 553 400 neumasensium
576 265 852 395 conmenta.
876 327 915 396 o.
933 326 980 397 11.
1000 331 1025 417 r.
1040 327 1072 397 5.
1096 329 1172 408 ιιι

80 510 187 592 torosa,
209 495 295 598 <tuor
315 511 445 580 brecus
469 513 633 601 eloquitur
656 513 774 584 onon.
799 515 871 594 ιιι,
895 515 951 587 14:
967 526 1002 584 o
1024 517 1096 598 122,
1115 518 1170 586 ao.

77 614 257 701 Apollonius
285 638 362 682 vero
384 616 485 682 Pron.
509 615 559 682 75.
591 617 709 684 refellit
738 617 925 684 diversitate
957 629 1110 686 accentus
1138 631 1172 686 ot

77 716 303 804 significationis
328 740 401 783 cum
425 740 465 784 eo
487 719 578 803 quod
600 715 715 788 οὑτοσί
728 719 816 784 intus
830 719 1008 786 declinetur
1024 717 1169 804 rotroci,

73 819 143 892 illud
164 841 244 886 vero
260 829 440 886 extrorsum
462 825 533 908 τοῦ,
554 821 662 902 δεῖνος
688 821 756 888 sive
777 825 837 889 τοῦ
867 821 1033 903 delector,
1076 823 1169 889 deni·

65 943 129 1006 ,que
147 921 179 985 id
200 945 258 1008 pro
281 921 423 988 themate
444 920 632 988 habendum
657 945 730 988 esse
748 922 837 1002 dicit
864 945 929 1010 quo
945 925 1051 990 omnis
1066 947 1169 1011 quae-

74 1021 126 1087 stio
150 1024 356 1110 praeciditur.
404 1023 651 1091 Schocmannus
676 1026 711 1090 in
731 1025 870 1091 Hooieri
892 1027 1069 1111 Zeittcirt'st
1096 1030 1170 1112 [uer

69 1125 195 1206 »Soracte
216 1125 257 1190 Τ.
274 1127 309 1218 1Ι.
330 1126 404 1192 249.
426 1127 610 1213 suspicatur
643 1150 662 1192 e
687 1126 790 1194 tribus
812 1128 989 1195 conflatum
1016 1150 1169 1195 essero-

72 1223 166 1304 cibus,
195 1227 330 1293 articulo
361 1223 395 1307 ὁ,
425 1221 583 1315 particula
610 1227 863 1299 demonstrativa
892 1229 931 1298 δέ
959 1240 992 1295 et
1012 1230 1167 1298 adverbio

71 1325 116 1392 ἵνα
136 1329 246 1394 eadem
268 1339 430 1417 potestate
453 1330 619 1417 praedito,
653 1331 745 1416 quod
767 1331 887 1419 probat
906 1331 1037 1398 Pottius
1059 1334 1169 1400 lucisl-

68 1433 192 1498 metltode
211 1456 246 1519 p.
270 1431 342 1510 153.
385 1433 551 1524 ¹Equidem
575 1433 623 1498 sic
643 1432 712 1500 fere
730 1433 1005 1500 utMehlhornius
1023 1433 1168 1502 Gramm.

68 1553 96 1616 p.
116 1532 184 1598 236.
206 1534 313 1604 sentio
338 1534 429 1602 δεῖνα
452 1535 682 1602 abindelinito
708 1531 780 1614 δείς
799 1535 831 1621 i.¹
845 1558 879 1621 q.
900 1532 953 1614 τίς
973 1536 1170 1623 productum

67 1655 129 1698 esse
145 1637 420 1722 conjunctumque
427 1659 510 1710 ‚cum
521 1637 657 1706 articulo
672 1636 894 1725 praepositivo
913 1632 932 1704 ὁ
956 1638 1048 1704 δεῖνα
1063 1638 1167 1726 signi·

66 1733 149 1800 ficare
171 1740 222 1804 illc
247 1741 375 1824 aliquis,
394 1743 499 1806 acacio
522 1743 604 1824 qais,
626 1740 679 1804 cui
697 1739 733 1804 in
754 1761 874 1826 genere
894 1748 1010 1806 neutro
1027 1760 1167 1828 respon-

65 1834 111 1900 det
130 1835 207 1906 τόδε
232 1865 266 1908 τι
294 1851 332 1906 ut
353 1850 492 1932 apparet
521 1841 662 1908 ePaus.
688 1841 736 1908 X.
760 1841 815 1920 14,
843 1841 875 1906 2.
904 1835 922 1907 ri
953 1841 1047 1910 δεῖνα
1074 1841 1167 1922 iisne

64 1935 97 2023 δὴ
117 1934 193 2008 τόδε
218 1967 255 2008 τι
277 1935 440 2033 ἀπέκοψε.
483 1943 669 2010 Articulum
690 1942 766 2009 huic
788 1941 975 2031 pronomini
996 1944 1168 2032 praeposi·

61 2048 120 2104 tum
140 2055 327 2128 agnoscunt
348 2067 478 2124 omnes,
500 2046 681 2132 mirumque
708 2045 854 2113 Graecos
885 2046 1025 2112 decursu
1053 2048 1169 2114 aetatis

60 2139 99 2204 ito
119 2141 239 2212 oblitos
262 2169 335 2213 esse
362 2158 399 2214 ut
424 2170 498 2214 eum
526 2148 633 2214 denuo
665 2158 836 2245 assuerant
860 2158 1015 2293 tanquam
1043 2148 1169 2216 nomini

57 2365 112 2429 pus
134 2342 152 2414 ὁ
145 2344 338 2471 &oirspoc
362 2347 401 2418 τὸ
423 2346 571 2434 θάτερον
590 2352 770 2440 usurpavit.
816 2352 963 2418 Tertium
985 2362 1036 2418 est
1055 2352 1166 2418 relati·

55 2467 122 2510 vum
142 2444 233 2530 ὅτις,
255 2475 326 2531 οτι,
351 2452 441 2537 quod
462 2453 662 2539 Apollonius
685 2455 779 2540 Synt.
800 2456 862 2523 IV.
886 2454 927 2532 ὃ,
956 2454 1031 2521 313.
1076 2453 1166 2522 Con·

49 2547 146 2630 junct.
169 2551 249 2618 502.
264 2552 462 2641 ambiguum
484 2577 557 2620 esse
584 2556 663 2622 dicit
690 2566 798 2622 utrum
828 2557 872 2620 sit
899 2578 967 2620 una
994 2577 1070 2642 pars
1093 2577 1166 2622 ora·

53 2651 144 2718 tionis
165 2654 277 2721 vocali
305 2655 506 2743 prosthetica
530 2667 625 2724 aucta
651 2667 688 2724 ut
710 2652 852 2736 ὁποῖος,
874 2649 1022 2736 ὁπόσος,
1053 2679 1096 2722 an
1126 2679 1167 2724 ex

53 2751 173 2822 duabus
200 2768 342 2837 constet,
368 2758 503 2824 articulo
526 2758 745 2846 postpositivo
767 2756 799 2837 ὅ,
825 2779 893 2843 quo
901 2758 1068 2824 Homerus
1089 2756 1164 2828 ubi÷

51 2877 176 2943 cunque
197 2869 340 2926 metrum
360 2861 503 2948 permittr
493 2860 600 2926 tutit
600 2881 639 2924 ur
660 2882 721 2947 pro
743 2854 798 2940 ὅς,
821 2870 854 2924 et
877 2859 1071 2946 pronomine
1091 2858 1166 2926 infi-

48 2956 133 3025 nito·
123 3007 133 3038 ,
167 2985 251 3027 nam
283 2985 303 3028 a
335 2959 528 3060 simplioi‘'
508 2987 581 3040 οτις
612 2961 808 3028 declinatum
841 2980 914 3026 esse
946 2959 1167 3028 accusativum

49 3055 165 3143 ὅτινας,
192 3063 240 3130 ad
262 3049 399 3130 alterum
419 3062 582 3150 pertinere
605 3051 632 3150 ᾧ
655 3087 722 3130 τινι
741 3072 774 3130 et
793 3061 852 3140 οὓς
871 3086 973 3141 τινας.
1007 3062 1166 3130 Prosthe·

47 3161 94 3228 sin
125 3164 222 3232 illam
257 3164 375 3254 probat
401 3164 586 3231 Ahrcnsius
616 3162 705 3231 Dial.
738 3163 836 3231 Aeol.
866 3163 938 3230 127.
972 3161 1087 3229 sed'
1053 3188 1105 3243 τις
1133 3176 1167 3232 et

46 3259 133 3344 torar
157 3291 236 3334 uon
249 3291 252 3298 ·
267 3266 382 3334 eadem
403 3266 528 3333 ratione
556 3266 640 3332 inter
661 3288 697 3332 se
726 3265 843 3350 juncta
863 3274 940 3331 sunt
966 3274 1065 3350 atqua
1094 3256 1168 3346 οἷος

44 3371 144 3446 ποῖος
165 3363 303 3447 ὁποῖος,
339 3369 508 3454 multoque
538 3366 726 3434 credibilius
756 3379 806 3432 est
832 3365 960 3432 articuli
983 3366 1121 3434 formam
1146 3391 1168 3433 a

45 3485 119 3533 casu
142 3471 256 3557 primo
280 3471 322 3535 ad
343 3470 494 3556 obliquos
518 3464 685 3536 transiisse
710 3469 871 3556 integram
895 3478 927 3535 et
946 3466 1165 3536 immutatamr

42 3562 85 3648 ὥς
107 3570 210 3651 ὅτου,
221 3570 280 3640 καὶ
300 3567 368 3662 ὅτῳ
391 3571 543 3659 λέγομεν,
569 3567 653 3637 οὕτω
675 3569 734 3638 καὶ
758 3567 852 3654 ὅτινα
874 3566 950 3638 ἀντὶ
970 3574 1030 3660 rosi
1051 3568 1166 3636 ὅντινα

42 3679 238 3761 ποιητικῶς
266 3671 344 3742 soh.
367 3673 481 3762 Apoll.
510 3671 557 3738 ΙΙ.
587 3670 659 3738 875.
690 3673 729 3741 τὸ
757 3670 854 3742 ὅτινα
880 3666 967 3758 παρ’
998 3666 1167 3740 Αἰολεῦσι

39 3769 153 3841 κοινόν
187 3774 260 3842 ἐστι
289 3774 374 3842 κατὰ
406 3777 499 3862 γένος
530 3775 641 3844 Schol.
671 3773 767 3841 Rom.
796 3773 838 3842 ad
868 3775 924 3860 Aj.
950 3769 1024 3838 290.
1053 3767 1167 3850 ὅτινας

40 3867 109 3939 ἀπὸ
137 3879 205 3942 τοῦ
232 3871 318 3955 ὅτις,
348 3869 367 3942 ὃ
395 3873 477 3943 καθ’
507 3872 541 3941 ἓν
568 3867 682 3963 μέρος’
698 3871 801 3961 λόγου
822 3873 899 3944 sch.
924 3875 965 3939 ll.
989 3873 1070 3943 XV·
1091 3871 1165 3939 491.

39 3974 230 4062 Obliquos
249 3978 382 4062 quidem
407 3973 616 4042 immobilitas
644 3975 771 4041 articuli
797 3973 1040 4040 indissolubiles
1068 3995 1166 4060 prae·

38 4087 104 4142 stat
119 4079 178 4164 ¹⁴)
207 4079 265 4143 sed
285 4078 476 4145 nominativi
498 4078 658 4166 scriptura
676 4080 829 4155 fluctuat3
857 4075 1000 4144 Wolfius
1021 4069 1092 4153 ὅτις
1112 4095 1165 4141 re·
1225 4070 1229 4077 ’

109 4289 160 4360 14)
178 4289 244 4347 Hoc
257 4293 341 4348 modo
354 4290 507 4348 infacundo
520 4298 596 4349 astas
609 4289 730 4350 duorum
741 4286 885 4349 nominum
895 4285 1038 4362 parathosi
1052 4283 1166 4362 juncto·

85 4379 234 4430 Lobeck,
252 4381 343 4422 Pathol.
724 4371 728 4377 '
832 4437 837 4446 ¹
913 4371 955 4444 37
