2825 4809
142 349 202 420 nu
220 349 491 422 Pnunrrrssr
509 351 572 453 ur
592 349 859 420 scaurum
880 351 920 420 c.
933 349 985 420 ιιι.
1008 305 1033 441 ι’.
1047 354 1076 423 1.
1101 359 1173 434 set

73 549 103 606 et
122 531 212 618 alibi3
227 555 396 626 'nusquam
417 563 510 617 vero,
533 539 596 606 nisi
619 541 699 626 quid
720 563 773 605 me
793 537 888 625 fugit,
907 535 966 623 σόρ
988 545 1031 626 ῥα
1055 564 1117 608 nec
1136 539 1177 629 ὄρ
1266 547 1278 560 ‘

73 647 111 728 ῥα
131 641 290 726 ιιῐ.κασὰρ
313 640 400 726 ῥόον,
427 636 510 726 dedo
533 643 696 729 bei7091).
740 642 901 720 Alterum,
921 641 962 706 de
978 664 1043 727 quo
1056 642 1176 711 Gram-

70 745 172 810 matici
193 766 254 809 nos
277 745 463 822 admonent,
486 743 549 812 hec
572 755 638 810 est:
665 742 769 811 οἱονεί
792 744 851 810 δύο
870 741 953 834 μέρη
972 747 1071 829 λόγου
1087 744 1177 810 ἐστὶν

71 844 103 910 ἐν
124 844 305 931 cerotaesei
327 844 491 912 Choereb.
522 846 618 912 Orth.
642 845 721 929 246,
746 845 796 911 19.
831 856 929 930 atque
955 846 1002 910 sic
1026 845 1177 912 scribitur

25 1017 28 1024 ,
71 941 230 1032 οἱσνσερεί
252 947 400 1014 absolute
421 949 566 1034 positum
589 949 675 1015 Plat.
691 948 829 1014 Theaet.
849 947 922 1012 201.
936 948 977 1013 Ε.
1000 948 1060 1013 sed
1082 948 1176 1014 aliter

68 1047 101 1112 in
122 1049 359 1116 constructione
381 1051 478 1137 plena
502 1062 535 1116 et
559 1052 703 1140 perlecta
731 1046 851 1135 ὅμοιόν
873 1048 963 1116 ἐστιν
985 1042 1122 1136 οἷόνπερ
1145 1045 1181 1116 εἴ

68 1173 116 1227 τις
136 1148 251 1240 θηρῴη
269 1152 357 1218 Xen.
381 1151 458 1240 Cyr.
482 1152 505 1218 l.
525 1154 560 1230 4,
591 1153 640 1219 11.
664 1191 705 1202 -
735 1155 824 1220 Hinc
852 1152 976 1239 ingruit
1001 1173 1176 1217 numerosa

68 1250 158 1317 turba
183 1252 404 1334 relativorum,
434 1277 572 1341 querum
598 1256 787 1322 varietatem
816 1253 1005 1321 adumbravi
1031 1254 1075 1319 ad
1095 1253 1175 1325 Phr.

65 1354 136 1420 373.
156 1350 369 1442 οἶσςδήσιισε,
393 1351 657 1446 ὁσοισςόήιτστε,
681 1353 919 1442 increpueritis,
940 1352 1171 1444 ὁπηλίκσςσῦν,

66 1447 321 1544 ὀςιιςδησοσσῦν
343 1469 402 1524 eto.
448 1481 532 1545 quae
559 1471 659 1546 saepe
689 1458 908 1545 particulatim
938 1457 1175 1544 discerpuntur.

63 1554 200 1638 Diversa
221 1580 343 1643 genera
370 1561 595 1648 complectitur
622 1560 733 1628 Schol.
758 1561 862 1628 Dion.
894 1585 927 1648 p.
952 1559 1024 1624 702.
1055 1553 1094 1626 σύ
1115 1556 1175 1646 χρὴ
1248 1644 1252 1654 1

64 1655 192 1734 τιθέναι
217 1661 274 1746 ’τὴν
301 1655 393 1747 ὑφὲν’
410 1663 444 1728 ἒν
470 1668 546 1742 σαῖς
575 1659 772 1730 incurrisset
798 1662 856 1728 καὶ
879 1667 955 1738 ταῖς
976 1655 1177 1745 ἀχισρίστσις

59 1754 231 1837 συνιάξεσι
243 1756 453 1849 Πάλληνάδε,
470 1758 669 1849 Μέγαράδε,
690 1759 830 1852 δηλαδή,
849 1759 969 1840 τοίνυν,
991 1757 1173 1846 σοιγάσισι,

63 1863 247 1947 τοιγαροῦν.
272 1857 359 1928 οὕτω
382 1862 420 1929 δὲ
442 1855 538 1948 οἶμαι
561 1860 645 1945 ἔχειν
667 1863 726 1929 καὶ
750 1863 788 1930 τὸ
811 1857 930 1941 οὐδείς.
971 1861 1102 1948 Topica
1120 1860 1177 1924 illa

63 1970 189 2026 constat
218 1972 363 2028 veterum
390 1964 565 2030 nonnullos
597 1965 725 2032 diverse
752 1963 941 2059 scripsisse,
981 1963 1176 2050 metaplasta

63 2063 194 2150 quidem
209 2063 350 2152 hyphen
371 2061 573 2154 Παλλήναδε
593 2075 630 2132 ut
658 2059 783 2154 dyoode
816 2066 876 2132 sed
896 2066 1045 2152 Μέγαρα
1067 2063 1105 2130 δέ
1128 2063 1176 2129 sie

61 2175 97 2228 ut
116 2157 208 2234 οἷκον
230 2166 268 2232 de'
287 2167 446 2233 v.Lehrs.
471 2167 607 2251 Quaest
619 2169 680 2256 40.
716 2165 856 2256 Δηλαδή
880 2190 981 2232 unum
1003 2166 1039 2230 in
1061 2165 1176 2230 ultima

60 2277 228 2332 accentum
251 2266 370 2335 babere
394 2270 526 2337 tradunt
551 2271 733 2338 Herodian.
761 2270 804 2335 de
828 2271 910 2336 Ace.
934 2268 1022 2335 Adv.
1044 2292 1078 2355 p.
1100 2267 1174 2334 279.

60 2368 101 2433 Τ.
125 2367 178 2434 ΙΙΙ.
199 2367 306 2436 Cram.
330 2381 362 2437 et
382 2373 546 2439 Arcadius
571 2373 642 2439 183.
669 2373 771 2458 idque
795 2372 948 2438 convenit
968 2370 1175 2458 potissimum

58 2468 117 2534 ubi
141 2469 290 2536 absolute
312 2473 446 2559 ponitur
466 2497 526 2562 pro
550 2473 705 2543 adverbio
728 2471 846 2561 δήλως,
872 2497 939 2559 quo
960 2484 1087 2540 veteres
1108 2493 1176 2536 non

56 2567 207 2652 utuntur,
235 2574 417 2662 veluthh.
440 2576 483 2642 A.
506 2576 599 2642 1366.
623 2574 750 2666 δηλαδὴ
773 2574 901 2662 ξανθῆς
924 2572 1078 2663 ἑθείρης,
1112 2595 1174 2639 nec

55 2698 168 2743 rarum
198 2670 352 2764 δηλονότι
379 2677 443 2742 hoc
472 2676 648 2744 adverbiali
667 2674 834 2742 intellectu
855 2697 979 2760 canpe,
1012 2680 1174 2751 nimirum,

56 2777 202 2866 exempli
225 2799 323 2843 causa
344 2773 491 2846 σώσουσι
509 2774 663 2866 δηλονότι
685 2777 825 2844 Lucian.
846 2778 936 2844 Dial.
952 2778 1038 2844 Mar.
1049 2775 1126 2844 Xll.
1141 2778 1174 2842 2.

54 2880 129 2948 Sed
157 2879 210 2946 hic
238 2878 445 2949 Jacobitzius
473 2882 569 2946 unius
600 2881 674 2946 cod.
706 2881 899 2958 auctoritate
927 2878 1054 2958 divisit,
1084 2878 1175 2965 quod

54 3004 161 3069 saepe
182 2982 329 3048 fecerunt
352 2983 502 3048 Platonis
531 2983 672 3049 editores
694 2993 874 3069 praeeunte
895 2982 993 3049 Aetio
1015 2982 1051 3047 in
1073 2979 1174 3047 Cem-

51 3094 157 3151 ment.
180 3085 223 3150 ed
241 3083 342 3149 Polit.
364 3084 437 3150 635.
482 3084 703 3154 Schneiderus
733 3086 776 3149 ad
801 3084 873 3152 civ.
896 3084 937 3150 Τ.
962 3082 984 3149 l.
1010 3081 1082 3148 164.
1106 3103 1175 3148 non

50 3196 160 3274 negat
188 3185 319 3252 codices
344 3187 498 3274 jungenti
526 3188 637 3274 potius
674 3209 772 3273 quarn
802 3186 966 3274 separanti
993 3185 1174 3270 suffragari,
1234 3193 1238 3199 ⁴

50 3288 117 3354 sed
144 3287 230 3354 hanc
257 3290 507 3357 consensionem
539 3313 559 3354 a
584 3290 870 3377 grammaticorum
902 3287 1094 3354 auctoritate
1122 3308 1175 3352 re·

48 3390 155 3478 petit3
185 3412 350 3477 „prorsus
373 3392 460 3458 enim
489 3416 509 3458 a
533 3415 610 3458 vero
633 3392 809 3459 abhorrere
837 3391 1011 3457 Platonem
1029 3389 1173 3454 ‘aliumve

47 3491 262 3580 „probatum
294 3494 486 3580 scriptorem
511 3495 640 3583 uspiam
669 3496 735 3561 duo
764 3505 832 3560 tam
862 3491 1032 3558 dissimilia
1059 3501 1176 3558 natura

45 3605 117 3675 „et
143 3594 293 3682 pondere
318 3595 479 3663 vocabula
513 3597 547 3662 in
572 3620 672 3664 unum
700 3598 861 3664 conflasse
896 3595 944 3662 ita
973 3605 1018 3673 sut
1045 3593 1175 3680 gravius

42 3707 225 3778 „accentu
248 3697 437 3784 privaretur.
447 3705 467 3737 “
509 3702 603 3766 Haec
626 3711 735 3768 tamen
756 3699 838 3764 ratio
859 3721 927 3773 non
947 3697 1074 3764 obstitit
1092 3719 1174 3783 quo·
1265 3755 1271 3764 .

41 3803 164 3868 minus
199 3796 401 3888 ιὸςιτεραιισί,
445 3795 702 3891 ὁςτιςδησσσσῦιι
740 3812 773 3867 et
804 3800 922 3867 similia
958 3798 1177 3866 scriberentur

41 3905 232 3990 conjuncte
253 3925 320 3969 non
345 3924 474 3992 semper
490 3904 623 3990 quidem
645 3904 822 3991 sedsaepe
841 3914 878 3968 ut
889 3896 1042 3986 μονονσύ,
1054 3924 1175 3984 μονον-

125 4077 151 4143 1)
168 4074 264 4130 Schol.
281 4075 337 4130 Od.
352 4073 390 4128 ll.
404 4075 461 4128 338.
479 4070 526 4128 tet
540 4067 857 4144 νηιός-Ἀριστσφσὲνης
874 4063 1018 4139 bremide
1034 4065 1072 4129 ὦς
1086 4065 1115 4124 rb
1133 4067 1176 4122 tet

38 4159 209 4234 μεγάροισι
222 4155 470 4234 (ἒνιμμεγιὶροισι).
489 4160 523 4215 In
534 4161 655 4216 Theocr.
667 4160 732 4215 XV.
748 4161 805 4214 128.
821 4160 877 4212 due
889 4158 972 4212 codd.
986 4152 1178 4225 ‹ippodrimpm

29 4246 177 4310 Ἄδωνις.
207 4249 251 4304 De
272 4245 360 4326 σὺρρα
379 4247 438 4304 dixi
450 4246 480 4302 in
491 4234 633 4322 Aglaoph.
654 4247 728 4304 520(
748 4245 837 4302 Plura
849 4241 943 4300 ebulit
954 4241 1121 4314 Spitzuerus
1138 4241 1176 4296 ad

36 4335 78 4393 11.
94 4335 186 4392 XVI.
200 4336 260 4392 228.
