<?xml version="1.0" encoding="UTF-8"?>
<!DOCTYPE html PUBLIC "-//W3C//DTD XHTML 1.0 Transitional//EN"
    "http://www.w3.org/TR/xhtml1/DTD/xhtml1-transitional.dtd">
<html xmlns="http://www.w3.org/1999/xhtml" xml:lang="en" lang="en">
 <head>
  <title>
</title>
<meta http-equiv="Content-Type" content="text/html;charset=utf-8" />
  <meta name='ocr-system' content='tesseract 3.04.00' />
  <meta name='ocr-capabilities' content='ocr_page ocr_carea ocr_par ocr_line ocrx_word'/>
</head>
<body>
  <div class='ocr_page' id='page_1' title='image "./pathologiaegrae01lobegoog/pathologiaegrae01lobegoog_0243.png"; bbox 0 0 2825 4809; ppageno 0'>
   <div class='ocr_carea' id='block_1_1' title="bbox 164 342 1174 431">
    <p class='ocr_par' dir='ltr' id='par_1_1' title="bbox 164 342 1174 431">
     <span class='ocr_line' id='line_1_1' title="bbox 164 342 1174 431; baseline 0.001 -20"><span class='ocrx_word' id='word_1_1' title='bbox 164 346 223 411; x_wconf 84' lang='lat' dir='ltr'>DE</span> <span class='ocrx_word' id='word_1_2' title='bbox 243 342 461 412; x_wconf 80' lang='lat' dir='ltr'>SYNCOPE</span> <span class='ocrx_word' id='word_1_3' title='bbox 483 343 627 413; x_wconf 86' lang='lat' dir='ltr'><strong>UNIUS</strong></span> <span class='ocrx_word' id='word_1_4' title='bbox 650 342 872 413; x_wconf 70' lang='lat' dir='ltr'>vocaus.</span> <span class='ocrx_word' id='word_1_5' title='bbox 896 343 936 411; x_wconf 87' lang='lat' dir='ltr'>C.</span> <span class='ocrx_word' id='word_1_6' title='bbox 948 346 976 411; x_wconf 93' lang='lat' dir='ltr'>I.</span> <span class='ocrx_word' id='word_1_7' title='bbox 997 348 1025 431; x_wconf 70' lang='grc' dir='ltr'>ξ.</span> <span class='ocrx_word' id='word_1_8' title='bbox 1036 345 1067 413; x_wconf 91' lang='grc'>6.</span> <span class='ocrx_word' id='word_1_9' title='bbox 1097 352 1174 425; x_wconf 75' lang='lat'>233</span> 
     </span>
    </p>
   </div>
   <div class='ocr_carea' id='block_1_2' title="bbox 61 527 1291 3875">
    <p class='ocr_par' dir='ltr' id='par_1_2' title="bbox 67 527 1291 3153">
     <span class='ocr_line' id='line_1_2' title="bbox 83 527 1172 617; baseline 0.005 -24"><span class='ocrx_word' id='word_1_10' title='bbox 83 530 172 615; x_wconf 82' lang='grc' dir='ltr'><strong><em>δροες.</em></strong></span> <span class='ocrx_word' id='word_1_11' title='bbox 190 527 410 613; x_wconf 84' lang='grc' dir='ltr'><strong><em>Παλιμπετές</em></strong></span> <span class='ocrx_word' id='word_1_12' title='bbox 422 538 455 593; x_wconf 91' lang='lat' dir='ltr'>et</span> <span class='ocrx_word' id='word_1_13' title='bbox 465 527 623 617; x_wconf 82' lang='grc' dir='ltr'><strong><em>έπιτηδές</em></strong></span> <span class='ocrx_word' id='word_1_14' title='bbox 643 529 678 595; x_wconf 92' lang='lat' dir='ltr'>in</span> <span class='ocrx_word' id='word_1_15' title='bbox 697 529 827 597; x_wconf 88' lang='lat' dir='ltr'>dnobus</span> <span class='ocrx_word' id='word_1_16' title='bbox 837 532 977 597; x_wconf 87' lang='lat' dir='ltr'>Homeri</span> <span class='ocrx_word' id='word_1_17' title='bbox 993 531 1076 597; x_wconf 88' lang='lat' dir='ltr'>locis</span> <span class='ocrx_word' id='word_1_18' title='bbox 1088 552 1172 598; x_wconf 88' lang='lat' dir='ltr'>non·</span> 
     </span>
     <span class='ocr_line' id='line_1_3' title="bbox 82 628 1173 721; baseline 0.005 -27"><span class='ocrx_word' id='word_1_19' title='bbox 82 629 169 695; x_wconf 84' lang='lat' dir='ltr'>nullos</span> <span class='ocrx_word' id='word_1_20' title='bbox 190 652 256 715; x_wconf 89' lang='lat' dir='ltr'>pro</span> <span class='ocrx_word' id='word_1_21' title='bbox 272 630 465 697; x_wconf 78' lang='lat' dir='ltr'><strong>accusativis</strong></span> <span class='ocrx_word' id='word_1_22' title='bbox 488 628 641 697; x_wconf 81' lang='lat' dir='ltr'>habuisse</span> <span class='ocrx_word' id='word_1_23' title='bbox 671 632 866 698; x_wconf 77' lang='lat' dir='ltr'>Eustathius</span> <span class='ocrx_word' id='word_1_24' title='bbox 895 632 1070 699; x_wconf 75' lang='lat' dir='ltr'><strong>memoriae</strong></span> <span class='ocrx_word' id='word_1_25' title='bbox 1094 656 1173 721; x_wconf 90' lang='lat' dir='ltr'>pro·</span> 
     </span>
     <span class='ocr_line' id='line_1_4' title="bbox 82 718 1174 822; baseline 0.005 -27"><span class='ocrx_word' id='word_1_26' title='bbox 82 731 149 795; x_wconf 84' lang='lat' dir='ltr'><strong>didit</strong></span> <span class='ocrx_word' id='word_1_27' title='bbox 168 725 322 819; x_wconf 74' lang='grc' dir='ltr'><strong><em>ἀποβολῇ</em></strong></span> <span class='ocrx_word' id='word_1_28' title='bbox 342 734 401 799; x_wconf 83' lang='grc' dir='ltr'><strong><em>τοῦ</em></strong></span> <span class='ocrx_word' id='word_1_29' title='bbox 421 718 479 819; x_wconf 64' lang='lat' dir='ltr'>Il}</span> <span class='ocrx_word' id='word_1_30' title='bbox 501 729 560 805; x_wconf 83' lang='grc' dir='ltr'>καὶ</span> <span class='ocrx_word' id='word_1_31' title='bbox 581 738 732 822; x_wconf 74' lang='grc' dir='ltr'><strong><em>συγκοπῇ</em></strong></span> <span class='ocrx_word' id='word_1_32' title='bbox 753 734 847 813; x_wconf 76' lang='grc'><strong>1520,</strong></span> <span class='ocrx_word' id='word_1_33' title='bbox 864 734 917 801; x_wconf 74' lang='lat' dir='ltr'>ot.</span> <span class='ocrx_word' id='word_1_34' title='bbox 939 734 1000 799; x_wconf 90' lang='lat' dir='ltr'>sed</span> <span class='ocrx_word' id='word_1_35' title='bbox 1019 745 1174 801; x_wconf 76' lang='lat' dir='ltr'>accentus</span> 
     </span>
     <span class='ocr_line' id='line_1_5' title="bbox 78 832 1173 921; baseline 0.003 -22"><span class='ocrx_word' id='word_1_36' title='bbox 78 833 184 899; x_wconf 88' lang='lat' dir='ltr'>indicat</span> <span class='ocrx_word' id='word_1_37' title='bbox 192 832 268 899; x_wconf 89' lang='lat' dir='ltr'>illos</span> <span class='ocrx_word' id='word_1_38' title='bbox 277 832 495 918; x_wconf 84' lang='lat' dir='ltr'>abjectionem</span> <span class='ocrx_word' id='word_1_39' title='bbox 505 832 706 919; x_wconf 84' lang='lat' dir='ltr'>praetulisse.</span> <span class='ocrx_word' id='word_1_40' title='bbox 737 835 836 901; x_wconf 90' lang='lat' dir='ltr'>Duos</span> <span class='ocrx_word' id='word_1_41' title='bbox 854 835 1173 921; x_wconf 71' lang='lat' dir='ltr'>recusativosfloor-</span> 
     </span>
     <span class='ocr_line' id='line_1_6' title="bbox 78 934 1173 1024; baseline 0.002 -23"><span class='ocrx_word' id='word_1_42' title='bbox 78 937 126 1021; x_wconf 80' lang='grc' dir='ltr'>λῆς</span> <span class='ocrx_word' id='word_1_43' title='bbox 144 945 175 1000; x_wconf 84' lang='lat' dir='ltr'>ct</span> <span class='ocrx_word' id='word_1_44' title='bbox 193 937 295 1023; x_wconf 77' lang='grc' dir='ltr'><strong><em>νομῆς</em></strong></span> <span class='ocrx_word' id='word_1_45' title='bbox 316 934 529 999; x_wconf 82' lang='lat' dir='ltr'>Herodianus</span> <span class='ocrx_word' id='word_1_46' title='bbox 559 956 577 999; x_wconf 93' lang='lat' dir='ltr'>e</span> <span class='ocrx_word' id='word_1_47' title='bbox 598 934 766 1020; x_wconf 84' lang='lat' dir='ltr'>Sophocle</span> <span class='ocrx_word' id='word_1_48' title='bbox 793 947 827 1003; x_wconf 88' lang='lat' dir='ltr'>et</span> <span class='ocrx_word' id='word_1_49' title='bbox 845 936 1072 1024; x_wconf 79' lang='lat' dir='ltr'>Xenophonte</span> <span class='ocrx_word' id='word_1_50' title='bbox 1093 959 1173 1024; x_wconf 89' lang='lat' dir='ltr'>pro·</span> 
     </span>
     <span class='ocr_line' id='line_1_7' title="bbox 76 1034 1175 1120; baseline 0.004 -21"><span class='ocrx_word' id='word_1_51' title='bbox 76 1036 138 1101; x_wconf 90' lang='lat' dir='ltr'>tulit</span> <span class='ocrx_word' id='word_1_52' title='bbox 164 1034 325 1102; x_wconf 82' lang='lat' dir='ltr'>Choerob.</span> <span class='ocrx_word' id='word_1_53' title='bbox 359 1034 441 1102; x_wconf 84' lang='lat' dir='ltr'>Can.</span> <span class='ocrx_word' id='word_1_54' title='bbox 464 1036 537 1101; x_wconf 82' lang='grc'><strong>271.</strong></span> <span class='ocrx_word' id='word_1_55' title='bbox 567 1037 732 1120; x_wconf 90' lang='lat' dir='ltr'>quomodo</span> <span class='ocrx_word' id='word_1_56' title='bbox 761 1048 859 1105; x_wconf 80' lang='lat' dir='ltr'>natos</span> <span class='ocrx_word' id='word_1_57' title='bbox 887 1038 1076 1118; x_wconf 88' lang='lat' dir='ltr'>crediderit,</span> <span class='ocrx_word' id='word_1_58' title='bbox 1107 1062 1175 1105; x_wconf 93' lang='lat' dir='ltr'>non</span> 
     </span>
     <span class='ocr_line' id='line_1_8' title="bbox 76 1137 1174 1226; baseline 0.004 -25"><span class='ocrx_word' id='word_1_59' title='bbox 76 1137 261 1203; x_wconf 83' lang='lat' dir='ltr'>addocemur</span> <span class='ocrx_word' id='word_1_60' title='bbox 291 1137 355 1203; x_wconf 69' lang='lat' dir='ltr'>&#39;sed</span> <span class='ocrx_word' id='word_1_61' title='bbox 381 1138 449 1202; x_wconf 81' lang='lat' dir='ltr'>veri</span> <span class='ocrx_word' id='word_1_62' title='bbox 476 1137 638 1203; x_wconf 88' lang='lat' dir='ltr'>simillima</span> <span class='ocrx_word' id='word_1_63' title='bbox 664 1150 715 1203; x_wconf 93' lang='lat' dir='ltr'>est</span> <span class='ocrx_word' id='word_1_64' title='bbox 744 1141 863 1217; x_wconf 82' lang='lat' dir='ltr'>cresis,</span> <span class='ocrx_word' id='word_1_65' title='bbox 903 1160 970 1226; x_wconf 83' lang='lat' dir='ltr'>que</span> <span class='ocrx_word' id='word_1_66' title='bbox 999 1139 1110 1223; x_wconf 83' lang='grc' dir='ltr'><strong><em>τείχεα</em></strong></span> <span class='ocrx_word' id='word_1_67' title='bbox 1138 1140 1174 1205; x_wconf 93' lang='lat' dir='ltr'>in</span> 
     </span>
     <span class='ocr_line' id='line_1_9' title="bbox 75 1236 1174 1329; baseline 0.004 -26"><span class='ocrx_word' id='word_1_68' title='bbox 75 1236 152 1326; x_wconf 83' lang='grc' dir='ltr'><strong><em>τείχη</em></strong></span> <span class='ocrx_word' id='word_1_69' title='bbox 171 1247 330 1317; x_wconf 66' lang='lat' dir='ltr'>mutatum</span> <span class='ocrx_word' id='word_1_70' title='bbox 354 1236 613 1306; x_wconf 79' lang='lat' dir='ltr'>¹Choeroboscus</span> <span class='ocrx_word' id='word_1_71' title='bbox 640 1240 780 1307; x_wconf 86' lang='lat' dir='ltr'>fortasse</span> <span class='ocrx_word' id='word_1_72' title='bbox 808 1241 941 1328; x_wconf 79' lang='lat' dir='ltr'>longius</span> <span class='ocrx_word' id='word_1_73' title='bbox 970 1241 1103 1329; x_wconf 85' lang='lat' dir='ltr'>repetiit</span> <span class='ocrx_word' id='word_1_74' title='bbox 1132 1240 1174 1307; x_wconf 89' lang='lat' dir='ltr'>ab</span> 
     </span>
     <span class='ocr_line' id='line_1_10' title="bbox 74 1338 1176 1430; baseline 0.004 -27"><span class='ocrx_word' id='word_1_75' title='bbox 74 1338 285 1425; x_wconf 88' lang='lat' dir='ltr'>homophonia</span> <span class='ocrx_word' id='word_1_76' title='bbox 318 1340 415 1427; x_wconf 90' lang='lat' dir='ltr'>primi</span> <span class='ocrx_word' id='word_1_77' title='bbox 447 1351 480 1407; x_wconf 84' lang='lat' dir='ltr'>et</span> <span class='ocrx_word' id='word_1_78' title='bbox 511 1341 618 1427; x_wconf 81' lang='lat' dir='ltr'>quarti</span> <span class='ocrx_word' id='word_1_79' title='bbox 648 1364 743 1408; x_wconf 87' lang='lat' dir='ltr'>casus</span> <span class='ocrx_word' id='word_1_80' title='bbox 755 1391 764 1422; x_wconf 91' lang='lat'><strong><em>,</em></strong></span> <span class='ocrx_word' id='word_1_81' title='bbox 798 1344 843 1409; x_wconf 79' lang='lat' dir='ltr'>ed</span> <span class='ocrx_word' id='word_1_82' title='bbox 871 1366 971 1430; x_wconf 83' lang='lat' dir='ltr'>quem</span> <span class='ocrx_word' id='word_1_83' title='bbox 1005 1342 1176 1409; x_wconf 88' lang='lat' dir='ltr'>descendit</span> 
     </span>
     <span class='ocr_line' id='line_1_11' title="bbox 76 1434 1174 1533; baseline 0.005 -29"><span class='ocrx_word' id='word_1_84' title='bbox 76 1440 268 1527; x_wconf 78' lang='lat' dir='ltr'>saepius20).</span> <span class='ocrx_word' id='word_1_85' title='bbox 298 1439 478 1508; x_wconf 87' lang='lat' dir='ltr'>Consimile</span> <span class='ocrx_word' id='word_1_86' title='bbox 500 1434 718 1532; x_wconf 79' lang='grc' dir='ltr'><strong><em>τόόςΕόβοῆς</em></strong></span> <span class='ocrx_word' id='word_1_87' title='bbox 738 1468 781 1511; x_wconf 87' lang='lat' dir='ltr'>ex</span> <span class='ocrx_word' id='word_1_88' title='bbox 803 1446 1013 1532; x_wconf 84' lang='lat' dir='ltr'>Apollodoro</span> <span class='ocrx_word' id='word_1_89' title='bbox 1033 1445 1174 1533; x_wconf 87' lang='lat' dir='ltr'>apponit</span> 
     </span>
     <span class='ocr_line' id='line_1_12' title="bbox 73 1541 1175 1635; baseline 0.005 -28"><span class='ocrx_word' id='word_1_90' title='bbox 73 1541 246 1607; x_wconf 86' lang='lat' dir='ltr'>Meinekius</span> <span class='ocrx_word' id='word_1_91' title='bbox 267 1543 400 1609; x_wconf 81' lang='lat' dir='ltr'>inHiet.</span> <span class='ocrx_word' id='word_1_92' title='bbox 424 1542 517 1611; x_wconf 81' lang='lat' dir='ltr'>Com.</span> <span class='ocrx_word' id='word_1_93' title='bbox 532 1544 606 1611; x_wconf 83' lang='lat'>469.</span> <span class='ocrx_word' id='word_1_94' title='bbox 641 1544 727 1611; x_wconf 82' lang='lat' dir='ltr'>Cum</span> <span class='ocrx_word' id='word_1_95' title='bbox 743 1546 919 1612; x_wconf 73' lang='lat' dir='ltr'>conmotis</span> <span class='ocrx_word' id='word_1_96' title='bbox 939 1543 1051 1627; x_wconf 82' lang='grc' dir='ltr'><strong><em>πόλις,</em></strong></span> <span class='ocrx_word' id='word_1_97' title='bbox 1072 1541 1175 1635; x_wconf 89' lang='grc' dir='ltr'><strong><em>φόσις</em></strong></span> 
     </span>
     <span class='ocr_line' id='line_1_13' title="bbox 75 1640 1291 1737; baseline 0.003 -28"><span class='ocrx_word' id='word_1_98' title='bbox 75 1644 260 1730; x_wconf 83' lang='lat' dir='ltr'>Apollonius</span> <span class='ocrx_word' id='word_1_99' title='bbox 288 1645 389 1711; x_wconf 86' lang='lat' dir='ltr'>Pron.</span> <span class='ocrx_word' id='word_1_100' title='bbox 417 1646 489 1711; x_wconf 79' lang='lat'>120.</span> <span class='ocrx_word' id='word_1_101' title='bbox 517 1646 642 1713; x_wconf 85' lang='lat' dir='ltr'>coniert</span> <span class='ocrx_word' id='word_1_102' title='bbox 676 1645 715 1714; x_wconf 86' lang='grc' dir='ltr'>τὸ</span> <span class='ocrx_word' id='word_1_103' title='bbox 750 1645 849 1731; x_wconf 71' lang='grc' dir='ltr'><strong><em>ἰχθῦς</em></strong></span> <span class='ocrx_word' id='word_1_104' title='bbox 876 1640 897 1737; x_wconf 76' lang='grc' dir='ltr'>ἢ</span> <span class='ocrx_word' id='word_1_105' title='bbox 928 1647 1022 1725; x_wconf 92' lang='grc' dir='ltr'><strong><em>νέκυς</em></strong></span> <span class='ocrx_word' id='word_1_106' title='bbox 1046 1645 1174 1713; x_wconf 76' lang='grc' dir='ltr'><strong><em>καὶτὰ</em></strong></span> <span class='ocrx_word' id='word_1_107' title='bbox 1283 1716 1291 1727; x_wconf 62' lang='grc'>,</span> 
     </span>
     <span class='ocr_line' id='line_1_14' title="bbox 75 1740 1175 1832; baseline 0.004 -22"><span class='ocrx_word' id='word_1_108' title='bbox 75 1742 192 1823; x_wconf 75' lang='grc' dir='ltr'><strong><em>τούτοις</em></strong></span> <span class='ocrx_word' id='word_1_109' title='bbox 220 1740 347 1831; x_wconf 85' lang='grc' dir='ltr'><strong><em>ὁμοίως</em></strong></span> <span class='ocrx_word' id='word_1_110' title='bbox 377 1743 633 1832; x_wconf 78' lang='grc' dir='ltr'><strong><em>συναιρούμενα,</em></strong></span> <span class='ocrx_word' id='word_1_111' title='bbox 665 1770 727 1815; x_wconf 84' lang='lat' dir='ltr'>nec</span> <span class='ocrx_word' id='word_1_112' title='bbox 755 1749 862 1814; x_wconf 90' lang='lat' dir='ltr'>minus</span> <span class='ocrx_word' id='word_1_113' title='bbox 891 1749 1034 1815; x_wconf 86' lang='lat' dir='ltr'>dilucide</span> <span class='ocrx_word' id='word_1_114' title='bbox 1062 1749 1175 1814; x_wconf 90' lang='lat' dir='ltr'>Hero·</span> 
     </span>
     <span class='ocr_line' id='line_1_15' title="bbox 76 1844 1176 1917; baseline 0.004 -6"><span class='ocrx_word' id='word_1_115' title='bbox 76 1847 179 1913; x_wconf 88' lang='lat' dir='ltr'>dianus</span> <span class='ocrx_word' id='word_1_116' title='bbox 201 1848 238 1913; x_wconf 88' lang='lat' dir='ltr'>in</span> <span class='ocrx_word' id='word_1_117' title='bbox 258 1844 371 1915; x_wconf 86' lang='lat' dir='ltr'>Sohol.</span> <span class='ocrx_word' id='word_1_118' title='bbox 392 1847 432 1913; x_wconf 91' lang='lat' dir='ltr'>Il.</span> <span class='ocrx_word' id='word_1_119' title='bbox 453 1848 588 1917; x_wconf 88' lang='lat' dir='ltr'>XXIV.</span> <span class='ocrx_word' id='word_1_120' title='bbox 613 1849 685 1915; x_wconf 82' lang='lat'>665.</span> <span class='ocrx_word' id='word_1_121' title='bbox 716 1850 852 1917; x_wconf 79' lang='grc' dir='ltr'><strong><em>δαινῦιο</em></strong></span> <span class='ocrx_word' id='word_1_122' title='bbox 874 1848 913 1917; x_wconf 78' lang='lat' dir='ltr'>dx</span> <span class='ocrx_word' id='word_1_123' title='bbox 932 1853 991 1915; x_wconf 79' lang='grc' dir='ltr'><strong><em>τοῦ</em></strong></span> <span class='ocrx_word' id='word_1_124' title='bbox 1016 1845 1176 1915; x_wconf 85' lang='grc' dir='ltr'><strong><em>δαινόατο</em></strong></span> 
     </span>
     <span class='ocr_line' id='line_1_16' title="bbox 77 1942 1176 2039; baseline 0.002 -28"><span class='ocrx_word' id='word_1_125' title='bbox 77 1951 248 2036; x_wconf 82' lang='grc' dir='ltr'><strong><em>συναλοιφῇ</em></strong></span> <span class='ocrx_word' id='word_1_126' title='bbox 270 1942 318 2026; x_wconf 81' lang='grc' dir='ltr'>ὦς</span> <span class='ocrx_word' id='word_1_127' title='bbox 339 1947 416 2027; x_wconf 78' lang='grc' dir='ltr'><strong><em>τοὺς</em></strong></span> <span class='ocrx_word' id='word_1_128' title='bbox 437 1946 555 2027; x_wconf 85' lang='grc' dir='ltr'><strong><em>νέκυας</em></strong></span> <span class='ocrx_word' id='word_1_129' title='bbox 576 1947 669 2026; x_wconf 77' lang='grc' dir='ltr'><strong><em>νέκυς</em></strong></span> <span class='ocrx_word' id='word_1_130' title='bbox 688 1946 765 2039; x_wconf 73' lang='grc' dir='ltr'>ἔφη.</span> <span class='ocrx_word' id='word_1_131' title='bbox 809 1951 879 2017; x_wconf 86' lang='lat' dir='ltr'>Sed</span> <span class='ocrx_word' id='word_1_132' title='bbox 901 1949 992 2035; x_wconf 89' lang='lat' dir='ltr'>quod</span> <span class='ocrx_word' id='word_1_133' title='bbox 1006 1949 1095 2014; x_wconf 89' lang='lat' dir='ltr'>idem</span> <span class='ocrx_word' id='word_1_134' title='bbox 1116 1948 1176 2013; x_wconf 87' lang='lat' dir='ltr'>ali·</span> 
     </span>
     <span class='ocr_line' id='line_1_17' title="bbox 78 2043 1177 2138; baseline 0 -25"><span class='ocrx_word' id='word_1_135' title='bbox 78 2050 194 2132; x_wconf 81' lang='lat' dir='ltr'>quando</span> <span class='ocrx_word' id='word_1_136' title='bbox 225 2048 291 2127; x_wconf 80' lang='grc' dir='ltr'><strong><em>τός-</em></strong></span> <span class='ocrx_word' id='word_1_137' title='bbox 324 2046 436 2128; x_wconf 85' lang='grc' dir='ltr'><strong><em>κλιτός</em></strong></span> <span class='ocrx_word' id='word_1_138' title='bbox 467 2050 598 2137; x_wconf 81' lang='lat' dir='ltr'>scripsit</span> <span class='ocrx_word' id='word_1_139' title='bbox 633 2060 665 2115; x_wconf 85' lang='lat' dir='ltr'>et</span> <span class='ocrx_word' id='word_1_140' title='bbox 693 2049 756 2127; x_wconf 81' lang='grc' dir='ltr'>τὰς</span> <span class='ocrx_word' id='word_1_141' title='bbox 782 2047 931 2138; x_wconf 77' lang='grc' dir='ltr'><strong><em>γραπτός</em></strong></span> <span class='ocrx_word' id='word_1_142' title='bbox 956 2044 1033 2116; x_wconf 80' lang='grc' dir='ltr'><strong><em>κατ’</em></strong></span> <span class='ocrx_word' id='word_1_143' title='bbox 1062 2043 1177 2128; x_wconf 81' lang='grc' dir='ltr'><strong><em>ὀξεῖαν</em></strong></span> 
     </span>
     <span class='ocr_line' id='line_1_18' title="bbox 80 2144 1178 2236; baseline -0.001 -21"><span class='ocrx_word' id='word_1_144' title='bbox 80 2144 164 2215; x_wconf 73' lang='lat' dir='ltr'>adca</span> <span class='ocrx_word' id='word_1_145' title='bbox 178 2150 255 2217; x_wconf 84' lang='lat' dir='ltr'>Sch.</span> <span class='ocrx_word' id='word_1_146' title='bbox 279 2151 318 2217; x_wconf 88' lang='grc' dir='ltr'>ΙΙ.</span> <span class='ocrx_word' id='word_1_147' title='bbox 334 2150 433 2219; x_wconf 91' lang='lat' dir='ltr'><strong>XVI.</strong></span> <span class='ocrx_word' id='word_1_148' title='bbox 454 2150 528 2217; x_wconf 89' lang='grc'><strong>390.</strong></span> <span class='ocrx_word' id='word_1_149' title='bbox 548 2151 660 2217; x_wconf 87' lang='lat' dir='ltr'>nescio</span> <span class='ocrx_word' id='word_1_150' title='bbox 683 2151 765 2236; x_wconf 90' lang='lat' dir='ltr'>quid</span> <span class='ocrx_word' id='word_1_151' title='bbox 779 2150 920 2217; x_wconf 70' lang='lat' dir='ltr'>rationis</span> <span class='ocrx_word' id='word_1_152' title='bbox 941 2150 1093 2215; x_wconf 88' lang='lat' dir='ltr'>habuerit</span> <span class='ocrx_word' id='word_1_153' title='bbox 1112 2149 1178 2215; x_wconf 90' lang='lat' dir='ltr'>nisi</span> 
     </span>
     <span class='ocr_line' id='line_1_19' title="bbox 78 2240 1188 2340; baseline 0.003 -27"><span class='ocrx_word' id='word_1_154' title='bbox 78 2250 148 2317; x_wconf 78' lang='lat' dir='ltr'>forte</span> <span class='ocrx_word' id='word_1_155' title='bbox 164 2254 334 2319; x_wconf 89' lang='lat' dir='ltr'>nominum</span> <span class='ocrx_word' id='word_1_156' title='bbox 354 2253 390 2319; x_wconf 87' lang='lat' dir='ltr'>in</span> <span class='ocrx_word' id='word_1_157' title='bbox 417 2240 456 2332; x_wconf 68' lang='lat' dir='ltr'>a}</span> <span class='ocrx_word' id='word_1_158' title='bbox 477 2253 665 2319; x_wconf 81' lang='lat' dir='ltr'>exeuntium</span> <span class='ocrx_word' id='word_1_159' title='bbox 690 2275 785 2319; x_wconf 87' lang='lat' dir='ltr'>casus</span> <span class='ocrx_word' id='word_1_160' title='bbox 811 2252 991 2340; x_wconf 83' lang='lat' dir='ltr'>bisyllcbcs</span> <span class='ocrx_word' id='word_1_161' title='bbox 1012 2252 1056 2316; x_wconf 82' lang='lat' dir='ltr'>ad</span> <span class='ocrx_word' id='word_1_162' title='bbox 1076 2274 1188 2333; x_wconf 83' lang='lat' dir='ltr'>unum</span> 
     </span>
     <span class='ocr_line' id='line_1_20' title="bbox 74 2348 1176 2447; baseline 0.002 -30"><span class='ocrx_word' id='word_1_163' title='bbox 74 2375 174 2419; x_wconf 89' lang='lat' dir='ltr'>omnes</span> <span class='ocrx_word' id='word_1_164' title='bbox 196 2355 315 2421; x_wconf 88' lang='lat' dir='ltr'>eodem</span> <span class='ocrx_word' id='word_1_165' title='bbox 335 2365 472 2421; x_wconf 81' lang='lat' dir='ltr'>accentu</span> <span class='ocrx_word' id='word_1_166' title='bbox 492 2355 656 2447; x_wconf 75' lang='lat' dir='ltr'>notandos</span> <span class='ocrx_word' id='word_1_167' title='bbox 679 2354 815 2441; x_wconf 87' lang='lat' dir='ltr'>putavit.</span> <span class='ocrx_word' id='word_1_168' title='bbox 837 2348 856 2442; x_wconf 78' lang='grc' dir='ltr'><strong><em>ἡ</em></strong></span> <span class='ocrx_word' id='word_1_169' title='bbox 880 2353 972 2441; x_wconf 81' lang='grc' dir='ltr'><strong><em>γένος</em></strong></span> <span class='ocrx_word' id='word_1_170' title='bbox 991 2352 1054 2431; x_wconf 82' lang='grc' dir='ltr'>τὰς</span> <span class='ocrx_word' id='word_1_171' title='bbox 1074 2351 1176 2439; x_wconf 80' lang='grc' dir='ltr'><strong><em>γένος,</em></strong></span> 
     </span>
     <span class='ocr_line' id='line_1_21' title="bbox 73 2450 1178 2553; baseline -0.001 -31"><span class='ocrx_word' id='word_1_172' title='bbox 73 2450 88 2522; x_wconf 88' lang='grc' dir='ltr'>ὁ</span> <span class='ocrx_word' id='word_1_173' title='bbox 108 2452 201 2536; x_wconf 75' lang='grc' dir='ltr'><strong><em>ἰχθῦς</em></strong></span> <span class='ocrx_word' id='word_1_174' title='bbox 220 2456 299 2535; x_wconf 68' lang='lat' dir='ltr'>code</span> <span class='ocrx_word' id='word_1_175' title='bbox 321 2455 432 2537; x_wconf 73' lang='grc' dir='ltr'><strong><em>έχθῦς,</em></strong></span> <span class='ocrx_word' id='word_1_176' title='bbox 455 2452 474 2524; x_wconf 88' lang='grc' dir='ltr'>ὁ</span> <span class='ocrx_word' id='word_1_177' title='bbox 493 2452 667 2553; x_wconf 45' lang='grc' dir='ltr'><strong><em>βότρυς-οὶ</em></strong></span> <span class='ocrx_word' id='word_1_178' title='bbox 688 2451 818 2542; x_wconf 77' lang='grc' dir='ltr'><strong><em>βότρυς,</em></strong></span> <span class='ocrx_word' id='word_1_179' title='bbox 840 2478 919 2521; x_wconf 83' lang='lat' dir='ltr'>nem</span> <span class='ocrx_word' id='word_1_180' title='bbox 937 2478 1104 2542; x_wconf 79' lang='lat' dir='ltr'>syncopae</span> <span class='ocrx_word' id='word_1_181' title='bbox 1124 2476 1178 2521; x_wconf 93' lang='lat' dir='ltr'>re·</span> 
     </span>
     <span class='ocr_line' id='line_1_22' title="bbox 71 2555 1181 2643; baseline -0.001 -21"><span class='ocrx_word' id='word_1_182' title='bbox 71 2569 190 2643; x_wconf 79' lang='lat' dir='ltr'>pugnat</span> <span class='ocrx_word' id='word_1_183' title='bbox 211 2567 245 2623; x_wconf 92' lang='lat' dir='ltr'>et</span> <span class='ocrx_word' id='word_1_184' title='bbox 264 2557 438 2643; x_wconf 85' lang='lat' dir='ltr'>longitudo</span> <span class='ocrx_word' id='word_1_185' title='bbox 459 2558 582 2625; x_wconf 85' lang='lat' dir='ltr'>vocalis</span> <span class='ocrx_word' id='word_1_186' title='bbox 606 2583 624 2622; x_wconf 93' lang='grc' dir='ltr'><strong><em>υ</em></strong></span> <span class='ocrx_word' id='word_1_187' title='bbox 650 2567 682 2622; x_wconf 91' lang='lat' dir='ltr'>et</span> <span class='ocrx_word' id='word_1_188' title='bbox 703 2567 858 2623; x_wconf 87' lang='lat' dir='ltr'>accentus</span> <span class='ocrx_word' id='word_1_189' title='bbox 875 2558 911 2623; x_wconf 89' lang='lat' dir='ltr'>in</span> <span class='ocrx_word' id='word_1_190' title='bbox 926 2555 1181 2641; x_wconf 83' lang='lat' dir='ltr'>eademsyllebe</span> 
     </span>
     <span class='ocr_line' id='line_1_23' title="bbox 69 2657 1181 2746; baseline -0.002 -23"><span class='ocrx_word' id='word_1_191' title='bbox 69 2658 260 2745; x_wconf 88' lang='lat' dir='ltr'>permansio.</span> <span class='ocrx_word' id='word_1_192' title='bbox 312 2660 491 2746; x_wconf 83' lang='lat' dir='ltr'>Syncopen</span> <span class='ocrx_word' id='word_1_193' title='bbox 525 2680 600 2723; x_wconf 91' lang='lat' dir='ltr'>cum</span> <span class='ocrx_word' id='word_1_194' title='bbox 627 2668 745 2743; x_wconf 85' lang='lat' dir='ltr'>quarto</span> <span class='ocrx_word' id='word_1_195' title='bbox 779 2680 860 2724; x_wconf 84' lang='lat' dir='ltr'>ccsu</span> <span class='ocrx_word' id='word_1_196' title='bbox 894 2668 1007 2723; x_wconf 79' lang='lat' dir='ltr'>natam</span> <span class='ocrx_word' id='word_1_197' title='bbox 1036 2657 1181 2723; x_wconf 80' lang='lat' dir='ltr'>ostendit</span> 
     </span>
     <span class='ocr_line' id='line_1_24' title="bbox 69 2754 1178 2845; baseline -0.002 -18"><span class='ocrx_word' id='word_1_198' title='bbox 69 2755 152 2827; x_wconf 78' lang='grc' dir='ltr'><strong><em>ὦλκα</em></strong></span> <span class='ocrx_word' id='word_1_199' title='bbox 171 2761 210 2825; x_wconf 92' lang='lat' dir='ltr'>id</span> <span class='ocrx_word' id='word_1_200' title='bbox 238 2770 290 2827; x_wconf 89' lang='lat' dir='ltr'>est</span> <span class='ocrx_word' id='word_1_201' title='bbox 310 2754 441 2829; x_wconf 82' lang='grc' dir='ltr'><strong><em>αἴλακα</em></strong></span> <span class='ocrx_word' id='word_1_202' title='bbox 466 2760 578 2829; x_wconf 75' lang='lat' dir='ltr'>schol.</span> <span class='ocrx_word' id='word_1_203' title='bbox 600 2759 640 2825; x_wconf 91' lang='lat' dir='ltr'>ll.</span> <span class='ocrx_word' id='word_1_204' title='bbox 663 2760 765 2825; x_wconf 89' lang='lat' dir='ltr'><strong>XIII.</strong></span> <span class='ocrx_word' id='word_1_205' title='bbox 792 2758 865 2824; x_wconf 90' lang='grc'><strong>707.</strong></span> <span class='ocrx_word' id='word_1_206' title='bbox 895 2759 974 2826; x_wconf 88' lang='lat' dir='ltr'>Sch.</span> <span class='ocrx_word' id='word_1_207' title='bbox 995 2758 1109 2845; x_wconf 91' lang='lat' dir='ltr'>Apoll.</span> <span class='ocrx_word' id='word_1_208' title='bbox 1130 2759 1178 2825; x_wconf 92' lang='lat' dir='ltr'>II.</span> 
     </span>
     <span class='ocr_line' id='line_1_25' title="bbox 67 2851 1183 2947; baseline 0.001 -20"><span class='ocrx_word' id='word_1_209' title='bbox 67 2862 133 2927; x_wconf 84' lang='grc'><strong>396.</strong></span> <span class='ocrx_word' id='word_1_210' title='bbox 156 2862 211 2927; x_wconf 91' lang='lat' dir='ltr'>cui</span> <span class='ocrx_word' id='word_1_211' title='bbox 241 2862 454 2928; x_wconf 79' lang='lat' dir='ltr'>Grammatici</span> <span class='ocrx_word' id='word_1_212' title='bbox 481 2862 643 2947; x_wconf 78' lang='lat' dir='ltr'>alfingmt</span> <span class='ocrx_word' id='word_1_213' title='bbox 668 2860 904 2927; x_wconf 78' lang='lat' dir='ltr'>nominativum</span> <span class='ocrx_word' id='word_1_214' title='bbox 930 2860 1092 2925; x_wconf 78' lang='lat' dir='ltr'>absonum</span> <span class='ocrx_word' id='word_1_215' title='bbox 1113 2851 1183 2941; x_wconf 82' lang='grc' dir='ltr'>ὦλξ</span> 
     </span>
     <span class='ocr_line' id='line_1_26' title="bbox 67 2954 1181 3053; baseline -0.001 -28"><span class='ocrx_word' id='word_1_216' title='bbox 67 2986 92 3028; x_wconf 90' lang='lat' dir='ltr'>v.</span> <span class='ocrx_word' id='word_1_217' title='bbox 117 2963 242 3029; x_wconf 82' lang='lat' dir='ltr'>Parall.</span> <span class='ocrx_word' id='word_1_218' title='bbox 267 2963 339 3029; x_wconf 88' lang='lat'>111.</span> <span class='ocrx_word' id='word_1_219' title='bbox 357 2964 437 3037; x_wconf 60' lang='lat' dir='ltr'>,Pro</span> <span class='ocrx_word' id='word_1_220' title='bbox 459 2962 523 3029; x_wconf 91' lang='lat' dir='ltr'>hoo</span> <span class='ocrx_word' id='word_1_221' title='bbox 546 2963 693 3031; x_wconf 82' lang='lat' dir='ltr'>Graecos</span> <span class='ocrx_word' id='word_1_222' title='bbox 715 2954 808 3041; x_wconf 81' lang='grc' dir='ltr'><strong><em>ὦλαξ</em></strong></span> <span class='ocrx_word' id='word_1_223' title='bbox 829 2962 952 3027; x_wconf 85' lang='lat' dir='ltr'>dixisse</span> <span class='ocrx_word' id='word_1_224' title='bbox 971 2970 1070 3053; x_wconf 80' lang='lat' dir='ltr'>puto,</span> <span class='ocrx_word' id='word_1_225' title='bbox 1092 2959 1181 3025; x_wconf 89' lang='lat' dir='ltr'>unde</span> 
     </span>
     <span class='ocr_line' id='line_1_27' title="bbox 67 3059 507 3153; baseline 0.005 -24"><span class='ocrx_word' id='word_1_226' title='bbox 67 3064 282 3153; x_wconf 87' lang='lat' dir='ltr'>compositum</span> <span class='ocrx_word' id='word_1_227' title='bbox 303 3059 486 3149; x_wconf 81' lang='grc' dir='ltr'><strong><em>ὁμώλακες.</em></strong></span> <span class='ocrx_word' id='word_1_228' title='bbox 505 3076 507 3081; x_wconf 80' lang='grc'><strong>“</strong></span> 
     </span>
    </p>

    <p class='ocr_par' dir='ltr' id='par_1_3' title="bbox 61 3181 1185 3875">
     <span class='ocr_line' id='line_1_28' title="bbox 143 3181 1181 3277; baseline -0.003 -29"><span class='ocrx_word' id='word_1_229' title='bbox 143 3189 170 3269; x_wconf 71' lang='grc' dir='ltr'>ξ.</span> <span class='ocrx_word' id='word_1_230' title='bbox 198 3184 231 3249; x_wconf 91' lang='grc'>6.</span> <span class='ocrx_word' id='word_1_231' title='bbox 276 3183 330 3247; x_wconf 89' lang='lat' dir='ltr'>De</span> <span class='ocrx_word' id='word_1_232' title='bbox 351 3181 526 3248; x_wconf 86' lang='lat' dir='ltr'>verborum</span> <span class='ocrx_word' id='word_1_233' title='bbox 542 3182 781 3248; x_wconf 83' lang='lat' dir='ltr'>inclinamentis</span> <span class='ocrx_word' id='word_1_234' title='bbox 793 3188 1097 3277; x_wconf 55' lang='lat' dir='ltr'>quae-promuntur,</span> <span class='ocrx_word' id='word_1_235' title='bbox 1118 3200 1181 3265; x_wconf 91' lang='lat' dir='ltr'>po-</span> 
     </span>
     <span class='ocr_line' id='line_1_29' title="bbox 67 3269 1183 3371; baseline -0.004 -22"><span class='ocrx_word' id='word_1_236' title='bbox 67 3287 226 3351; x_wconf 84' lang='lat' dir='ltr'>tissimum</span> <span class='ocrx_word' id='word_1_237' title='bbox 248 3284 293 3349; x_wconf 87' lang='lat' dir='ltr'>ad</span> <span class='ocrx_word' id='word_1_238' title='bbox 316 3284 497 3371; x_wconf 88' lang='lat' dir='ltr'>perlectum</span> <span class='ocrx_word' id='word_1_239' title='bbox 519 3293 686 3371; x_wconf 85' lang='lat' dir='ltr'>spectant:</span> <span class='ocrx_word' id='word_1_240' title='bbox 717 3282 760 3350; x_wconf 83' lang='grc' dir='ltr'>τό</span> <span class='ocrx_word' id='word_1_241' title='bbox 783 3279 833 3359; x_wconf 77' lang='grc' dir='ltr'>εἷς</span> <span class='ocrx_word' id='word_1_242' title='bbox 851 3306 912 3366; x_wconf 85' lang='grc' dir='ltr'>μεν</span> <span class='ocrx_word' id='word_1_243' title='bbox 932 3269 1080 3369; x_wconf 73' lang='grc' dir='ltr'><strong><em>λήγοντα</em></strong></span> <span class='ocrx_word' id='word_1_244' title='bbox 1095 3282 1183 3369; x_wconf 88' lang='grc' dir='ltr'><strong><em>πλη-</em></strong></span> 
     </span>
     <span class='ocr_line' id='line_1_30' title="bbox 64 3374 1184 3471; baseline -0.003 -19"><span class='ocrx_word' id='word_1_245' title='bbox 64 3385 204 3453; x_wconf 72' lang='grc' dir='ltr'><strong><em>θυντικόι</em></strong></span> <span class='ocrx_word' id='word_1_246' title='bbox 228 3379 285 3451; x_wconf 75' lang='grc' dir='ltr'>ἀεὶ</span> <span class='ocrx_word' id='word_1_247' title='bbox 307 3382 375 3465; x_wconf 75' lang='grc' dir='ltr'><strong><em>ἔχει</em></strong></span> <span class='ocrx_word' id='word_1_248' title='bbox 396 3383 551 3471; x_wconf 78' lang='grc' dir='ltr'><strong><em>καθαρόν</em></strong></span> <span class='ocrx_word' id='word_1_249' title='bbox 571 3384 610 3451; x_wconf 85' lang='grc' dir='ltr'>τό</span> <span class='ocrx_word' id='word_1_250' title='bbox 640 3374 666 3469; x_wconf 72' lang='grc' dir='ltr'><strong><em>μ</em></strong></span> <span class='ocrx_word' id='word_1_251' title='bbox 688 3383 825 3466; x_wconf 80' lang='grc' dir='ltr'><strong><em>δίδομεν</em></strong></span> <span class='ocrx_word' id='word_1_252' title='bbox 847 3408 877 3448; x_wconf 93' lang='grc' dir='ltr'>κ.</span> <span class='ocrx_word' id='word_1_253' title='bbox 905 3408 934 3448; x_wconf 88' lang='grc' dir='ltr'>τ.</span> <span class='ocrx_word' id='word_1_254' title='bbox 956 3383 985 3448; x_wconf 88' lang='grc' dir='ltr'>λ.</span> <span class='ocrx_word' id='word_1_255' title='bbox 1014 3378 1044 3449; x_wconf 84' lang='grc' dir='ltr'>εἴ</span> <span class='ocrx_word' id='word_1_256' title='bbox 1066 3380 1184 3467; x_wconf 84' lang='grc' dir='ltr'><strong><em>μέντοι</em></strong></span> 
     </span>
     <span class='ocr_line' id='line_1_31' title="bbox 66 3478 1184 3575; baseline -0.003 -24"><span class='ocrx_word' id='word_1_257' title='bbox 66 3482 246 3575; x_wconf 89' lang='grc' dir='ltr'><strong><em>σόμφιονον</em></strong></span> <span class='ocrx_word' id='word_1_258' title='bbox 267 3479 437 3573; x_wconf 72' lang='grc' dir='ltr'><strong><em>εὑρεθείη,</em></strong></span> <span class='ocrx_word' id='word_1_259' title='bbox 460 3482 609 3571; x_wconf 77' lang='grc' dir='ltr'><strong><em>συγκοπὴ</em></strong></span> <span class='ocrx_word' id='word_1_260' title='bbox 633 3483 761 3571; x_wconf 77' lang='grc' dir='ltr'><strong><em>ἐγένετο</em></strong></span> <span class='ocrx_word' id='word_1_261' title='bbox 781 3479 902 3568; x_wconf 88' lang='grc' dir='ltr'><strong><em>ἴσαμεν</em></strong></span> <span class='ocrx_word' id='word_1_262' title='bbox 924 3478 1035 3567; x_wconf 84' lang='grc' dir='ltr'><strong><em>ἴσμεν,</em></strong></span> <span class='ocrx_word' id='word_1_263' title='bbox 1066 3479 1184 3566; x_wconf 88' lang='grc' dir='ltr'><strong><em>ἴδομεν</em></strong></span> 
     </span>
     <span class='ocr_line' id='line_1_32' title="bbox 62 3581 1184 3672; baseline -0.002 -21"><span class='ocrx_word' id='word_1_264' title='bbox 62 3581 171 3669; x_wconf 89' lang='grc' dir='ltr'><strong><em>ἴδμεν,</em></strong></span> <span class='ocrx_word' id='word_1_265' title='bbox 209 3582 358 3672; x_wconf 75' lang='grc' dir='ltr'><strong><em>ἔοιγμεν,</em></strong></span> <span class='ocrx_word' id='word_1_266' title='bbox 388 3583 580 3670; x_wconf 84' lang='grc' dir='ltr'><strong><em>δέδοιγμεν,</em></strong></span> <span class='ocrx_word' id='word_1_267' title='bbox 621 3583 816 3668; x_wconf 70' lang='grc' dir='ltr'><strong><em>ἐπέπιθμεν</em></strong></span> <span class='ocrx_word' id='word_1_268' title='bbox 842 3585 969 3651; x_wconf 91' lang='lat' dir='ltr'>Herod.</span> <span class='ocrx_word' id='word_1_269' title='bbox 1005 3585 1100 3651; x_wconf 90' lang='lat' dir='ltr'>Mon.</span> <span class='ocrx_word' id='word_1_270' title='bbox 1131 3584 1184 3661; x_wconf 78' lang='lat'>23,</span> 
     </span>
     <span class='ocr_line' id='line_1_33' title="bbox 62 3685 1185 3774; baseline -0.003 -20"><span class='ocrx_word' id='word_1_271' title='bbox 62 3687 109 3753; x_wconf 83' lang='lat'>33.</span> <span class='ocrx_word' id='word_1_272' title='bbox 134 3710 227 3774; x_wconf 81' lang='lat' dir='ltr'>qnae</span> <span class='ocrx_word' id='word_1_273' title='bbox 253 3708 274 3751; x_wconf 82' lang='lat' dir='ltr'>a</span> <span class='ocrx_word' id='word_1_274' title='bbox 293 3686 403 3752; x_wconf 88' lang='lat' dir='ltr'>multis</span> <span class='ocrx_word' id='word_1_275' title='bbox 423 3686 540 3751; x_wconf 81' lang='lat' dir='ltr'>iterate</span> <span class='ocrx_word' id='word_1_276' title='bbox 561 3696 645 3765; x_wconf 91' lang='lat' dir='ltr'>sunt,</span> <span class='ocrx_word' id='word_1_277' title='bbox 667 3686 728 3751; x_wconf 86' lang='lat' dir='ltr'>sed</span> <span class='ocrx_word' id='word_1_278' title='bbox 749 3685 823 3771; x_wconf 89' lang='lat' dir='ltr'>quis</span> <span class='ocrx_word' id='word_1_279' title='bbox 846 3685 1022 3772; x_wconf 80' lang='grc' dir='ltr'><strong><em>δέδοιγμεν</em></strong></span> <span class='ocrx_word' id='word_1_280' title='bbox 1042 3708 1185 3772; x_wconf 83' lang='lat' dir='ltr'>usurpa·</span> 
     </span>
     <span class='ocr_line' id='line_1_34' title="bbox 61 3782 1185 3875; baseline 0.003 -25"><span class='ocrx_word' id='word_1_281' title='bbox 61 3790 150 3867; x_wconf 83' lang='lat' dir='ltr'>verit,</span> <span class='ocrx_word' id='word_1_282' title='bbox 174 3811 277 3855; x_wconf 90' lang='lat' dir='ltr'>nemo</span> <span class='ocrx_word' id='word_1_283' title='bbox 298 3809 361 3854; x_wconf 86' lang='lat' dir='ltr'>nos</span> <span class='ocrx_word' id='word_1_284' title='bbox 382 3797 489 3853; x_wconf 85' lang='lat' dir='ltr'>certos</span> <span class='ocrx_word' id='word_1_285' title='bbox 510 3787 628 3853; x_wconf 86' lang='lat' dir='ltr'>reddit.</span> <span class='ocrx_word' id='word_1_286' title='bbox 678 3787 782 3858; x_wconf 90' lang='lat' dir='ltr'>Verbi</span> <span class='ocrx_word' id='word_1_287' title='bbox 810 3782 908 3871; x_wconf 83' lang='grc' dir='ltr'><strong><em>ἴδμεν</em></strong></span> <span class='ocrx_word' id='word_1_288' title='bbox 936 3787 1054 3875; x_wconf 89' lang='lat' dir='ltr'>triplex</span> <span class='ocrx_word' id='word_1_289' title='bbox 1091 3788 1185 3873; x_wconf 84' lang='lat' dir='ltr'>origo</span> 
     </span>
    </p>
   </div>
   <div class='ocr_carea' id='block_1_3' title="bbox 65 4028 1186 4375">
    <p class='ocr_par' dir='ltr' id='par_1_4' title="bbox 65 4028 1186 4375">
     <span class='ocr_line' id='line_1_35' title="bbox 129 4028 1184 4114; baseline -0.008 -17"><span class='ocrx_word' id='word_1_290' title='bbox 129 4044 180 4113; x_wconf 80' lang='lat'>20)</span> <span class='ocrx_word' id='word_1_291' title='bbox 195 4046 282 4097; x_wconf 82' lang='grc' dir='ltr'><strong><em>Πᾶσα</em></strong></span> <span class='ocrx_word' id='word_1_292' title='bbox 295 4040 393 4097; x_wconf 76' lang='grc' dir='ltr'><strong><em>εὐθεῖα</em></strong></span> <span class='ocrx_word' id='word_1_293' title='bbox 411 4044 606 4109; x_wconf 69' lang='grc' dir='ltr'><strong><em>πληθυντικῶν</em></strong></span> <span class='ocrx_word' id='word_1_294' title='bbox 624 4043 662 4101; x_wconf 74' lang='grc' dir='ltr'>εἱς</span> <span class='ocrx_word' id='word_1_295' title='bbox 675 4028 848 4110; x_wconf 67' lang='grc' dir='ltr'><strong><em>ἶς’λὴγσυσα</em></strong></span> <span class='ocrx_word' id='word_1_296' title='bbox 866 4042 914 4094; x_wconf 77' lang='grc' dir='ltr'>καὶ</span> <span class='ocrx_word' id='word_1_297' title='bbox 933 4040 1109 4114; x_wconf 77' lang='grc' dir='ltr'><strong><em>συνηηημένη</em></strong></span> <span class='ocrx_word' id='word_1_298' title='bbox 1128 4036 1184 4106; x_wconf 80' lang='grc' dir='ltr'><strong><em>ἔχει</em></strong></span> 
     </span>
     <span class='ocr_line' id='line_1_36' title="bbox 65 4122 1184 4201; baseline -0.003 -23"><span class='ocrx_word' id='word_1_299' title='bbox 65 4123 112 4192; x_wconf 74' lang='grc' dir='ltr'>τὴν</span> <span class='ocrx_word' id='word_1_300' title='bbox 125 4126 282 4195; x_wconf 68' lang='grc' dir='ltr'><strong><em>αἰτιατικὴν</em></strong></span> <span class='ocrx_word' id='word_1_301' title='bbox 294 4125 449 4199; x_wconf 79' lang='grc' dir='ltr'><strong><em>ὁμόφωνον</em></strong></span> <span class='ocrx_word' id='word_1_302' title='bbox 460 4126 542 4201; x_wconf 76' lang='grc' dir='ltr'><strong><em>ἑαυτῇ</em></strong></span> <span class='ocrx_word' id='word_1_303' title='bbox 556 4127 583 4180; x_wconf 87' lang='grc' dir='ltr'><strong><em>οἱ</em></strong></span> <span class='ocrx_word' id='word_1_304' title='bbox 594 4130 675 4196; x_wconf 66' lang='grc' dir='ltr'><strong><em>ἰχθῦς</em></strong></span> <span class='ocrx_word' id='word_1_305' title='bbox 687 4123 750 4187; x_wconf 75' lang='grc' dir='ltr'><strong><em>τοὺς</em></strong></span> <span class='ocrx_word' id='word_1_306' title='bbox 760 4130 849 4197; x_wconf 75' lang='grc' dir='ltr'><strong><em>λχθῦς,</em></strong></span> <span class='ocrx_word' id='word_1_307' title='bbox 862 4127 891 4181; x_wconf 75' lang='lat' dir='ltr'>ol</span> <span class='ocrx_word' id='word_1_308' title='bbox 899 4128 966 4195; x_wconf 74' lang='grc' dir='ltr'><strong><em>ῥοῦς</em></strong></span> <span class='ocrx_word' id='word_1_309' title='bbox 976 4122 1041 4185; x_wconf 79' lang='grc' dir='ltr'><strong><em>τοὺς</em></strong></span> <span class='ocrx_word' id='word_1_310' title='bbox 1050 4126 1117 4191; x_wconf 71' lang='grc' dir='ltr'><strong><em>ῥοῦς</em></strong></span> <span class='ocrx_word' id='word_1_311' title='bbox 1128 4127 1184 4176; x_wconf 87' lang='lat' dir='ltr'>etc.</span> 
     </span>
     <span class='ocr_line' id='line_1_37' title="bbox 67 4205 1186 4285; baseline -0.004 -21"><span class='ocrx_word' id='word_1_312' title='bbox 67 4208 135 4266; x_wconf 81' lang='lat' dir='ltr'>Cen.</span> <span class='ocrx_word' id='word_1_313' title='bbox 149 4216 216 4281; x_wconf 75' lang='lat'>24³,</span> <span class='ocrx_word' id='word_1_314' title='bbox 227 4216 271 4269; x_wconf 77' lang='lat'>2⁷.</span> <span class='ocrx_word' id='word_1_315' title='bbox 291 4210 323 4268; x_wconf 78' lang='grc' dir='ltr'>τὰ</span> <span class='ocrx_word' id='word_1_316' title='bbox 335 4210 433 4267; x_wconf 66' lang='grc' dir='ltr'><strong><em>ἰωνικὰ</em></strong></span> <span class='ocrx_word' id='word_1_317' title='bbox 448 4210 511 4285; x_wconf 76' lang='grc' dir='ltr'><strong><em>νοός</em></strong></span> <span class='ocrx_word' id='word_1_318' title='bbox 527 4206 626 4284; x_wconf 74' lang='grc' dir='ltr'><strong><em>μόνοις</em></strong></span> <span class='ocrx_word' id='word_1_319' title='bbox 637 4216 684 4266; x_wconf 79' lang='grc' dir='ltr'>καὶ</span> <span class='ocrx_word' id='word_1_320' title='bbox 697 4210 760 4273; x_wconf 76' lang='grc' dir='ltr'><strong><em>νοός</em></strong></span> <span class='ocrx_word' id='word_1_321' title='bbox 770 4206 835 4282; x_wconf 67' lang='lat' dir='ltr'>iore</span> <span class='ocrx_word' id='word_1_322' title='bbox 846 4210 879 4266; x_wconf 81' lang='lat' dir='ltr'>od</span> <span class='ocrx_word' id='word_1_323' title='bbox 891 4205 1023 4281; x_wconf 74' lang='grc' dir='ltr'><strong><em>γεγόνασι</em></strong></span> <span class='ocrx_word' id='word_1_324' title='bbox 1034 4206 1104 4263; x_wconf 78' lang='grc' dir='ltr'><strong><em>κατὰ</em></strong></span> <span class='ocrx_word' id='word_1_325' title='bbox 1115 4209 1186 4278; x_wconf 73' lang='grc' dir='ltr'><strong><em>κρᾶ-</em></strong></span> 
     </span>
     <span class='ocr_line' id='line_1_38' title="bbox 65 4288 1186 4375; baseline 0 -26"><span class='ocrx_word' id='word_1_326' title='bbox 65 4312 110 4352; x_wconf 87' lang='grc' dir='ltr'>σιν</span> <span class='ocrx_word' id='word_1_327' title='bbox 120 4297 186 4355; x_wconf 74' lang='grc' dir='ltr'><strong><em>ἀλλ’</em></strong></span> <span class='ocrx_word' id='word_1_328' title='bbox 205 4299 357 4375; x_wconf 80' lang='grc' dir='ltr'><strong><em>όμοφωνία</em></strong></span> <span class='ocrx_word' id='word_1_329' title='bbox 370 4299 429 4355; x_wconf 74' lang='lat' dir='ltr'>tart</span> <span class='ocrx_word' id='word_1_330' title='bbox 443 4301 488 4369; x_wconf 76' lang='grc' dir='ltr'>τῆς</span> <span class='ocrx_word' id='word_1_331' title='bbox 502 4296 730 4371; x_wconf 71' lang='grc' dir='ltr'><strong><em>αλιιατιιιῆςνιρδς</em></strong></span> <span class='ocrx_word' id='word_1_332' title='bbox 742 4295 791 4367; x_wconf 75' lang='grc' dir='ltr'><strong><em>τὴν</em></strong></span> <span class='ocrx_word' id='word_1_333' title='bbox 803 4295 920 4353; x_wconf 72' lang='grc' dir='ltr'><strong><em>εὐθεῖαν</em></strong></span> <span class='ocrx_word' id='word_1_334' title='bbox 930 4296 959 4351; x_wconf 79' lang='lat' dir='ltr'>ol</span> <span class='ocrx_word' id='word_1_335' title='bbox 968 4288 1134 4367; x_wconf 71' lang='grc' dir='ltr'><strong><em>μόνιιςῧόί,</em></strong></span> <span class='ocrx_word' id='word_1_336' title='bbox 1144 4296 1186 4350; x_wconf 87' lang='lat' dir='ltr'>ll.</span> 
     </span>
    </p>
   </div>
   <div class='ocr_carea' id='block_1_4' title="bbox 0 0 1418 4809">
    <p class='ocr_par' dir='ltr' id='par_1_5' title="bbox 0 0 1418 4809">
     <span class='ocr_line' id='line_1_39' title="bbox 0 0 1418 4809; baseline 0 4"><span class='ocrx_word' id='word_1_337' title='bbox 0 0 1418 4809; x_wconf 95' lang='lat' dir='ltr'> </span> 
     </span>
    </p>
   </div>
  </div>
 </body>
</html>
