2825 4809
271 305 345 383 148
633 303 954 375 DISSERTATIO
988 307 1017 374 1.

271 487 403 577 saepius
430 486 567 573 legitur,
593 485 659 553 hoc
687 509 728 554 ne
759 490 859 555 semel
887 489 1030 574 quidem.
1087 491 1243 579 Ταξλμορα
1268 499 1337 566 urhis

270 591 388 676 Syriae
408 609 529 653 nomen
554 587 663 654 strab.
684 588 783 656 XVI.
808 590 879 656 753.
903 611 989 675 quae
1009 589 1051 654 sb
1072 589 1139 654 aliis
1158 589 1284 680 Σίμαρος
1300 599 1337 662 di.

270 692 363 768 citur,
385 686 613 753 Tzschnchins
633 689 771 755 removit
781 687 914 773 Ξλμυρα
932 689 1099 775 corrigens
1116 689 1166 756 vel
1179 689 1338 779 αὰΣίμαρα,

270 802 304 858 et
333 789 440 856 eidem
467 787 621 856 Straboni
648 809 709 875 pro
727 781 815 877 ’Ὀνοη
842 789 921 858 XV.
951 791 1023 856 728.
1064 788 1173 856 Critici
1201 793 1339 858 restituunt

271 888 397 977 Ταόκη.
437 889 539 955 Mons
559 888 709 956 Creticus
738 887 880 975 Τίτορος
905 891 939 955 in
960 890 1052 957 libris
1080 891 1232 957 nonnullis
1257 891 1339 978 Τύρος

267 1001 404 1057 vocatur
428 1013 459 1055 v.
488 989 679 1054 Hoffmann.
715 989 943 1057 Grierltmlasd
970 1012 1004 1077 p.
1028 989 1121 1057 1325.
1150 992 1340 1056 Praetermitto

268 1091 334 1156 slis
353 1090 451 1175 hujus
471 1100 580 1167 notae,
605 1112 745 1175 quorum
767 1112 810 1156 ne
834 1091 994 1176 scriptura
1019 1090 1150 1175 quidem
1172 1091 1274 1176 liquet,
1296 1113 1339 1156 ne·
1380 1121 1381 1160 t

269 1192 348 1256 dum
379 1200 417 1254 ut
452 1190 517 1254 dici
545 1189 654 1275 possit
676 1199 785 1255 utrum
816 1189 941 1275 syllaba
973 1201 1105 1255 careant
1135 1213 1175 1255 an
1201 1189 1342 1254 abundent
1380 1221 1381 1258 ο

170 1354 175 1368 .
267 1290 440 1362 Vocabula
469 1290 669 1369 communis,
697 1313 782 1376 quse
803 1289 843 1354 ab
864 1290 1034 1376 Hesychio
1061 1301 1094 1355 et
1111 1291 1187 1357 EM
1205 1291 1341 1376 prolesn-
1379 1301 1381 1360 t

267 1404 336 1471 tur,
370 1389 568 1474 Βάστραχας
604 1391 682 1470 τοὺς
712 1387 897 1476 τραχήλους
931 1389 1096 1469 Βοιωτοί,
1127 1389 1342 1475 βαατραχρλίζα
1380 1425 1381 1430 1

266 1491 472 1578 αραχρλίζαν,
501 1490 566 1554 nisi
593 1491 699 1575 sigma
725 1490 902 1555 insiticium
930 1489 1103 1568 haherent,
1137 1489 1343 1556 concedendurn

268 1600 356 1658 esset
382 1587 548 1677 prosthesi
576 1589 733 1675 syllabica
759 1601 854 1655 aucte
882 1613 964 1656 esse.
1015 1591 1084 1658 Sed
1114 1589 1284 1677 epenthesis
1304 1589 1344 1652 ills
1380 1599 1381 1660 t

265 1693 376 1758 locum
404 1689 510 1777 aperit
535 1690 715 1776 suspicioni
739 1691 898 1756 cervicem
925 1713 945 1755 a
972 1689 1136 1778 principio
1163 1691 1272 1755 dichrm
1292 1710 1344 1753 esse
1380 1723 1381 1762 ο

265 1779 452 1879 σαράχηλαν
474 1785 542 1858 ἀπὸ
564 1795 625 1858 τοῦ
644 1793 810 1878 στρέφειν,
833 1791 910 1876 quin
930 1795 1039 1857 cervix
1054 1795 1164 1860 multis
1183 1794 1346 1859 verstrae·
1380 1827 1381 1860 ο

266 1913 327 1979 pus
347 1893 471 1957 ossttm
488 1893 605 1978 flexilis
626 1893 668 1958 ud
689 1896 944 1974 circumspectum
964 1891 1051 1957 Plin.
1073 1891 1141 1958 XI.
1158 1893 1208 1958 37.
1228 1901 1294 1955 rect
1308 1889 1345 1952 tt.
1380 1925 1381 1962 ο

266 2004 301 2058 et
327 2002 365 2057 ut
395 1990 437 2056 sb
469 1993 586 2057 eodem
612 1992 761 2057 vertendi
786 1991 886 2057 verbo
913 2014 1033 2057 nomen
1055 1987 1258 2078 ἀστράγαλος
1275 1993 1348 2055 terti·
1380 2025 1381 2062 ο

265 2095 356 2161 tillus
378 2093 512 2158 ductum
533 2104 592 2170 est,
613 2092 660 2157 ita
680 2092 728 2156 illi
748 2091 923 2158 nonnullos
945 2093 1143 2179 apposuisse
1165 2090 1306 2178 atphsu)
1326 2098 1351 2151 et
1380 2125 1381 2182 ρ

265 2203 432 2281 postremo
453 2191 531 2258 bete
553 2194 622 2258 sive
643 2193 816 2279 digamma.
858 2194 905 2259 Et
920 2193 994 2280 pari
1014 2193 1241 2280 progressione
1256 2211 1351 2256 οονα-

265 2292 370 2382 stim
390 2301 581 2380 perventum
603 2304 652 2358 est
673 2294 717 2357 sd
746 2289 953 2381 ἆοκαρίζειν,
983 2294 1060 2360 hine
1092 2296 1136 2360 sd
1161 2289 1353 2378 Βααααρίζαν
1380 2327 1381 2382 ρ

264 2394 434 2482 σκαρίζεον
453 2399 592 2483 Κρῆτες.
645 2394 731 2476 Quis
760 2415 837 2459 vero
859 2417 927 2459 non
946 2395 1081 2460 miretur
1100 2393 1268 2482 Apollonii
1291 2389 1352 2454 effa·
1380 2431 1381 2442 t

262 2506 333 2560 tum
353 2495 451 2560 toties
470 2495 652 2582 repositum
670 2495 710 2561 sd
731 2497 779 2560 λῶ
800 2490 1017 2583 ἀφῃρημένον
1038 2496 1127 2563 ἐστὶν
1151 2496 1188 2562 ἐκ
1208 2497 1263 2560 νοῦ
1281 2489 1353 2558 θέλω
1380 2529 1381 2568 ρ

264 2597 307 2662 de
328 2595 425 2681 Conj.
453 2597 533 2675 522,
563 2598 613 2662 12.
644 2596 686 2661 de
706 2596 796 2661 Adv.
817 2595 891 2660 568.
915 2595 956 2660 de
977 2596 1079 2662 Pron.
1103 2597 1155 2674 74,
1183 2597 1212 2660 1.
1234 2595 1315 2678 synt
1333 2589 1353 2651 l·
1380 2629 1381 2678 t

147 2779 149 2784 .
261 2697 368 2775 210.
400 2697 472 2762 Nec
502 2697 568 2762 fide
599 2696 731 2782 dignius
763 2697 853 2781 quod
881 2696 924 2760 ad
951 2696 1053 2762 Pron.
1075 2697 1096 2762 l.
1121 2719 1150 2762 c.
1170 2697 1206 2760 in
1227 2693 1294 2760 cod.
1311 2689 1381 2766 αλ-ἦ

263 2797 421 2883 scriptum
442 2806 494 2861 est
515 2797 751 2875 seleseiense,
773 2797 925 2862 sPhotio
947 2819 1080 2883 quoque
1095 2799 1228 2862 allatum
1240 2819 1264 2860 s.
1277 2797 1356 2857 Λεα-
1380 2781 1381 2786 “

260 2894 405 2985 κάρητος
436 2908 470 2962 et
493 2895 576 2962 aliis.
626 2896 758 2962 Etenim
784 2897 973 2963 adverbium
998 2898 1039 2964 sb
1060 2897 1263 2964 Archilocho
1281 2907 1381 2986 usur-3

261 3007 376 3086 petum
397 2994 496 3076 λείους
512 2995 609 3064 οὐδέν
624 2995 783 3085 ἐφρόνεον
798 3017 933 3080 prorsus
949 3003 1030 3066 sitit
1046 3003 1223 3084 sapiebant,
1246 3008 1276 3063 et
1293 3014 1361 3080 quae
1380 2999 1381 3072 l

260 3097 504 3185 Glossogrnphi
530 3119 604 3163 cum
630 3096 695 3162 hoc
725 3099 908 3184 composite
931 3099 1041 3165 ferunt
1065 3096 1272 3186 λεῶλεθρος,
1296 3097 1362 3162 λαο-

255 3195 412 3285 νόρητος,
433 3199 620 3289 propinqua
640 3207 718 3263 sunt
734 3198 937 3265 substantivo
960 3198 1051 3279 λαός,
1073 3197 1167 3278 λεώς,
1191 3199 1281 3284 quod
1294 3195 1362 3261 mul·

256 3297 434 3362 dtudinem
456 3298 524 3365 sive
545 3299 793 3365 universitatem
814 3301 1018 3386 significasse
1039 3301 1179 3378 videtur,
1202 3299 1291 3365 unde
1307 3301 1381 3384 sir-p

259 3395 370 3483 ωργός
396 3404 587 3484 πανοῦργος
611 3403 811 3486 κακοῦργος,
841 3402 1007 3487 Λαοργός
1034 3399 1171 3480 ἀνόσιος
1199 3411 1238 3466 ut
1258 3387 1381 3468 παντο-λ

258 3494 361 3574 ποιός
388 3507 422 3563 et
449 3500 676 3588 πονοορέκαρς
704 3502 978 3588 (παντοῤῥὲντρς)
1001 3525 1031 3569 v.
1054 3503 1098 3568 nd
1116 3504 1175 3588 Aj.
1197 3525 1230 3568 v.
1252 3498 1321 3566 445.
1342 3505 1368 3560 el

238 3597 405 3662 indidem
426 3598 615 3664 adverbium
638 3602 722 3678 λέονς
742 3601 779 3664 id
797 3611 847 3666 est
877 3599 1027 3682 πόντιος,
1056 3604 1149 3688 quod
1168 3605 1381 3676 Hermsnnus]

259 3700 303 3764 ad
324 3699 431 3784 Soph
452 3701 534 3766 Ant
555 3725 585 3766 v.
607 3702 700 3767 1261.
723 3702 825 3788 paulo
847 3703 994 3787 argutius
1022 3727 1042 3768 s
1070 3707 1160 3784 λεῖος
1190 3708 1289 3772 laevis
1306 3703 1381 3784 ρλαέ

191 3833 195 3841 ·
258 3819 319 3867 teus
340 3799 468 3886 repetit.
512 3803 641 3868 Eodem
663 3825 729 3889 quo
748 3801 803 3867 ille
825 3823 933 3868 errore
955 3804 1084 3871 ducitur
1103 3805 1304 3872 Aristoteles
1317 3799 1381 3866 Ni»

258 3924 341 3969 com.
367 3901 448 3981 vn.
465 3902 526 3969 12.
551 3901 611 3994 τὴν
642 3900 856 3986 εὐδαιμονίαν
886 3899 919 3972 οἱ
951 3907 1107 3974 πλεῖστοι
1138 3901 1228 3990 μεθ’
1261 3899 1381 3993 ἡδονῆς1

326 4141 375 4209 tt)
386 4140 506 4194 Veteres
522 4134 688 4210 etymologi,
700 4137 750 4207 qni
765 4132 909 4208 τράχηλος,
923 4134 1023 4211 τραχύς
1035 4148 1063 4195 et
1075 4133 1152 4215 ρᾶχος
1168 4141 1208 4193 ab
1224 4155 1283 4194 una
1295 4135 1375 4204 stirpe

255 4234 404 4296 repetunt,
423 4225 508 4298 alpha
524 4240 670 4297 superesse
688 4229 810 4277 sumunt.
