2825 4809
279 326 345 396 DE
369 326 660 402 Muturnnsr.
704 327 796 398 (1.1.
827 330 853 416 ξ.
876 327 907 395 2.
1077 331 1152 411 403

78 543 155 587 mum
180 513 366 603 principium
393 510 482 604 κάρα
510 526 544 582 et
571 521 678 603 κρᾶτα
706 541 737 583 v.
758 514 884 583 Techn.
908 513 979 580 128.
1007 515 1154 600 sequitur

78 624 152 705 hujus
175 617 400 684 inconstantiae
431 639 564 683 causam
596 641 616 684 a
649 630 766 686 natura
806 616 980 705 proficisci.
1033 619 1154 686 Allatis

77 720 224 807 Gregorius
244 742 276 806 p.
297 719 371 784 434.
393 719 487 785 addit
507 718 637 805 τάφρος
651 719 781 808 τάρφος
798 720 981 805 iterumque
995 719 1029 784 in
1041 719 1152 788 Schol.

75 826 203 908 Hermog.
228 814 384 907 p.'1138.
414 819 455 886 Τ.
485 821 564 889 Vll.
588 821 698 888 Rhett.
729 823 787 890 Gr.
817 817 1033 906 παραφθσρά
1065 820 1155 889 ἐστιν

76 925 118 991 ἐὰν
133 922 183 1011 τὴν
197 920 323 1008 τάφρον
343 916 473 1007 τράφον
494 918 610 1010 εἴπῃς,
633 925 725 1008 quod
734 923 885 990 Koenius
896 923 970 990 338.
988 945 1029 988 ex
1047 922 1154 990 Tabb.

74 1025 189 1100 Heracl,
207 1024 263 1090 Du
285 1021 432 1110 (langius
455 1045 496 1088 ex
517 1025 702 1090 Herodiani
724 1026 867 1113 Epimm.
890 1025 941 1109 (p.
954 1023 1042 1108 125.)
1065 1025 1155 1090 aliis-

74 1148 122 1211 que
140 1126 218 1191 idem
237 1124 351 1191 aetatis
372 1124 586 1211 scriptoribus
616 1127 739 1213 profert
768 1136 800 1192 et
827 1124 973 1192 nonnulli
996 1124 1092 1190 etiam
1113 1125 1156 1192 ab

72 1226 211 1311 Hesychio
243 1226 400 1313 scriptum
435 1237 552 1313 putant
589 1225 727 1315 Τράφσς
758 1225 889 1317 τάφρος
922 1247 983 1313 pro
1017 1223 1157 1316 Τράφος

72 1327 170 1412 τάφος,
196 1328 254 1394 sed
282 1352 323 1394 ex
352 1328 424 1394 aliis
446 1329 566 1414 glossis
592 1334 748 1417 Ταρφῆες
767 1326 966 1414 succriboni,
994 1323 1154 1414 Τσρφήια

72 1425 185 1514 ἐντάφια
200 1431 309 1516 colligi
325 1440 437 1516 potest
451 1453 512 1518 pro
529 1429 708 1496 masculino
725 1425 834 1516 τάφος
847 1427 1022 1494 nonnullos
1034 1428 1157 1494 dixisse

71 1525 174 1615 ιάρφος
194 1528 373 1618 atrocique
394 1527 593 1617 uterorixug
619 1553 680 1618 pro
702 1528 831 1612 στάχυς.
875 1529 954 1594 Alia
976 1529 1158 1596 occumulat

71 1629 160 1695 schot
174 1634 216 1698 A.
238 1633 283 1699 ad
303 1633 344 1698 Il.
361 1632 501 1699 XXIII.
525 1633 597 1698 169.
618 1631 638 1721 ἡ
661 1635 762 1719 διπλῆ
787 1629 873 1716 πρὸς
894 1630 953 1720 τὴν
974 1631 1158 1711 μετάθεσιν

71 1727 109 1794 ‘o'rt
133 1732 230 1816 δράτά
259 1727 353 1800 εἶπεν
384 1729 460 1800 nivel
490 1738 550 1801 τοῦ
579 1731 701 1819 δαρτά,
739 1755 837 1818 quam
863 1731 973 1800 Schol.
1000 1734 1040 1798 B.
1073 1733 1157 1798 anti-

70 1832 202 1918 strophen
227 1835 390 1914 nominat,
420 1835 534 1900 tertius
564 1835 683 1920 aliquis
711 1835 804 1900 addit
824 1833 1083 1920 Aristophanem
1111 1834 1158 1900 sic

71 1933 169 1998 luisse
191 1938 349 2018 δέδραται
375 1937 410 2002 in
431 1937 512 2002 Pac.
535 1936 628 2002 1039.
652 1935 712 2000 sed
733 1935 797 2000 hoc
821 1944 871 2000 est
893 1957 912 1998 o
932 1933 1032 2000 verbo
1055 1930 1159 2020 δράως

68 2056 119 2098 non
137 2036 229 2101 utin
255 2036 367 2104 Schol.
399 2037 517 2102 dicitur
548 2032 620 2104 ἀντὶ
649 2041 711 2102 τοῦ
737 2037 915 2120 δέδορται·
938 2035 996 2102 καὶ
1008 2033 1160 2124 Ὅμηρος

69 2135 155 2220 locui
176 2135 325 2222 σώματα.
370 2141 448 2204 Hoc
469 2138 617 2204 nonnulli
636 2138 729 2202 aliter
750 2136 950 2223 scripserunt
975 2134 1030 2200 άιά
1059 2121 1160 2204 roo}

67 2233 148 2319 δρετά
168 2235 235 2303 άττά
258 2245 320 2306 τοῦ
343 2242 451 2327 δέρειν
473 2242 528 2325 (ut
549 2238 685 2327 φιρτάς)
705 2239 766 2306 sed
783 2239 948 2324 vulgatam
967 2236 1159 2325 scripturam

67 2337 190 2420 sequitur
216 2339 297 2405 ΕΜ.
327 2342 407 2419 287,
437 2343 487 2407 10.
516 2343 634 2408 Zonar.
659 2343 734 2408 572.
762 2335 807 2418 ὡς
835 2338 969 2426 φῧεέρω
992 2337 1159 2427 φθαρτάςς

65 2434 133 2504 οὕτω
164 2438 264 2527 δείρω
298 2439 405 2525 δαρτά
436 2443 494 2510 καὶ
524 2437 607 2510 καθ’
641 2438 826 2527 ὑπέρθεσιν
852 2437 957 2527 δρατά
989 2436 1035 2516 ὡς
1060 2433 1159 2529 ὀφιό-

66 2562 195 2623 σοαρτον
219 2536 471 2628 ὀφιάσπρατον,
502 2566 569 2629 qno
594 2543 727 2609 nomine
746 2542 885 2607 fortasse
907 2551 1077 2626 poetarum
1100 2541 1159 2606 ali-

65 2640 123 2721 quis
151 2643 329 2732 appellavit
362 2643 445 2709 illud
473 2645 563 2730 quod
594 2668 614 2708 a
640 2643 784 2729 Tragion
817 2643 934 2707 dicitur
962 2640 1000 2709 τὸ
1029 2644 1161 2728 γηγενὲς

64 2733 150 2824 ὄφεος
169 2748 274 2830 θέρος
296 2745 417 2812 Bacch.
441 2746 534 2810 1025.
557 2745 620 2812 hoc
643 2756 693 2812 est
715 2745 896 2811 Cadmeum
919 2742 971 2808 vel
1000 2744 1161 2830 serpentis

64 2839 193 2911 Colchici
213 2858 410 2925 sementem,
432 2850 537 2933 θέρος
557 2839 674 2916 οάλοον
692 2831 1160 2933 άνδριδνφφγενέωνΑφοΠοσ.

62 2942 110 3010 IV.
132 2947 222 3014 1034.
251 2948 456 3014 Perdubium
480 2960 530 3016 eat
552 2949 643 3035 quod
661 2947 703 3013 ab
725 2949 805 3014 ΕΜ.
828 2948 907 3024 148,
931 2946 982 3012 36.
1005 2947 1159 3016 traditur:

62 3042 188 3130 άρσίδες
218 3051 261 3118 τά
293 3046 497 3137 ὑποδήματα
528 3054 624 3136 παρὰ
654 3046 860 3135 Καλλιμάχῳ
884 3086 926 3096 -
958 3051 1012 3133 &ri
1019 3070 1061 3112 κε
1092 3048 1162 3118 σὺν

62 3141 290 3231 άριτίδεσσι,
313 3147 408 3236 παρὰ
429 3148 467 3216 τὸ
488 3147 607 3240 ράιιτια
629 3146 772 3238 ῥαντέδες
792 3150 849 3217 καὶ
870 3146 956 3214 κατὰ
976 3145 1162 3231 μετάθεσιν

62 3241 186 3329 άριτίδες
208 3247 255 3328 ὡς
276 3253 371 3336 ρῆνες
393 3243 499 3335 άρνες.
543 3253 628 3318 Nam
652 3251 735 3315 illud
756 3247 900 3336 ραπέδες
921 3249 988 3314 sive
1009 3247 1162 3337 ῥαφίδες,

61 3351 136 3431 quod
171 3352 363 3436 Hesychius
402 3375 534 3438 quoque
571 3352 773 3440 ὑποδήματα
813 3349 1057 3437 interpretatur,
1094 3351 1163 3416 iota

60 3448 142 3517 breve
165 3453 291 3519 habere
312 3464 444 3539 oportet
465 3464 502 3517 ut
521 3452 700 3541 σκαφίδες,
726 3448 909 3536 άριτίδεσσι
924 3451 1047 3519 veroin
1060 3449 1161 3518 Calli-

59 3554 151 3620 machi
176 3580 274 3622 versu
307 3577 404 3640 quem
432 3578 475 3620 ex
502 3554 628 3620 Hecale
658 3564 799 3618 sumtum
829 3575 901 3619 esse
933 3555 1084 3621 convenit
1112 3557 1161 3641 (τ.

59 3654 149 3722 Naek.
171 3661 258 3725 Hec.
280 3682 314 3744 p.
334 3658 401 3742 70.)
423 3657 524 3722 habet
543 3657 696 3741 longum,
719 3678 826 3741 neque
851 3656 916 3722 dici
936 3657 1013 3722 licet
1033 3657 1163 3744 poetico

59 3761 244 3844 productum
267 3782 339 3826 esse
360 3770 397 3824 ut
417 3759 587 3841 μαινῖδες,
607 3760 764 3842 χειρῖδες,
792 3781 867 3822 nam
889 3759 953 3826 hoc
975 3759 1165 3826 conceditur

59 3862 146 3926 modo
161 3862 352 3949 paronymis
369 3883 454 3945 quae
464 3861 598 3945 longam
608 3857 730 3922 habent
746 3863 1044 3947 antepenultimum‚
1064 3861 1164 3950 alpha

58 3973 154 4028 autem
177 3974 254 4029 ante
278 3949 329 4048 ριῖ
350 3972 500 4049 correpte
524 3959 589 4026 dici
611 3975 724 4027 auctor
746 3972 796 4026 est
806 3962 943 4050 Trypho
962 3965 997 4028 in
1009 3964 1088 4030 EM.
1100 3963 1121 4028 l.
1133 3985 1161 4028 c.

59 4085 148 4146 quare
182 4065 361 4130 videndum
392 4087 435 4130 ne
464 4058 570 4148 άρπίς
598 4061 639 4127 ab
672 4062 737 4129 alic
769 4063 901 4128 ductum
930 4065 971 4128 sit
1000 4063 1162 4150 principio

57 4159 136 4252 άριο,
160 4166 337 4253 σαάεεΙίτ
359 4157 653 4231 calceamentorum
671 4164 830 4230 vocabula
852 4160 976 4254 ἀρβύλη
999 4176 1032 4230 et
1060 4159 1163 4251 άρτά·

58 4289 121 4356 ριον
147 4291 178 4334 v.
208 4269 310 4333 Proll.
340 4265 412 4332 124.
442 4278 475 4332 et
494 4267 627 4332 Amoris
649 4289 770 4332 nomen
793 4267 954 4333 aeolicum
981 4259 1104 4358 άρπος,
1135 4266 1164 4338 si
