<?xml version="1.0" encoding="UTF-8"?>
<!DOCTYPE html PUBLIC "-//W3C//DTD XHTML 1.0 Transitional//EN"
    "http://www.w3.org/TR/xhtml1/DTD/xhtml1-transitional.dtd">
<html xmlns="http://www.w3.org/1999/xhtml" xml:lang="en" lang="en">
 <head>
  <title>
</title>
<meta http-equiv="Content-Type" content="text/html;charset=utf-8" />
  <meta name='ocr-system' content='tesseract 3.04.00' />
  <meta name='ocr-capabilities' content='ocr_page ocr_carea ocr_par ocr_line ocrx_word'/>
</head>
<body>
  <div class='ocr_page' id='page_1' title='image "./pathologiaegrae01lobegoog/pathologiaegrae01lobegoog_0665.png"; bbox 0 0 2825 4809; ppageno 0'>
   <div class='ocr_carea' id='block_1_1' title="bbox 169 344 1208 464">
    <p class='ocr_par' dir='ltr' id='par_1_1' title="bbox 169 344 1208 464">
     <span class='ocr_line' id='line_1_1' title="bbox 169 344 1208 464; baseline 0.008 -42.279"><span class='ocrx_word' id='word_1_1' title='bbox 169 345 527 449; x_wconf 76' lang='lat' dir='ltr'>DEPARATHDSI</span> <span class='ocrx_word' id='word_1_2' title='bbox 544 348 606 420; x_wconf 81' lang='grc' dir='ltr'>ΕΤ</span> <span class='ocrx_word' id='word_1_3' title='bbox 626 347 904 464; x_wconf 58' lang='lat' dir='ltr'>somnone</span> <span class='ocrx_word' id='word_1_4' title='bbox 928 344 1116 436; x_wconf 53' lang='lat'>0.11.§.1‘</span> <span class='ocrx_word' id='word_1_5' title='bbox 1137 353 1208 428; x_wconf 80' lang='lat'>561</span> 
     </span>
    </p>
   </div>
   <div class='ocr_carea' id='block_1_2' title="bbox 93 534 1246 1584">
    <p class='ocr_par' dir='ltr' id='par_1_2' title="bbox 93 534 1246 1539">
     <span class='ocr_line' id='line_1_2' title="bbox 98 534 1246 640; baseline -0.004 -33"><span class='ocrx_word' id='word_1_6' title='bbox 98 534 260 640; x_wconf 76' lang='grc' dir='ltr'><strong><em>αἷχμηνήν</em></strong></span> <span class='ocrx_word' id='word_1_7' title='bbox 279 537 466 606; x_wconf 79' lang='lat' dir='ltr'>interductu</span> <span class='ocrx_word' id='word_1_8' title='bbox 487 548 700 626; x_wconf 77' lang='lat' dir='ltr'>separarunt,</span> <span class='ocrx_word' id='word_1_9' title='bbox 735 536 936 606; x_wconf 87' lang='lat' dir='ltr'>Scholiastes</span> <span class='ocrx_word' id='word_1_10' title='bbox 957 557 1034 604; x_wconf 86' lang='lat' dir='ltr'>vero</span> <span class='ocrx_word' id='word_1_11' title='bbox 1056 535 1213 624; x_wconf 85' lang='lat' dir='ltr'>Dionysii</span> <span class='ocrx_word' id='word_1_12' title='bbox 1235 577 1246 586; x_wconf 92' lang='lat'>-</span> 
     </span>
     <span class='ocr_line' id='line_1_3' title="bbox 96 633 1211 728; baseline 0.001 -23"><span class='ocrx_word' id='word_1_13' title='bbox 96 651 235 726; x_wconf 74' lang='lat' dir='ltr'>ubsque</span> <span class='ocrx_word' id='word_1_14' title='bbox 253 662 356 706; x_wconf 91' lang='lat' dir='ltr'>unum</span> <span class='ocrx_word' id='word_1_15' title='bbox 374 639 552 728; x_wconf 86' lang='lat' dir='ltr'>significari</span> <span class='ocrx_word' id='word_1_16' title='bbox 569 652 663 728; x_wconf 89' lang='lat' dir='ltr'>putat</span> <span class='ocrx_word' id='word_1_17' title='bbox 682 636 740 708; x_wconf 89' lang='grc' dir='ltr'>τόν</span> <span class='ocrx_word' id='word_1_18' title='bbox 762 639 795 707; x_wconf 79' lang='grc' dir='ltr'>ἐν</span> <span class='ocrx_word' id='word_1_19' title='bbox 814 643 861 728; x_wconf 80' lang='grc' dir='ltr'>τῷ</span> <span class='ocrx_word' id='word_1_20' title='bbox 883 633 1095 723; x_wconf 81' lang='grc' dir='ltr'>αἶχμόζιιν’</span> <span class='ocrx_word' id='word_1_21' title='bbox 1077 635 1211 723; x_wconf 75' lang='lat' dir='ltr'>cypsal-</span> 
     </span>
     <span class='ocr_line' id='line_1_4' title="bbox 95 738 1213 830; baseline -0.002 -20"><span class='ocrx_word' id='word_1_22' title='bbox 95 768 191 812; x_wconf 97' lang='grc' dir='ltr'><strong><em>νοντα</em></strong></span> <span class='ocrx_word' id='word_1_23' title='bbox 210 744 283 809; x_wconf 93' lang='lat' dir='ltr'>&#39;uno</span> <span class='ocrx_word' id='word_1_24' title='bbox 313 742 413 809; x_wconf 89' lang='lat' dir='ltr'>verbo</span> <span class='ocrx_word' id='word_1_25' title='bbox 443 738 658 828; x_wconf 74' lang='grc' dir='ltr'><strong><em>ἕγχιίμαργον</em></strong></span> <span class='ocrx_word' id='word_1_26' title='bbox 685 741 737 807; x_wconf 88' lang='lat' dir='ltr'>vel</span> <span class='ocrx_word' id='word_1_27' title='bbox 767 742 930 830; x_wconf 82' lang='grc' dir='ltr'>όοριμανῆ</span> <span class='ocrx_word' id='word_1_28' title='bbox 963 742 1213 825; x_wconf 71' lang='lat' dir='ltr'>coaeternalem</span> 
     </span>
     <span class='ocr_line' id='line_1_5' title="bbox 95 838 1213 932; baseline -0.001 -23"><span class='ocrx_word' id='word_1_29' title='bbox 95 856 131 909; x_wconf 90' lang='lat' dir='ltr'>ut</span> <span class='ocrx_word' id='word_1_30' title='bbox 151 856 271 932; x_wconf 88' lang='lat' dir='ltr'>poetae</span> <span class='ocrx_word' id='word_1_31' title='bbox 292 844 385 911; x_wconf 89' lang='lat' dir='ltr'>latini</span> <span class='ocrx_word' id='word_1_32' title='bbox 407 843 520 910; x_wconf 90' lang='lat' dir='ltr'>dicunt</span> <span class='ocrx_word' id='word_1_33' title='bbox 540 866 570 909; x_wconf 87' lang='lat' dir='ltr'>v.</span> <span class='ocrx_word' id='word_1_34' title='bbox 588 842 704 908; x_wconf 89' lang='lat' dir='ltr'>Heius.</span> <span class='ocrx_word' id='word_1_35' title='bbox 729 841 772 908; x_wconf 88' lang='lat' dir='ltr'>ad</span> <span class='ocrx_word' id='word_1_36' title='bbox 792 841 902 910; x_wconf 80' lang='lat' dir='ltr'>Valet.</span> <span class='ocrx_word' id='word_1_37' title='bbox 922 841 974 908; x_wconf 82' lang='lat' dir='ltr'>Fl.</span> <span class='ocrx_word' id='word_1_38' title='bbox 995 839 1023 906; x_wconf 90' lang='lat'>1.</span> <span class='ocrx_word' id='word_1_39' title='bbox 1046 839 1118 907; x_wconf 85' lang='lat'>144.</span> <span class='ocrx_word' id='word_1_40' title='bbox 1156 838 1213 908; x_wconf 81' lang='lat' dir='ltr'>ste</span> 
     </span>
     <span class='ocr_line' id='line_1_6' title="bbox 95 934 1212 1034; baseline -0.004 -22"><span class='ocrx_word' id='word_1_41' title='bbox 95 947 192 1012; x_wconf 91' lang='lat' dir='ltr'>etiam</span> <span class='ocrx_word' id='word_1_42' title='bbox 212 944 385 1034; x_wconf 85' lang='grc' dir='ltr'>πολόρτης</span> <span class='ocrx_word' id='word_1_43' title='bbox 407 941 570 1033; x_wconf 77' lang='grc' dir='ltr'><strong><em>κρατερός</em></strong></span> <span class='ocrx_word' id='word_1_44' title='bbox 591 945 631 1010; x_wconf 91' lang='lat'>11.</span> <span class='ocrx_word' id='word_1_45' title='bbox 652 944 755 1010; x_wconf 90' lang='lat' dir='ltr'><strong>XIII.</strong></span> <span class='ocrx_word' id='word_1_46' title='bbox 777 943 851 1010; x_wconf 81' lang='lat'>415.</span> <span class='ocrx_word' id='word_1_47' title='bbox 876 934 1098 1032; x_wconf 76' lang='lat' dir='ltr'>explicaturi</span> <span class='ocrx_word' id='word_1_48' title='bbox 1120 936 1212 1024; x_wconf 78' lang='grc' dir='ltr'><strong><em>λοχα-</em></strong></span> 
     </span>
     <span class='ocr_line' id='line_1_7' title="bbox 95 1039 1212 1135; baseline -0.005 -21"><span class='ocrx_word' id='word_1_49' title='bbox 95 1051 160 1135; x_wconf 80' lang='grc' dir='ltr'>ριῖις</span> <span class='ocrx_word' id='word_1_50' title='bbox 182 1045 243 1125; x_wconf 84' lang='grc' dir='ltr'>τὰς</span> <span class='ocrx_word' id='word_1_51' title='bbox 265 1043 375 1125; x_wconf 80' lang='grc' dir='ltr'>πόλος</span> <span class='ocrx_word' id='word_1_52' title='bbox 401 1040 570 1131; x_wconf 76' lang='grc' dir='ltr'><em>ἁρμόζων·</em></span> <span class='ocrx_word' id='word_1_53' title='bbox 594 1039 771 1132; x_wconf 69' lang='grc' dir='ltr'><strong><em>ἀμφότερα</em></strong></span> <span class='ocrx_word' id='word_1_54' title='bbox 792 1045 855 1132; x_wconf 78' lang='grc' dir='ltr'>γὰρ</span> <span class='ocrx_word' id='word_1_55' title='bbox 880 1043 968 1132; x_wconf 89' lang='grc' dir='ltr'><strong><em>πρὸς</em></strong></span> <span class='ocrx_word' id='word_1_56' title='bbox 990 1039 1024 1114; x_wconf 90' lang='lat' dir='ltr'>D</span> <span class='ocrx_word' id='word_1_57' title='bbox 1050 1039 1212 1131; x_wconf 84' lang='grc' dir='ltr'><strong><em>ληπτέον·</em></strong></span> 
     </span>
     <span class='ocr_line' id='line_1_8' title="bbox 95 1138 1213 1235; baseline -0.004 -21"><span class='ocrx_word' id='word_1_58' title='bbox 95 1159 128 1214; x_wconf 95' lang='lat' dir='ltr'>et</span> <span class='ocrx_word' id='word_1_59' title='bbox 148 1148 296 1235; x_wconf 86' lang='lat' dir='ltr'>argutius</span> <span class='ocrx_word' id='word_1_60' title='bbox 308 1148 413 1224; x_wconf 61' lang='lat' dir='ltr'>“etiarn</span> <span class='ocrx_word' id='word_1_61' title='bbox 430 1147 507 1218; x_wconf 80' lang='lat' dir='ltr'>seh.</span> <span class='ocrx_word' id='word_1_62' title='bbox 517 1146 601 1213; x_wconf 90' lang='lat' dir='ltr'>XX.</span> <span class='ocrx_word' id='word_1_63' title='bbox 612 1145 686 1213; x_wconf 83' lang='lat'><strong>396.</strong></span> <span class='ocrx_word' id='word_1_64' title='bbox 699 1145 832 1215; x_wconf 70' lang='grc' dir='ltr'>ἐσθλόν</span> <span class='ocrx_word' id='word_1_65' title='bbox 853 1138 1040 1234; x_wconf 73' lang='grc' dir='ltr'><em>ἀλεξητῆρα</em></span> <span class='ocrx_word' id='word_1_66' title='bbox 1060 1139 1213 1232; x_wconf 57' lang='grc' dir='ltr'>μόχηῖθ)</span> 
     </span>
     <span class='ocr_line' id='line_1_9' title="bbox 94 1235 1214 1336; baseline -0.005 -19"><span class='ocrx_word' id='word_1_67' title='bbox 94 1250 132 1317; x_wconf 75' lang='grc' dir='ltr'>ἐκ</span> <span class='ocrx_word' id='word_1_68' title='bbox 151 1256 219 1316; x_wconf 80' lang='grc' dir='ltr'>τῶν</span> <span class='ocrx_word' id='word_1_69' title='bbox 240 1254 341 1336; x_wconf 84' lang='grc' dir='ltr'>τριῶν</span> <span class='ocrx_word' id='word_1_70' title='bbox 361 1246 397 1318; x_wconf 88' lang='lat' dir='ltr'>D</span> <span class='ocrx_word' id='word_1_71' title='bbox 418 1244 587 1334; x_wconf 75' lang='grc' dir='ltr'>σημαίνει,</span> <span class='ocrx_word' id='word_1_72' title='bbox 611 1247 646 1315; x_wconf 77' lang='grc' dir='ltr'>όν</span> <span class='ocrx_word' id='word_1_73' title='bbox 665 1246 805 1334; x_wconf 83' lang='grc' dir='ltr'><strong><em>πολέμῳ</em></strong></span> <span class='ocrx_word' id='word_1_74' title='bbox 828 1238 967 1330; x_wconf 74' lang='grc' dir='ltr'><strong><em>ἀγαθόν.</em></strong></span> <span class='ocrx_word' id='word_1_75' title='bbox 1012 1244 1136 1314; x_wconf 66' lang='lat' dir='ltr'>&amp;sator</span> <span class='ocrx_word' id='word_1_76' title='bbox 1156 1235 1214 1312; x_wconf 84' lang='grc' dir='ltr'>οὖν</span> 
     </span>
     <span class='ocr_line' id='line_1_10' title="bbox 95 1341 1213 1436; baseline -0.004 -18"><span class='ocrx_word' id='word_1_77' title='bbox 95 1344 152 1418; x_wconf 76' lang='grc' dir='ltr'>ἐπ’</span> <span class='ocrx_word' id='word_1_78' title='bbox 178 1344 279 1418; x_wconf 79' lang='grc' dir='ltr'><strong><em>αὐτόν</em></strong></span> <span class='ocrx_word' id='word_1_79' title='bbox 301 1344 440 1435; x_wconf 68' lang='grc' dir='ltr'><strong><em>(αὐτῶν)</em></strong></span> <span class='ocrx_word' id='word_1_80' title='bbox 465 1346 524 1436; x_wconf 78' lang='grc' dir='ltr'>τὴν</span> <span class='ocrx_word' id='word_1_81' title='bbox 551 1345 700 1436; x_wconf 75' lang='grc' dir='ltr'><strong><em>συναφὴν</em></strong></span> <span class='ocrx_word' id='word_1_82' title='bbox 722 1341 841 1414; x_wconf 81' lang='grc' dir='ltr'><strong><em>σύνδυο</em></strong></span> <span class='ocrx_word' id='word_1_83' title='bbox 865 1350 980 1435; x_wconf 65' lang='lat' dir='ltr'>triers</span> <span class='ocrx_word' id='word_1_84' title='bbox 1001 1341 1214 1433; x_wconf 66' lang='lat' dir='ltr'>antispastus</span> 
     </span>
     <span class='ocr_line' id='line_1_11' title="bbox 93 1441 1212 1584; baseline -0.004 -67"><span class='ocrx_word' id='word_1_85' title='bbox 93 1447 208 1539; x_wconf 78' lang='grc' dir='ltr'><strong><em>τρίτης</em></strong></span> <span class='ocrx_word' id='word_1_86' title='bbox 226 1451 361 1532; x_wconf 78' lang='grc' dir='ltr'>λέξεως,</span> <span class='ocrx_word' id='word_1_87' title='bbox 383 1450 448 1518; x_wconf 87' lang='lat' dir='ltr'>boe</span> <span class='ocrx_word' id='word_1_88' title='bbox 466 1460 517 1518; x_wconf 89' lang='lat' dir='ltr'>est</span> <span class='ocrx_word' id='word_1_89' title='bbox 537 1446 660 1518; x_wconf 75' lang='grc' dir='ltr'>ἐσθλόν</span> <span class='ocrx_word' id='word_1_90' title='bbox 644 1441 871 1563; x_wconf 77' lang='grc' dir='ltr'><strong><em>ἀλεξητῆρα</em></strong></span> <span class='ocrx_word' id='word_1_91' title='bbox 862 1443 992 1584; x_wconf 71' lang='lat' dir='ltr'>rspixp.</span> <span class='ocrx_word' id='word_1_92' title='bbox 1031 1447 1076 1514; x_wconf 75' lang='lat' dir='ltr'>Er</span> <span class='ocrx_word' id='word_1_93' title='bbox 1090 1445 1212 1512; x_wconf 83' lang='lat' dir='ltr'>Eusta-</span> 
     </span>
    </p>
   </div>
   <div class='ocr_carea' id='block_1_3' title="bbox 29 1531 1275 2300">
    <p class='ocr_par' dir='ltr' id='par_1_3' title="bbox 29 1531 1275 2263">
     <span class='ocr_line' id='line_1_12' title="bbox 94 1531 1213 1689; baseline -0.003 -54"><span class='ocrx_word' id='word_1_94' title='bbox 94 1567 182 1635; x_wconf 88' lang='lat' dir='ltr'>thins</span> <span class='ocrx_word' id='word_1_95' title='bbox 203 1568 276 1648; x_wconf 84' lang='lat'><strong>851,</strong></span> <span class='ocrx_word' id='word_1_96' title='bbox 295 1566 394 1635; x_wconf 86' lang='lat'>44.</span> <span class='ocrx_word' id='word_1_97' title='bbox 372 1565 486 1655; x_wconf 82' lang='grc' dir='ltr'>αι’ςπερ</span> <span class='ocrx_word' id='word_1_98' title='bbox 508 1591 547 1635; x_wconf 94' lang='grc' dir='ltr'>το</span> <span class='ocrx_word' id='word_1_99' title='bbox 535 1531 687 1647; x_wconf 84' lang='grc' dir='ltr'><strong><em>τοξότα</em></strong></span> <span class='ocrx_word' id='word_1_100' title='bbox 708 1531 917 1689; x_wconf 69' lang='grc' dir='ltr'>λωβητηρ’</span> <span class='ocrx_word' id='word_1_101' title='bbox 884 1559 971 1633; x_wconf 83' lang='grc' dir='ltr'>ου’τιο</span> <span class='ocrx_word' id='word_1_102' title='bbox 992 1562 1049 1632; x_wconf 81' lang='grc' dir='ltr'><strong><em>καὶ</em></strong></span> <span class='ocrx_word' id='word_1_103' title='bbox 1071 1561 1108 1630; x_wconf 82' lang='grc' dir='ltr'>τό</span> <span class='ocrx_word' id='word_1_104' title='bbox 1132 1563 1213 1654; x_wconf 76' lang='grc' dir='ltr'><strong><em>κέρα</em></strong></span> 
     </span>
     <span class='ocr_line' id='line_1_13' title="bbox 29 1657 1214 1757; baseline -0.006 -19"><span class='ocrx_word' id='word_1_105' title='bbox 29 1689 35 1706; x_wconf 84' lang='grc'><strong>’</strong></span> <span class='ocrx_word' id='word_1_106' title='bbox 94 1665 198 1757; x_wconf 76' lang='lat' dir='ltr'>sylae</span> <span class='ocrx_word' id='word_1_107' title='bbox 225 1675 478 1754; x_wconf 72' lang='grc' dir='ltr'><strong><em>παρθενοπῖπα</em></strong></span> <span class='ocrx_word' id='word_1_108' title='bbox 503 1662 551 1757; x_wconf 75' lang='lat' dir='ltr'>ria&gt;</span> <span class='ocrx_word' id='word_1_109' title='bbox 555 1661 671 1736; x_wconf 85' lang='lat' dir='ltr'>&#39;D’</span> <span class='ocrx_word' id='word_1_110' title='bbox 652 1666 879 1752; x_wconf 75' lang='grc' dir='ltr'><strong><em>αναμνωστέον</em></strong></span> <span class='ocrx_word' id='word_1_111' title='bbox 899 1657 1001 1753; x_wconf 74' lang='grc' dir='ltr'><strong><em>ἤγουν</em></strong></span> <span class='ocrx_word' id='word_1_112' title='bbox 1021 1666 1133 1749; x_wconf 83' lang='grc' dir='ltr'><strong><em>κομῶν</em></strong></span> <span class='ocrx_word' id='word_1_113' title='bbox 1153 1661 1214 1732; x_wconf 72' lang='grc' dir='ltr'>ἐπὶ</span> 
     </span>
     <span class='ocr_line' id='line_1_14' title="bbox 92 1764 1212 1858; baseline -0.004 -21"><span class='ocrx_word' id='word_1_114' title='bbox 92 1774 140 1858; x_wconf 77' lang='grc' dir='ltr'>τῷ</span> <span class='ocrx_word' id='word_1_115' title='bbox 173 1770 234 1850; x_wconf 83' lang='grc' dir='ltr'>τὰς</span> <span class='ocrx_word' id='word_1_116' title='bbox 267 1771 460 1857; x_wconf 76' lang='grc' dir='ltr'><strong><em>παρθένους</em></strong></span> <span class='ocrx_word' id='word_1_117' title='bbox 490 1764 698 1854; x_wconf 76' lang='grc' dir='ltr'>ὑπάγεσθαι.</span> <span class='ocrx_word' id='word_1_118' title='bbox 755 1767 851 1832; x_wconf 89' lang='lat' dir='ltr'>Haec</span> <span class='ocrx_word' id='word_1_119' title='bbox 880 1765 1018 1832; x_wconf 80' lang='lat' dir='ltr'>fortasse</span> <span class='ocrx_word' id='word_1_120' title='bbox 1051 1764 1212 1832; x_wconf 70' lang='lat' dir='ltr'>curiosius</span> 
     </span>
     <span class='ocr_line' id='line_1_15' title="bbox 94 1865 1213 1960; baseline -0.004 -23"><span class='ocrx_word' id='word_1_121' title='bbox 94 1872 263 1960; x_wconf 85' lang='lat' dir='ltr'>disputata</span> <span class='ocrx_word' id='word_1_122' title='bbox 284 1882 359 1938; x_wconf 90' lang='lat' dir='ltr'>sunt</span> <span class='ocrx_word' id='word_1_123' title='bbox 378 1895 476 1959; x_wconf 90' lang='lat' dir='ltr'>quarn</span> <span class='ocrx_word' id='word_1_124' title='bbox 493 1893 629 1937; x_wconf 89' lang='lat' dir='ltr'>neeesse</span> <span class='ocrx_word' id='word_1_125' title='bbox 646 1878 716 1936; x_wconf 89' lang='lat' dir='ltr'>erat</span> <span class='ocrx_word' id='word_1_126' title='bbox 736 1868 795 1936; x_wconf 89' lang='lat' dir='ltr'>sed</span> <span class='ocrx_word' id='word_1_127' title='bbox 813 1868 1019 1935; x_wconf 88' lang='lat' dir='ltr'>inveniuntur</span> <span class='ocrx_word' id='word_1_128' title='bbox 1033 1866 1098 1933; x_wconf 87' lang='lat' dir='ltr'>alia</span> <span class='ocrx_word' id='word_1_129' title='bbox 1115 1865 1213 1952; x_wconf 89' lang='lat' dir='ltr'>hujus</span> 
     </span>
     <span class='ocr_line' id='line_1_16' title="bbox 90 1969 1213 2062; baseline -0.002 -24"><span class='ocrx_word' id='word_1_130' title='bbox 90 1973 326 2062; x_wconf 79' lang='lat' dir='ltr'>implicationis</span> <span class='ocrx_word' id='word_1_131' title='bbox 359 1973 511 2061; x_wconf 88' lang='lat' dir='ltr'>exempla</span> <span class='ocrx_word' id='word_1_132' title='bbox 539 1994 623 2059; x_wconf 89' lang='lat' dir='ltr'>quae</span> <span class='ocrx_word' id='word_1_133' title='bbox 648 1994 717 2037; x_wconf 92' lang='lat' dir='ltr'>non</span> <span class='ocrx_word' id='word_1_134' title='bbox 746 1971 852 2036; x_wconf 90' lang='lat' dir='ltr'>solum</span> <span class='ocrx_word' id='word_1_135' title='bbox 879 1979 1024 2036; x_wconf 86' lang='lat' dir='ltr'>veterum</span> <span class='ocrx_word' id='word_1_136' title='bbox 1055 1969 1213 2036; x_wconf 86' lang='lat' dir='ltr'>lectorum</span> 
     </span>
     <span class='ocr_line' id='line_1_17' title="bbox 90 2069 1211 2162; baseline -0.004 -20"><span class='ocrx_word' id='word_1_137' title='bbox 90 2075 307 2142; x_wconf 78' lang='lat' dir='ltr'>subtilitatem</span> <span class='ocrx_word' id='word_1_138' title='bbox 330 2077 495 2144; x_wconf 80' lang='lat' dir='ltr'>declarent</span> <span class='ocrx_word' id='word_1_139' title='bbox 515 2076 575 2143; x_wconf 86' lang='lat' dir='ltr'>sed</span> <span class='ocrx_word' id='word_1_140' title='bbox 598 2073 695 2140; x_wconf 89' lang='lat' dir='ltr'>etiam</span> <span class='ocrx_word' id='word_1_141' title='bbox 718 2073 925 2162; x_wconf 76' lang='lat' dir='ltr'>perspicuam</span> <span class='ocrx_word' id='word_1_142' title='bbox 951 2069 1103 2139; x_wconf 91' lang='lat' dir='ltr'>omnibus</span> <span class='ocrx_word' id='word_1_143' title='bbox 1127 2069 1211 2138; x_wconf 84' lang='lat' dir='ltr'>veri·</span> 
     </span>
     <span class='ocr_line' id='line_1_18' title="bbox 88 2173 1275 2300; baseline -0.007 -56"><span class='ocrx_word' id='word_1_144' title='bbox 88 2188 194 2245; x_wconf 84' lang='lat' dir='ltr'>tatem</span> <span class='ocrx_word' id='word_1_145' title='bbox 227 2179 423 2247; x_wconf 88' lang='lat' dir='ltr'>contineant.</span> <span class='ocrx_word' id='word_1_146' title='bbox 476 2179 572 2245; x_wconf 89' lang='lat' dir='ltr'>Haec</span> <span class='ocrx_word' id='word_1_147' title='bbox 604 2174 775 2300; x_wconf 84' lang='lat' dir='ltr'>subjiciam</span> <span class='ocrx_word' id='word_1_148' title='bbox 808 2173 901 2244; x_wconf 87' lang='lat' dir='ltr'>alteri</span> <span class='ocrx_word' id='word_1_149' title='bbox 931 2173 1029 2262; x_wconf 88' lang='lat' dir='ltr'>hujus</span> <span class='ocrx_word' id='word_1_150' title='bbox 1062 2173 1212 2263; x_wconf 87' lang='lat' dir='ltr'>disputa·</span> <span class='ocrx_word' id='word_1_151' title='bbox 1272 2220 1275 2236; x_wconf 86' lang='grc'>,</span> 
     </span>
    </p>
   </div>
   <div class='ocr_carea' id='block_1_4' title="bbox 87 2279 313 2369">
    <p class='ocr_par' dir='ltr' id='par_1_4' title="bbox 87 2279 313 2369">
     <span class='ocr_line' id='line_1_19' title="bbox 87 2279 313 2369; baseline 0.009 -23"><span class='ocrx_word' id='word_1_152' title='bbox 87 2280 194 2348; x_wconf 87' lang='lat' dir='ltr'>tionis</span> <span class='ocrx_word' id='word_1_153' title='bbox 217 2279 313 2369; x_wconf 83' lang='lat' dir='ltr'>parti.</span> 
     </span>
    </p>
   </div>
   <div class='ocr_carea' id='block_1_5' title="bbox 557 2567 774 2670">
    <p class='ocr_par' dir='ltr' id='par_1_5' title="bbox 557 2567 774 2670">
     <span class='ocr_line' id='line_1_20' title="bbox 557 2567 774 2670; baseline 0 -32"><span class='ocrx_word' id='word_1_154' title='bbox 557 2568 670 2638; x_wconf 74' lang='lat' dir='ltr'>cnr.</span> <span class='ocrx_word' id='word_1_155' title='bbox 699 2567 747 2638; x_wconf 89' lang='lat'>11.</span> <span class='ocrx_word' id='word_1_156' title='bbox 769 2641 774 2670; x_wconf 32' lang='lat' dir='ltr'>s</span> 
     </span>
    </p>
   </div>
   <div class='ocr_carea' id='block_1_6' title="bbox 174 2705 1128 2912">
    <p class='ocr_par' dir='ltr' id='par_1_6' title="bbox 174 2705 1128 2912">
     <span class='ocr_line' id='line_1_21' title="bbox 174 2705 1128 2810; baseline -0.005 -23"><span class='ocrx_word' id='word_1_157' title='bbox 174 2711 228 2786; x_wconf 81' lang='lat' dir='ltr'>Ile</span> <span class='ocrx_word' id='word_1_158' title='bbox 254 2710 504 2810; x_wconf 79' lang='lat' dir='ltr'>adjectivorum</span> <span class='ocrx_word' id='word_1_159' title='bbox 532 2734 606 2782; x_wconf 84' lang='lat' dir='ltr'>eam</span> <span class='ocrx_word' id='word_1_160' title='bbox 632 2709 856 2782; x_wconf 76' lang='lat' dir='ltr'>substantivis</span> <span class='ocrx_word' id='word_1_161' title='bbox 882 2716 919 2781; x_wconf 88' lang='lat' dir='ltr'>et</span> <span class='ocrx_word' id='word_1_162' title='bbox 942 2705 1128 2806; x_wconf 78' lang='lat' dir='ltr'>adjeetrhr&#39;s</span> 
     </span>
     <span class='ocr_line' id='line_1_22' title="bbox 525 2816 780 2912; baseline 0 -26"><span class='ocrx_word' id='word_1_163' title='bbox 525 2816 780 2912; x_wconf 79' lang='lat' dir='ltr'>conjunctione.</span> 
     </span>
    </p>
   </div>
   <div class='ocr_carea' id='block_1_7' title="bbox 76 2974 1274 4110">
    <p class='ocr_par' dir='ltr' id='par_1_7' title="bbox 76 2974 1274 4084">
     <span class='ocr_line' id='line_1_23' title="bbox 182 2974 1209 3067; baseline 0 -21"><span class='ocrx_word' id='word_1_164' title='bbox 182 2983 208 3066; x_wconf 66' lang='grc' dir='ltr'>ξ.</span> <span class='ocrx_word' id='word_1_165' title='bbox 232 2981 262 3046; x_wconf 90' lang='lat'>1.</span> <span class='ocrx_word' id='word_1_166' title='bbox 306 2979 444 3067; x_wconf 84' lang='lat' dir='ltr'>Triplex</span> <span class='ocrx_word' id='word_1_167' title='bbox 465 2978 523 3046; x_wconf 86' lang='lat' dir='ltr'>illa</span> <span class='ocrx_word' id='word_1_168' title='bbox 544 2979 762 3066; x_wconf 83' lang='lat' dir='ltr'>colligat-ionis</span> <span class='ocrx_word' id='word_1_169' title='bbox 784 2977 867 3045; x_wconf 89' lang='lat' dir='ltr'>ratio</span> <span class='ocrx_word' id='word_1_170' title='bbox 898 2999 964 3064; x_wconf 87' lang='lat' dir='ltr'>qua</span> <span class='ocrx_word' id='word_1_171' title='bbox 986 2975 1072 3056; x_wconf 85' lang='grc' dir='ltr'>Διός</span> <span class='ocrx_word' id='word_1_172' title='bbox 1099 2974 1209 3060; x_wconf 82' lang='grc' dir='ltr'>πόλις,</span> 
     </span>
     <span class='ocr_line' id='line_1_24' title="bbox 81 3077 1211 3167; baseline -0.004 -17"><span class='ocrx_word' id='word_1_173' title='bbox 81 3078 283 3160; x_wconf 85' lang='grc' dir='ltr'>Διόςπολις</span> <span class='ocrx_word' id='word_1_174' title='bbox 302 3091 334 3147; x_wconf 85' lang='lat' dir='ltr'>et</span> <span class='ocrx_word' id='word_1_175' title='bbox 350 3078 520 3159; x_wconf 88' lang='grc' dir='ltr'>Διόπολις</span> <span class='ocrx_word' id='word_1_176' title='bbox 541 3081 795 3167; x_wconf 85' lang='lat' dir='ltr'>distinguuntur,</span> <span class='ocrx_word' id='word_1_177' title='bbox 817 3078 957 3146; x_wconf 82' lang='lat' dir='ltr'>cemitru</span> <span class='ocrx_word' id='word_1_178' title='bbox 978 3077 1075 3144; x_wconf 88' lang='lat' dir='ltr'>etiam</span> <span class='ocrx_word' id='word_1_179' title='bbox 1093 3078 1129 3143; x_wconf 94' lang='lat' dir='ltr'>in</span> <span class='ocrx_word' id='word_1_180' title='bbox 1149 3101 1211 3146; x_wconf 91' lang='lat' dir='ltr'>no-</span> 
     </span>
     <span class='ocr_line' id='line_1_25' title="bbox 81 3173 1212 3271; baseline -0.002 -22"><span class='ocrx_word' id='word_1_181' title='bbox 81 3181 239 3249; x_wconf 89' lang='lat' dir='ltr'>minibus</span> <span class='ocrx_word' id='word_1_182' title='bbox 259 3181 389 3249; x_wconf 90' lang='lat' dir='ltr'>urbium</span> <span class='ocrx_word' id='word_1_183' title='bbox 408 3183 550 3271; x_wconf 86' lang='lat' dir='ltr'>propriis</span> <span class='ocrx_word' id='word_1_184' title='bbox 572 3205 657 3269; x_wconf 90' lang='lat' dir='ltr'>quae</span> <span class='ocrx_word' id='word_1_185' title='bbox 676 3203 752 3248; x_wconf 90' lang='lat' dir='ltr'>cnm</span> <span class='ocrx_word' id='word_1_186' title='bbox 764 3180 933 3266; x_wconf 82' lang='lat' dir='ltr'>adjectivis</span> <span class='ocrx_word' id='word_1_187' title='bbox 949 3173 1124 3268; x_wconf 81' lang='lat' dir='ltr'>conjuncta</span> <span class='ocrx_word' id='word_1_188' title='bbox 1137 3191 1212 3248; x_wconf 89' lang='lat' dir='ltr'>sunt</span> 
     </span>
     <span class='ocr_line' id='line_1_26' title="bbox 81 3278 1213 3372; baseline -0.004 -20"><span class='ocrx_word' id='word_1_189' title='bbox 81 3281 241 3372; x_wconf 75' lang='grc' dir='ltr'>Μεγάλη</span> <span class='ocrx_word' id='word_1_190' title='bbox 263 3278 379 3364; x_wconf 81' lang='grc' dir='ltr'>πόλις,</span> <span class='ocrx_word' id='word_1_191' title='bbox 403 3280 649 3372; x_wconf 80' lang='grc' dir='ltr'>Μιγαλήπολις</span> <span class='ocrx_word' id='word_1_192' title='bbox 671 3295 704 3350; x_wconf 92' lang='lat' dir='ltr'>et</span> <span class='ocrx_word' id='word_1_193' title='bbox 723 3281 978 3370; x_wconf 74' lang='grc' dir='ltr'>Μιμαλόπολις.</span> <span class='ocrx_word' id='word_1_194' title='bbox 1021 3281 1134 3348; x_wconf 87' lang='lat' dir='ltr'>Prima</span> <span class='ocrx_word' id='word_1_195' title='bbox 1162 3293 1213 3350; x_wconf 87' lang='lat' dir='ltr'>est</span> 
     </span>
     <span class='ocr_line' id='line_1_27' title="bbox 82 3379 1213 3474; baseline -0.001 -24"><span class='ocrx_word' id='word_1_196' title='bbox 82 3384 278 3473; x_wconf 85' lang='lat' dir='ltr'>parathesis</span> <span class='ocrx_word' id='word_1_197' title='bbox 309 3384 492 3472; x_wconf 88' lang='lat' dir='ltr'>impropria</span> <span class='ocrx_word' id='word_1_198' title='bbox 517 3408 583 3471; x_wconf 89' lang='lat' dir='ltr'>qua</span> <span class='ocrx_word' id='word_1_199' title='bbox 607 3407 779 3452; x_wconf 87' lang='lat' dir='ltr'>commune</span> <span class='ocrx_word' id='word_1_200' title='bbox 802 3380 928 3474; x_wconf 77' lang='grc' dir='ltr'><strong><em>μεγάλη</em></strong></span> <span class='ocrx_word' id='word_1_201' title='bbox 950 3379 1050 3464; x_wconf 79' lang='grc' dir='ltr'>πόλις</span> <span class='ocrx_word' id='word_1_202' title='bbox 1071 3394 1213 3450; x_wconf 83' lang='grc' dir='ltr'>ιιιιιιιιιιιι·</span> 
     </span>
     <span class='ocr_line' id='line_1_28' title="bbox 80 3485 1211 3574; baseline 0.001 -23"><span class='ocrx_word' id='word_1_203' title='bbox 80 3487 126 3551; x_wconf 93' lang='lat' dir='ltr'>in</span> <span class='ocrx_word' id='word_1_204' title='bbox 156 3485 328 3573; x_wconf 87' lang='lat' dir='ltr'>proprium</span> <span class='ocrx_word' id='word_1_205' title='bbox 356 3486 468 3574; x_wconf 91' lang='lat' dir='ltr'>specie</span> <span class='ocrx_word' id='word_1_206' title='bbox 495 3509 563 3554; x_wconf 89' lang='lat' dir='ltr'>non</span> <span class='ocrx_word' id='word_1_207' title='bbox 590 3498 724 3554; x_wconf 89' lang='lat' dir='ltr'>mutata.</span> <span class='ocrx_word' id='word_1_208' title='bbox 773 3486 921 3554; x_wconf 87' lang='lat' dir='ltr'>Alteram</span> <span class='ocrx_word' id='word_1_209' title='bbox 940 3507 1093 3552; x_wconf 85' lang='lat' dir='ltr'>vocamus</span> <span class='ocrx_word' id='word_1_210' title='bbox 1113 3507 1211 3572; x_wconf 84' lang='lat' dir='ltr'>para·</span> 
     </span>
     <span class='ocr_line' id='line_1_29' title="bbox 80 3582 1212 3676; baseline -0.002 -20"><span class='ocrx_word' id='word_1_211' title='bbox 80 3588 204 3656; x_wconf 87' lang='lat' dir='ltr'>thesin</span> <span class='ocrx_word' id='word_1_212' title='bbox 227 3588 409 3676; x_wconf 88' lang='lat' dir='ltr'>propriam,</span> <span class='ocrx_word' id='word_1_213' title='bbox 433 3590 526 3675; x_wconf 85' lang='lat' dir='ltr'>eujus</span> <span class='ocrx_word' id='word_1_214' title='bbox 548 3589 680 3656; x_wconf 90' lang='lat' dir='ltr'>unicum</span> <span class='ocrx_word' id='word_1_215' title='bbox 700 3589 857 3656; x_wconf 90' lang='lat' dir='ltr'>indicium</span> <span class='ocrx_word' id='word_1_216' title='bbox 879 3582 929 3654; x_wconf 87' lang='lat' dir='ltr'>est</span> <span class='ocrx_word' id='word_1_217' title='bbox 949 3597 1102 3655; x_wconf 86' lang='lat' dir='ltr'>accentus</span> <span class='ocrx_word' id='word_1_218' title='bbox 1130 3586 1212 3654; x_wconf 88' lang='lat' dir='ltr'>dua·</span> 
     </span>
     <span class='ocr_line' id='line_1_30' title="bbox 77 3689 1213 3778; baseline 0 -20"><span class='ocrx_word' id='word_1_219' title='bbox 77 3715 166 3758; x_wconf 89' lang='lat' dir='ltr'>rum</span> <span class='ocrx_word' id='word_1_220' title='bbox 181 3711 300 3757; x_wconf 83' lang='lat' dir='ltr'>vocum</span> <span class='ocrx_word' id='word_1_221' title='bbox 317 3690 508 3757; x_wconf 89' lang='lat' dir='ltr'>communis.</span> <span class='ocrx_word' id='word_1_222' title='bbox 539 3691 704 3778; x_wconf 87' lang='lat' dir='ltr'>Utrinque</span> <span class='ocrx_word' id='word_1_223' title='bbox 722 3691 821 3759; x_wconf 89' lang='lat' dir='ltr'>distat</span> <span class='ocrx_word' id='word_1_224' title='bbox 837 3689 1000 3778; x_wconf 82' lang='lat' dir='ltr'>synthesis</span> <span class='ocrx_word' id='word_1_225' title='bbox 1017 3712 1103 3777; x_wconf 87' lang='lat' dir='ltr'>quae</span> <span class='ocrx_word' id='word_1_226' title='bbox 1118 3700 1213 3778; x_wconf 87' lang='lat' dir='ltr'>trope</span> 
     </span>
     <span class='ocr_line' id='line_1_31' title="bbox 76 3783 1252 3881; baseline -0.001 -22"><span class='ocrx_word' id='word_1_227' title='bbox 76 3791 219 3860; x_wconf 84' lang='lat' dir='ltr'>vocalis</span> <span class='ocrx_word' id='word_1_228' title='bbox 247 3802 393 3871; x_wconf 89' lang='lat' dir='ltr'>notatur,</span> <span class='ocrx_word' id='word_1_229' title='bbox 418 3803 458 3861; x_wconf 86' lang='lat' dir='ltr'>ut</span> <span class='ocrx_word' id='word_1_230' title='bbox 485 3794 520 3858; x_wconf 91' lang='lat' dir='ltr'>in</span> <span class='ocrx_word' id='word_1_231' title='bbox 546 3795 744 3881; x_wconf 84' lang='lat' dir='ltr'>appellativo</span> <span class='ocrx_word' id='word_1_232' title='bbox 771 3789 958 3878; x_wconf 69' lang='lat' dir='ltr'>duodecies</span> <span class='ocrx_word' id='word_1_233' title='bbox 980 3804 1013 3860; x_wconf 89' lang='lat' dir='ltr'>et</span> <span class='ocrx_word' id='word_1_234' title='bbox 1032 3792 1068 3859; x_wconf 91' lang='lat' dir='ltr'>in</span> <span class='ocrx_word' id='word_1_235' title='bbox 1084 3792 1214 3860; x_wconf 88' lang='lat' dir='ltr'>urbium</span> <span class='ocrx_word' id='word_1_236' title='bbox 1239 3783 1252 3815; x_wconf 84' lang='lat'><em>&#39;</em></span> 
     </span>
     <span class='ocr_line' id='line_1_32' title="bbox 77 3888 1212 3982; baseline -0.002 -20"><span class='ocrx_word' id='word_1_237' title='bbox 77 3893 271 3962; x_wconf 84' lang='lat' dir='ltr'>illustrium</span> <span class='ocrx_word' id='word_1_238' title='bbox 300 3894 454 3982; x_wconf 86' lang='lat' dir='ltr'>epithetis</span> <span class='ocrx_word' id='word_1_239' title='bbox 482 3892 673 3982; x_wconf 75' lang='grc' dir='ltr'>λερόπολις,</span> <span class='ocrx_word' id='word_1_240' title='bbox 702 3889 948 3982; x_wconf 74' lang='grc' dir='ltr'>μεγαλόπολις,</span> <span class='ocrx_word' id='word_1_241' title='bbox 978 3888 1212 3978; x_wconf 79' lang='grc' dir='ltr'>οὓρανόπολις,</span> 
     </span>
     <span class='ocr_line' id='line_1_33' title="bbox 76 3989 1274 4110; baseline -0.002 -43"><span class='ocrx_word' id='word_1_242' title='bbox 76 3994 312 4078; x_wconf 79' lang='grc' dir='ltr'>καλλίπολις,</span> <span class='ocrx_word' id='word_1_243' title='bbox 342 3996 389 4064; x_wconf 90' lang='lat' dir='ltr'>sie</span> <span class='ocrx_word' id='word_1_244' title='bbox 416 3996 614 4084; x_wconf 87' lang='lat' dir='ltr'>inpropriis</span> <span class='ocrx_word' id='word_1_245' title='bbox 638 3991 825 4081; x_wconf 83' lang='grc' dir='ltr'>Ἱερόπολις</span> <span class='ocrx_word' id='word_1_246' title='bbox 854 3993 914 4110; x_wconf 82' lang='grc' dir='ltr'><strong><em>καὶ</em></strong></span> <span class='ocrx_word' id='word_1_247' title='bbox 935 3989 1121 4082; x_wconf 81' lang='grc' dir='ltr'>Ἱιρόπολις</span> <span class='ocrx_word' id='word_1_248' title='bbox 1153 3992 1214 4065; x_wconf 78' lang='grc' dir='ltr'>διὰ·</span> <span class='ocrx_word' id='word_1_249' title='bbox 1265 4062 1274 4072; x_wconf 89' lang='grc'><strong>,</strong></span> 
     </span>
    </p>
   </div>
   <div class='ocr_carea' id='block_1_8' title="bbox 70 4150 264 4170">
    <p class='ocr_par' dir='ltr' id='par_1_8' title="bbox 70 4150 264 4170">
     <span class='ocr_line' id='line_1_34' title="bbox 70 4150 264 4170; baseline -0.015 -3"><span class='ocrx_word' id='word_1_250' title='bbox 70 4150 264 4170; x_wconf 48' lang='grc' dir='ltr'><strong>,ιω-Μ</strong></span> 
     </span>
    </p>
   </div>
   <div class='ocr_carea' id='block_1_9' title="bbox 162 4217 1211 4332">
    <p class='ocr_par' dir='ltr' id='par_1_9' title="bbox 162 4217 1211 4332">
     <span class='ocr_line' id='line_1_35' title="bbox 162 4217 1211 4332; baseline -0.008 -41"><span class='ocrx_word' id='word_1_251' title='bbox 162 4237 210 4304; x_wconf 72' lang='lat'>2⁰)</span> <span class='ocrx_word' id='word_1_252' title='bbox 230 4233 279 4290; x_wconf 82' lang='lat' dir='ltr'>Sic</span> <span class='ocrx_word' id='word_1_253' title='bbox 292 4251 346 4308; x_wconf 87' lang='lat' dir='ltr'>pro</span> <span class='ocrx_word' id='word_1_254' title='bbox 363 4217 454 4307; x_wconf 78' lang='grc' dir='ltr'><strong><em>μάχης</em></strong></span> <span class='ocrx_word' id='word_1_255' title='bbox 470 4232 605 4308; x_wconf 87' lang='lat' dir='ltr'>scriptum</span> <span class='ocrx_word' id='word_1_256' title='bbox 621 4243 665 4291; x_wconf 90' lang='lat' dir='ltr'>est</span> <span class='ocrx_word' id='word_1_257' title='bbox 680 4230 710 4290; x_wconf 87' lang='lat' dir='ltr'>in</span> <span class='ocrx_word' id='word_1_258' title='bbox 722 4231 757 4292; x_wconf 87' lang='lat' dir='ltr'>V.</span> <span class='ocrx_word' id='word_1_259' title='bbox 781 4234 826 4290; x_wconf 81' lang='lat' dir='ltr'>Ex</span> <span class='ocrx_word' id='word_1_260' title='bbox 842 4227 1074 4332; x_wconf 77' lang='lat' dir='ltr'>interpretatione</span> <span class='ocrx_word' id='word_1_261' title='bbox 1088 4229 1153 4286; x_wconf 88' lang='lat' dir='ltr'>Seh.</span> <span class='ocrx_word' id='word_1_262' title='bbox 1167 4229 1211 4286; x_wconf 89' lang='lat' dir='ltr'>br.</span> 
     </span>
    </p>
   </div>
   <div class='ocr_carea' id='block_1_10' title="bbox 66 4316 1004 4472">
    <p class='ocr_par' dir='ltr' id='par_1_10' title="bbox 66 4316 1004 4472">
     <span class='ocr_line' id='line_1_36' title="bbox 66 4316 825 4396; baseline -0.007 -13"><span class='ocrx_word' id='word_1_263' title='bbox 66 4318 164 4383; x_wconf 76' lang='grc' dir='ltr'><strong><em>κατὰ</em></strong></span> <span class='ocrx_word' id='word_1_264' title='bbox 181 4340 278 4393; x_wconf 79' lang='grc' dir='ltr'><strong><em>μαχην</em></strong></span> <span class='ocrx_word' id='word_1_265' title='bbox 296 4321 413 4393; x_wconf 82' lang='lat' dir='ltr'>colligas</span> <span class='ocrx_word' id='word_1_266' title='bbox 429 4321 540 4396; x_wconf 85' lang='lat' dir='ltr'>aliquos</span> <span class='ocrx_word' id='word_1_267' title='bbox 557 4316 652 4395; x_wconf 77' lang='grc' dir='ltr'><strong><em>μάχην</em></strong></span> <span class='ocrx_word' id='word_1_268' title='bbox 668 4319 825 4394; x_wconf 84' lang='lat' dir='ltr'>scripsisse.</span> 
     </span>
     <span class='ocr_line' id='line_1_37' title="bbox 143 4403 1004 4472; baseline 0 -20"><span class='ocrx_word' id='word_1_269' title='bbox 143 4410 185 4452; x_wconf 81' lang='lat' dir='ltr'>no</span> <span class='ocrx_word' id='word_1_270' title='bbox 191 4411 227 4451; x_wconf 76' lang='grc' dir='ltr'>ιι</span> <span class='ocrx_word' id='word_1_271' title='bbox 234 4410 282 4459; x_wconf 73' lang='grc' dir='ltr'>ο,ι</span> <span class='ocrx_word' id='word_1_272' title='bbox 295 4410 387 4452; x_wconf 73' lang='lat' dir='ltr'>sanor.</span> <span class='ocrx_word' id='word_1_273' title='bbox 962 4403 1004 4472; x_wconf 85' lang='lat'>36</span> 
     </span>
    </p>
   </div>
   <div class='ocr_carea' id='block_1_11' title="bbox 0 0 1418 4809">
    <p class='ocr_par' dir='ltr' id='par_1_11' title="bbox 0 0 1418 4809">
     <span class='ocr_line' id='line_1_38' title="bbox 0 0 1418 4809; baseline 0 1"><span class='ocrx_word' id='word_1_274' title='bbox 0 0 1418 4809; x_wconf 95' lang='lat' dir='ltr'> </span> 
     </span>
    </p>
   </div>
  </div>
 </body>
</html>
