2825 4809
250 342 347 442 ἰιι
638 363 960 432 mssuuuumo
993 364 1021 430 1.

272 547 446 614 occasione
465 546 541 610 data
564 569 585 610 a
604 547 795 632 pleonasmo
818 547 1037 632 transgrediar
1059 547 1102 612 ad
1119 537 1249 635 ellipsin.
1282 556 1352 623 Huir

270 648 357 736 parti
377 647 517 733 primum
536 647 732 728 Eustathius
753 649 827 725 244,
837 649 891 714 43.
914 649 1061 733 assignat
1081 642 1209 736 αὔχημα
1227 667 1353 738 tanquam

270 749 491 824 imminutum
519 748 646 835 quippe
674 747 763 814 idem
789 748 877 814 velet
904 745 1057 837 καύχημα
1076 750 1217 835 Hesyeh.
1241 764 1273 818 ut
1296 780 1352 822 ver-

269 850 387 917 borum
406 871 539 934 quoque
558 847 733 916 declinatio
751 849 884 935 quidem
904 850 1031 916 diversa
1050 861 1100 916 est
1120 851 1157 918 τὸ
1176 860 1278 936 zongoi
1297 859 1354 924 dsu-

267 951 370 1038 τέρας
392 947 463 1018 ἐστὶ
484 949 654 1034 συζυγίας,
676 951 716 1018 τὸ
739 951 776 1020 δὲ
799 945 890 1033 αὖχιιῖ
914 947 1051 1037 πρώτης
1072 953 1151 1017 ΕΜ
1173 952 1241 1030 527,
1264 957 1289 1018 l.
1308 958 1353 1022 sed

267 1152 407 1218 Antiatt
427 1151 532 1219 Bekk.
560 1153 633 1218 102.
659 1174 761 1237 qnare
790 1150 854 1218 hoo
882 1173 1015 1236 quoque
1038 1152 1203 1230 defectivis
1224 1154 1353 1221 adnume-

267 1263 373 1319 ratur·
399 1253 439 1320 τὸ
461 1257 573 1335 καυχῶ
594 1246 802 1342 δευτέρας
782 1279 826 1324 on
844 1253 1040 1337 συζυγίας
1024 1279 1057 1321 εν
1080 1259 1124 1343 τῆ
1149 1249 1291 1344 ἀποβολῇ
1309 1262 1354 1323 τοῦ

231 1407 244 1414 .
267 1379 287 1419 κ
268 1343 444 1478 ἐχένιτρ
468 1349 562 1435 αυχῶ
591 1349 704 1436 αὐχεῖς
731 1354 860 1420 Aneod.
881 1354 987 1420 Bekk
1012 1354 1105 1420 1152.
1131 1375 1263 1439 quorum
1282 1357 1353 1420 alteri

267 1450 478 1541 αὐχηματίας
499 1456 673 1521 subustum
696 1466 756 1534 est,
779 1454 871 1520 alteri
894 1455 1130 1540 ναυχηματίας,
1152 1455 1211 1520 sed
1226 1455 1356 1539 adjectiva

266 1551 402 1644 αὖχήιις
428 1565 461 1618 et
483 1551 647 1637 αυχαλέος
666 1557 786 1678 kappa
811 1579 879 1622 non
908 1567 1087 1621 assumunt.
1138 1557 1272 1642 Utrique
1295 1580 1355 1624 vero

265 1655 464 1722 antecedunt
482 1656 616 1722 nomina
637 1653 721 1746 αἰχή
745 1668 778 1724 et
800 1655 902 1744 ναύχη
928 1668 961 1722 et
978 1658 1042 1724 hoe
1058 1658 1169 1744 potius
1188 1681 1279 1742 quam
1293 1659 1355 1722 illud

266 1779 327 1843 pro
359 1756 557 1841 interpolato
589 1756 703 1825 haberi
734 1768 880 1845 oportet,
914 1759 942 1824 si
972 1759 1129 1824 translata
1161 1769 1234 1824 sunt
1222 1757 1295 1826 tab
1313 1760 1355 1824 illo

265 1866 362 1944 gestu
380 1858 539 1942 eorporis,
561 1880 660 1943 quem
675 1859 797 1927 Graeci
813 1859 946 1946 proprie
965 1860 1136 1946 signarunt
1154 1861 1249 1929 verbo
1267 1857 1356 1943 vuov-

262 1964 377 2042 χανεῖν,
399 1958 435 2022 id
456 1959 549 2043 quod
569 1960 762 2026 Methodius
784 1961 909 2026 indiost
923 1963 1069 2046 quamvis
1085 1963 1213 2029 ratione
1231 1982 1357 2049 perversa

264 2060 300 2127 in
315 2060 396 2127 EM.
421 2060 493 2138 174,
515 2062 569 2126 24.
597 2059 699 2149 αὐχήν
725 2061 821 2148 παρὰ
850 2062 889 2128 τὸ
913 2058 1025 2145 αὐχεῖν
1046 2063 1105 2132 καὶ
1127 2067 1275 2152 χαυριᾷν·
1294 2087 1356 2147 χαυ-

264 2165 402 2246 paones
429 2159 492 2246 γὰρ
522 2161 580 2228 καὶ
608 2160 828 2248 ἐπαιρόμεναι
855 2157 1067 2246 ἆνατιίνσμιν
1091 2161 1210 2232 αὐτόν·
1236 2163 1357 2232 obtrudi

265 2264 447 2350 mammen
472 2261 565 2340 τινὰς
590 2264 738 2347 λέγομεν.
780 2262 908 2330 Dubito
934 2286 1011 2330 vero
1033 2287 1113 2330 num
1136 2261 1213 2352 εὐχή
1235 2263 1293 2330 hue
1312 2285 1356 2348 ap·
1382 2299 1383 2304 κ

265 2362 381 2450 plicari
403 2363 524 2448 possit,
552 2365 643 2448 quod
663 2364 805 2430 intendit
826 2365 937 2432 schol.
961 2364 1062 2431 Pind.
1086 2366 1144 2432 Ol.
1167 2365 1245 2434 VH.
1265 2364 1310 2436 86.
1329 2361 1357 2430 τὸ

263 2467 457 2548 καυχᾶσθαι
484 2460 556 2532 ἀπὸ
583 2470 644 2532 τοῦ
671 2460 847 2581 ε5χισοαι,
882 2466 942 2531 etsi
975 2466 1040 2532 hoe
1070 2467 1163 2553 apud
1192 2468 1358 2540 Homerum,

263 2564 322 2650 qui
347 2563 455 2631 verbis
482 2564 721 2651 perispomenis
748 2567 783 2630 in
810 2577 916 2632 totum
944 2566 1102 2644 abstinet,
1134 2568 1266 2654 saepius
1290 2565 1359 2630 huuc

256 2666 462 2733 intellectum
488 2665 656 2731 habett
624 2677 656 2733 et
683 2667 725 2732 ab
757 2668 928 2752 Hesychio
959 2690 1091 2754 quoque
1120 2669 1170 2734 sie
1202 2667 1359 2754 explicatur

255 2763 433 2851 ,Εὔχτσθαι
454 2772 647 2848 καυχᾶσθαι
670 2764 782 2850 αυχεῖν
811 2779 845 2834 et
868 2768 910 2835 ab
931 2769 1106 2836 Eustathio
1129 2771 1203 2848 710,
1172 2770 1260 2835 08
1279 2762 1360 2849 εὐχυ-
1381 2853 1382 2860 ¹

260 2865 372 2938 tot‘
337 2894 375 2936 αι
395 2865 580 2955 καυχήσεις.
612 2869 681 2936 Sed
705 2891 850 2955 pergam.
873 2866 961 2938 Ἀπὸ
983 2897 1042 2938 τσυ
1065 2869 1216 2947 nottho
1205 2864 1360 2955 όντιρἈν·

260 2994 349 3039 ταισι
377 2962 542 3038 sotto
510 2993 584 3038 ειτα
611 2968 815 3036 καλινὸιῦ·’
801 2995 837 3038 εκ
865 2969 984 3038 τούτου
1007 2971 1092 3038 κατὰ
1120 2967 1292 3058 ἀποβολὴν
1314 2971 1360 3034 τοῦ

259 3059 286 3138 ἶ
307 3065 432 3139 diodori
459 3069 585 3156 Phryn.
606 3073 699 3158 App.
722 3071 753 3136 5.
789 3073 912 3139 Verum
933 3082 1041 3138 tamen
1069 3074 1186 3138 eadem
1206 3072 1296 3138 litera
1316 3068 1361 3130 de·

260 3183 312 3240 est
333 3194 517 3257 synonymo
543 3170 687 3251 εἷλινὸιῦ,
710 3174 774 3239 hoo
795 3185 903 3239 autem
923 3172 965 3240 ab
986 3171 1064 3242 atto
1083 3175 1247 3260 originem
1259 3170 1363 3236 habere

216 3338 219 3342 .
261 3283 389 3340 constat
422 3295 453 3336 v.
487 3273 646 3340 Technol
683 3275 759 3340 205.
796 3284 999 3361 quapropter
1028 3297 1081 3340 res
1116 3276 1159 3340 ad
1191 3270 1360 3361 prosthesin

259 3374 365 3462 magis
393 3371 529 3438 inclinat
556 3397 654 3459 quam
680 3377 724 3440 ad
758 3377 961 3462 aphaeresin.
990 3372 1174 3444 Δοάσσατσ
1215 3370 1285 3442 ἀντὶ
1315 3373 1364 3438 τοῦ

259 3473 449 3545 ὀσκάσσατο
478 3468 637 3566 αποβσλῇ
666 3501 725 3543 του
748 3504 768 3542 κ
795 3473 840 3555 ὡς
873 3473 1021 3565 ῥαδαλὸν
1049 3470 1245 3563 δυναιιῆα’
1228 3475 1297 3542 αντὶ
1316 3475 1363 3538 toi

258 3573 493 3663 epotatogss)
512 3571 736 3667 υυκράόαυτσς
754 3578 832 3645 sch.
849 3578 890 3644 Il.
908 3577 1010 3642 XHI.
1028 3576 1102 3642 485.
1135 3578 1200 3642 Illa
1217 3571 1364 3642 Zenodoti

259 3677 420 3764 scriptura
441 3677 518 3756 fuit,
544 3678 598 3744 oui
619 3701 706 3746 nuno
730 3675 872 3767 ρσόανόν
907 3677 1116 3744 substitutum
1144 3689 1212 3756 est;
1243 3678 1288 3742 alt
1275 3687 1365 3740 terum

258 3777 434 3866 κραδανόν,
455 3779 547 3864 quod
568 3782 787 3846 Buttmannus
809 3780 1025 3866 Aristophani
1045 3779 1221 3859 tribuebat,
1246 3778 1365 3846 omnino

254 3903 325 3952 non
350 3881 479 3966 legitur.
510 3919 553 3930 -
579 3881 660 3948 EM.
688 3882 723 3947 in
750 3881 920 3968 Supplem.
949 3882 1073 3955 Koenii
1103 3882 1145 3946 ad
1176 3882 1279 3966 Greg.
1301 3875 1366 3942 446.

258 3977 400 4065 ὅτταβσς
432 3979 465 4048 οἱ
483 3976 595 4060 'toves
619 3984 751 4070 λέγουσι
777 3984 833 4049 καὶ
854 3979 893 4050 ori
916 3979 1078 4068 κότταβος
1103 3978 1149 4060 ὡς
1170 3976 1233 4048 αἶα
1257 3979 1311 4046 καὶ
1335 3971 1367 4042 ori

257 4089 346 4167 χαῖα.
391 4085 514 4150 Verum
538 4081 634 4166 hujus
657 4107 790 4170 quoque
811 4083 901 4150 vocis
920 4083 1104 4170 exemplum
1126 4107 1193 4148 non
1214 4091 1301 4147 extat
1317 4075 1368 4142 sed

330 4303 373 4371 ts)
392 4302 556 4358 Eustat-hius
574 4267 677 4358 rectius
695 4299 831 4377 κραδαλός
848 4322 873 4358 v.
890 4303 1095 4373 Prolegg.‘104.
1185 4273 1187 4280 ¹
