2825 4809
133 353 184 422 m
199 346 456 423 roosnnust
476 348 540 418 nr
561 348 826 421 armnansr.
852 347 891 419 c.
903 350 949 418 11.
972 353 998 439 p
1010 352 1041 418 1.
1089 351 1139 431 st
1228 415 1234 419 ,

78 535 306 623 0002409081.
326 536 355 601 Ι.
375 536 451 605 430,
476 534 529 606 ὅτι
550 478 589 605 ati
616 534 715 619 spada
735 530 983 622 ἂναλσγῶτσρσσ
1002 536 1061 607 καὶ
1081 562 1140 607 ao·

76 636 195 728 pidrspov
211 641 266 707 rosi
284 637 369 719 χθές
388 633 489 725 δῆλόν
511 636 581 707 ἔστι
603 643 740 722 πρῶτον
759 638 822 722 μὲν
842 635 880 707 ἔκ
899 643 961 726 τῆς
978 638 1140 724 ἐτυμολο-

76 742 126 826 γίας
145 738 189 807 du
208 737 301 821 ἐχθές
324 735 454 826 εἴρηται
474 736 568 822 παρὰ
589 737 628 807 τὸ
657 735 754 816 ἐκτὸς
774 744 974 827 γεγενῆσθαι
998 744 1059 829 σῆς
1079 736 1140 827 srp'·

74 866 151 925 pepon,
167 834 309 923 δεύτερον
327 839 364 907 δὲ
384 838 439 907 ὅτι
459 844 527 910 πᾶν
544 835 795 923 μονοσύλλαβον
812 837 984 929 inibique
1000 838 1022 929 lp*
1038 836 1140 929 φύσει

75 939 170 1028 llice
183 934 306 1023 μακρόν
325 935 410 1019 ἐσσι,
428 938 497 1019 σαί,
517 938 567 1028 σή,
590 935 674 1022 parii,
695 935 785 1028 μάψ,
805 939 908 1025 χωρὶς
924 944 985 1009 τσῦ
1003 941 1139 1026 noim),

74 1041 135 1129 qood
155 1037 190 1105 ab
208 1039 398 1109 Herodiano
426 1063 557 1128 qnoque
589 1040 741 1107 solitariis
762 1041 992 1110 adnumeratur
1010 1043 1073 1111 sed
1094 1042 1139 1111 ob

73 1144 138 1207 dian
158 1141 305 1207 rationem
331 1141 385 1209 ὅτι
413 1138 509 1214 οὐδὲν
538 1139 588 1220 εἰς
610 1128 661 1211 ἶν’
678 1139 928 1229 μονοσύλλαβον
961 1143 1140 1233 ἕπε’ῥρημα,

72 1265 146 1328 reque
163 1242 299 1307 nativum
319 1242 456 1309 habetur
477 1244 537 1311 sed
560 1253 762 1312 contractum
781 1266 823 1309 ex
843 1241 948 1330 uoiqrr
966 1245 1047 1311 EM.
1064 1246 1139 1323 688,

73 1346 104 1411 10.
136 1344 209 1411 Sunt
235 1364 312 1409 vero
346 1344 412 1409 duo
444 1345 506 1411 alia
536 1336 688 1413 adverbia
721 1344 1000 1431 brachycatalecto
1029 1345 1082 1427 0ος
1107 1357 1141 1414 et

70 1445 124 1529 τρίς,
142 1468 216 1531 quae
232 1445 278 1510 illi
301 1445 435 1531 quidem
457 1469 474 1511 e
497 1444 622 1527 ὁσάκις,
644 1442 775 1532 corciaco
797 1446 930 1513 concisa
944 1447 1060 1514 dicum
1079 1449 1141 1517 scd

70 1550 138 1615 iden
157 1570 218 1613 non
237 1546 416 1615 inveniunt
461 1548 516 1616 Ac
536 1547 564 1612 si
584 1547 711 1615 nullum
735 1558 822 1615 esset
842 1547 1007 1617 brevitatis
1029 1571 1139 1617 exem·

68 1651 140 1737 plum,
165 1660 269 1730 minen
291 1648 583 1717 Grammaticorum
613 1648 775 1715 sarmatia
794 1671 863 1715 non
882 1650 1044 1727 vincerct3
1064 1675 1140 1719 nam

69 1752 203 1838 particulae
215 1752 336 1837 jugum
360 1750 529 1837 analogiae
552 1751 739 1817 detrectant.
773 1750 1040 1838 Monosyllabum
1058 1756 1142 1836 χθές

67 1877 111 1923 oon
127 1854 220 1919 solnm
239 1853 433 1937 antiquitate
445 1862 616 1920 anctorum
631 1852 732 1919 vincit
746 1852 808 1917 sed
825 1863 1023 1919 sustentatur
1045 1855 1142 1921 edam

69 1955 235 2021 similitudine
257 1955 379 2021 alianae
396 1952 487 2027 vocis
498 1949 602 2037 Σσρός
619 1954 702 2035 χθές
722 1954 806 2019 Hcs.
817 1953 850 2037 1)
873 1964 907 2021 et
926 1954 1045 2021 latinae
1063 1958 1140 2031 lsai,

67 2078 204 2139 eoumque
232 2078 318 2141 quae
347 2054 383 2121 in
410 2053 595 2141 germanica
622 2053 736 2139 lingua
764 2065 798 2121 et
816 2054 894 2121 huic
916 2055 1068 2121 affinibus
1089 2078 1141 2121 re·

66 2157 204 2241 pariuntur.
256 2154 362 2225 Verbi
395 2155 505 2223 sotto
538 2154 757 2241 principatum
793 2154 913 2242 quibus
943 2157 1141 2243 argumentis

66 2257 298 2323 demonstraverit
320 2255 521 2342 Apollonius
545 2266 578 2323 et
599 2279 664 2343 quo
683 2256 758 2324 loco
779 2258 957 2336 nescimus,
979 2259 1039 2324 sed
1060 2281 1141 2346 pos·

66 2373 116 2422 smt
130 2359 205 2425 duae
220 2358 365 2423 rationes
381 2357 533 2444 proponi,
556 2380 623 2424 una
641 2360 732 2443 quod
750 2360 950 2445 antiquiores
966 2360 1141 2447 scriptores

63 2460 104 2525 hoc
127 2460 249 2547 saepius
280 2482 378 2545 quam
399 2458 558 2545 bisyllabo
581 2459 633 2528 usi
658 2471 744 2539 sunt,
766 2462 833 2530 dno
855 2474 963 2529 autem
983 2462 1142 2548 antiquis-

64 2560 111 2625 sini
134 2584 297 2647 nunquam
324 2560 415 2625 aliter
444 2561 571 2637 dixere3
603 2562 702 2627 altera
723 2564 815 2650 quod
836 2564 919 2631 hanc
935 2563 1071 2629 formam
1089 2586 1142 2630 se·

63 2675 172 2746 quantur
208 2662 361 2749 syntheta
401 2672 434 2729 et
469 2686 636 2749 paragoge
668 2661 904 2743 ἐθελόδσυλος,
937 2662 1143 2750 illisu-taos·

63 2762 223 2845 ἐθελούσιος
258 2776 320 2831 etc.
357 2764 575 2850 discrepantia
607 2774 716 2833 autem
745 2766 897 2852 θέλημα,
927 2766 1069 2850 aalma
1101 2764 1143 2830 ab

63 2866 162 2951 miquo
191 2866 431 2943 consuetudine
464 2864 648 2933 abhorrent.
710 2864 749 2932 Si
784 2886 860 2931 vero
896 2866 1148 2953 proportionem·

62 2967 291 3045 consideramus,
319 2966 355 3033 in
383 2967 579 3038 porcarium
606 2966 764 3044 ducimur,
792 2966 829 3033 ad
858 2966 920 3053 polo
943 2967 1053 3033 ἐθέλω
1077 2972 1143 3033 τῶν

61 3067 230 3153 παραλόγων
271 3068 358 3135 κατὰ
398 3065 492 3138 τόνον
529 3067 598 3137 iuri
630 3064 851 3152 σρισύλλσβον
885 3066 1067 3131 Herodian.
1100 3068 1143 3132 ad

60 3164 121 3233 iil
140 3169 210 3237 227.
241 3164 383 3238 et'EM.
408 3168 481 3247 318,
504 3168 556 3237 25.
589 3168 690 3235 relato
718 3166 890 3255 Apollonii
922 3167 1054 3234 decreto
1079 3194 1144 3257 μη-

59 3400 130 3474 i'oqoe
141 3404 277 3461 credibile
291 3406 370 3477 quod
382 3402 549 3477 Apollonius
561 3406 580 3460 l.
594 3422 618 3460 c.
632 3404 711 3459 addit
723 3404 791 3460 ἔνιοι
806 3404 838 3459 δὲ
851 3407 898 3458 καὶ
912 3401 962 3471 τὴν
968 3410 1053 3477 χεῖρα
1067 3402 1144 3482 πσρὰ

61 3484 149 3559 dipsa
160 3496 250 3563 φασὶν
265 3493 467 3563 ἐσχηματίσθαι
483 3492 537 3545 hoc
552 3497 596 3545 ost
610 3488 645 3546 ab
660 3492 732 3562 ἴχαρ
745 3488 811 3545 EM.
824 3492 883 3555 ooo,
896 3492 937 3544 4⁹.
950 3490 1146 3548 consentiente

60 3570 191 3632 Herodiano
211 3576 241 3631 in
263 3574 453 3647 Epimerismis
472 3575 647 3647 Theognost.
661 3575 729 3635 Cau.
746 3576 803 3632 ¹3³.

107 3679 131 3743 2)
144 3679 206 3733 ΕΜ.
221 3680 283 3735 405.
295 3677 375 3736 addit
392 3676 424 3733 cri
440 3674 565 3749 adzerus
574 3678 603 3733 τὸ
617 3676 666 3748 md,
682 3679 850 3751 ἐπίφθεγμα
865 3674 928 3749 γάρ.
955 3677 1088 3750 Plerique
1103 3686 1146 3735 ta·

60 3775 104 3815 nen
118 3764 343 3837 epiphthegmata
360 3762 500 3818 adverbiis
518 3766 717 3830 adnumerant,
736 3782 763 3817 v.
778 3763 931 3817 riddeada.

108 3863 132 3929 3)
142 3866 182 3919 Ex
193 3866 251 3919 hoc
265 3864 361 3935 colligi
373 3872 469 3937 potest
480 3864 647 3937 principium
659 3865 735 3919 vocis
745 3865 831 3921 scisse
843 3866 874 3940 ἕρ
887 3866 944 3921 sive
956 3866 984 3928 ἓς
995 3866 1145 3939 aspiratum

61 3951 79 3997 o
91 3946 144 4003 hinc
162 3949 336 4021 precessisse
352 3954 416 4020 χέρ’,
433 3955 517 4021 χθές,
541 3949 690 4021 interjecto
709 3954 789 4005 theta
809 3961 841 4005 nt
856 3948 1051 4025 χθαμαλόςσσ
1063 3947 1148 4025 χθών

61 4031 191 4089 alleinelr.
204 4036 244 4090 ad
261 4036 359 4107 Steph.
373 4055 402 4107 p.
414 4036 474 4089 000.
488 4044 631 4107 postremo
647 4036 737 4106 ἐχθές.
762 4036 913 4092 Piersonus
930 4037 1014 4091 edam
1029 4054 1084 4107 pro
1093 4037 1151 4096 264¹

62 4112 133 4180 dictes
149 4121 331 4179 scribendum
349 4128 431 4194 putat
451 4122 538 4192 [χθές.
573 4121 672 4191 Neque
692 4120 861 4179 incredibile
883 4118 995 4176 ridetur
1015 4136 1097 4175 um
1117 4127 1147 4178 et

61 4198 121 4264 lidos
138 4208 253 4281 proprie
273 4210 436 4265 hesternum
455 4206 513 4263 sive
532 4207 691 4279 pridianum
713 4206 871 4277 significare
893 4207 986 4277 ipsum
1004 4222 1061 4275 que
1081 4204 1149 4263 besa

61 4286 183 4353 genitivum
199 4310 265 4350 esse
282 4294 328 4352 vel
343 4292 496 4353 ablativum
516 4300 547 4347 nt
566 4292 615 4347 dte
633 4297 770 4358 aaran,
784 4294 931 4369 prensat.
