2825 4809
241 279 314 352 170
433 282 441 292 ”
608 273 930 344 DISSERTATIO
960 273 989 338 1.

240 487 320 550 γρος
341 458 435 544 παρὰ
456 458 494 524 τὸ
514 455 616 546 γράω,
639 453 701 546 ἀφ’
727 449 766 526 οὗ
787 457 968 544 ῥηματικὸν
990 450 1097 537 ὄνομα
1118 451 1202 540 γρός,
1220 450 1237 521 ὃ
1256 458 1320 525 καθ’

241 559 341 629 ἑαυτὸ
365 556 405 627 οὗ
427 554 541 646 ῥητόν·
565 556 600 625 ἐν
622 559 865 646 διπλασιασμῷ
885 555 1024 644 γόγγρος
1046 555 1124 620 ΕΜ.
1140 555 1207 632 237,
1223 557 1268 620 44.
1284 560 1323 623 cui

241 662 363 730 similes
385 669 461 726 sunt
481 659 609 725 fabulae
634 660 675 724 de
691 656 785 737 κλός,
803 654 883 740 χλός
897 668 958 723 etc.
989 655 1200 724 Schneiderus
1216 673 1281 722 vero
1293 661 1325 723 ad

241 763 377 830 Aristol.
406 762 448 826 Τ.
478 760 543 826 ΙΠ.
574 761 625 826 18.
652 779 781 844 coaqer,
809 759 931 844 inquit,
960 779 1074 825 nomen
1097 777 1117 823 a
1137 755 1272 843 γόγγροις
1290 765 1326 825 uel

242 859 460 950 στρογγύλαις
482 862 614 944 ἐξοχαῖς
635 861 778 946 δένδρων
799 872 835 926 at
852 860 992 926 Gdenas
1011 871 1115 925 monet
1135 863 1168 924 ia
1180 858 1325 938 Glots.³³).

241 966 309 1030 Hic
328 986 406 1029 vero
429 963 472 1028 de
492 962 584 1048 pisce
604 960 729 1026 nullum
752 960 903 1036 verbum,
935 959 994 1025 sed
1023 969 1162 1024 tumores
1187 960 1271 1044 gulae
1292 961 1327 1027 sic

244 1065 405 1153 appellari
439 1063 519 1128 dicit
550 1085 571 1126 a
602 1060 813 1128 similitudine
846 1062 1011 1138 tuberum,
1046 1060 1187 1144 quaein
1207 1060 1329 1126 arborum

243 1168 367 1242 truncis
390 1165 549 1239 existrmt3
578 1161 724 1228 adhaec
747 1172 855 1228 autem
877 1173 1009 1248 etymon
1037 1161 1078 1226 ab
1101 1161 1178 1227 EM.
1203 1166 1327 1248 proposi-

134 1327 141 1342 „
243 1282 313 1335 tum
339 1290 408 1334 non
436 1267 575 1351 quadrat
602 1274 636 1329 et
664 1264 856 1351 suppressio
885 1264 1007 1330 vocalis
1036 1262 1220 1349 principalis
1245 1287 1329 1349 neque

242 1372 308 1436 illis
324 1368 494 1456 exemplis,
516 1389 601 1452 quae
620 1366 830 1433 Grammatici
852 1365 1003 1450 allegant,
1027 1363 1157 1428 abunde
1176 1365 1331 1428 confirmata

244 1481 311 1547 est,
341 1491 450 1554 neque
475 1467 544 1534 scio
572 1489 614 1531 an
635 1489 720 1551 quae
747 1489 810 1552 ego
834 1466 1005 1552 indagavi,
1025 1463 1251 1530 morosioribus
1270 1466 1329 1530 satis

244 1572 370 1636 faotma
399 1569 475 1634 sint.
529 1568 616 1634 Sunt
648 1589 726 1632 vcro
755 1568 854 1632 haec:
883 1565 956 1633 Ζίω
985 1567 1022 1632 τὸ
1058 1567 1145 1652 ζητοῖ
1173 1564 1208 1644 ἐξ
1231 1555 1265 1632 οὗ
1288 1567 1331 1632 καὶ

246 1672 351 1754 ζῖεται
383 1670 531 1756 ζητεῖται
561 1668 642 1733 ΕΜ.
670 1669 752 1746 411,
781 1669 835 1733 41.
866 1691 906 1734 ex
934 1689 999 1752 quo
1031 1667 1149 1752 aliquis
1181 1665 1331 1752 suspicetur

245 1772 326 1855 δίζω
354 1780 470 1837 natum
496 1791 570 1835 esse
598 1779 671 1835 zeta
699 1769 735 1834 in
760 1769 847 1834 delta
875 1779 1000 1834 mutato
1024 1779 1062 1834 ut
1089 1770 1124 1833 in
1155 1768 1238 1832 affini
1255 1767 1331 1832 verbo
1375 1761 1376 1828 l

245 1875 356 1961 ὄητεῖν
376 1873 412 1936 id
435 1881 485 1936 est
505 1870 613 1956 ζητεῖν
635 1870 762 1939 Techn.
785 1871 837 1935 28.
874 1870 1109 1956 Imperfectum
1131 1867 1234 1936 ἔδιδον
1252 1867 1334 1932 idest

247 1971 406 2040 ἐδίδοσαν
430 1973 466 2037 in
492 1974 538 2036 H.
563 1973 609 2036 H.
633 1972 669 2035 in
690 1971 766 2037 Cer.
788 1973 1006 2037 Buttmannus
1032 1982 1121 2036 reete
1143 1970 1258 2035 confert
1278 1991 1333 2033 oum
1375 1959 1376 2054 l

244 2073 423 2140 Pindarico
454 2070 567 2141 ἔτιθιν
594 2072 615 2137 i.
642 2096 674 2157 q.
702 2070 878 2149 ἐτίθεσαν,
905 2094 1012 2158 neque
1046 2095 1132 2159 opus
1159 2083 1206 2138 cst
1225 2072 1255 2136 in
1274 2070 1333 2135 sub·
1375 2061 1376 2142 l

245 2176 366 2239 sidium
392 2195 511 2239 vocare
541 2197 696 2270 praesens
728 2170 829 2249 δίδον,
859 2194 924 2257 quo
956 2175 1134 2261 scriptores
1154 2173 1334 2239 inficetissimi
1375 2177 1376 2258 l

245 2286 381 2341 utuntur
401 2297 463 2361 pro
486 2271 609 2354 δίδωμι
630 2271 733 2358 (dailo)
754 2295 784 2338 v.
809 2273 935 2339 Techn.
959 2275 1009 2340 72.
1044 2273 1176 2360 Κόγχος
1194 2296 1262 2340 vero
1284 2273 1336 2336 sive

243 2373 347 2461 κόγχη
368 2373 411 2439 ab
434 2373 552 2439 eadem
572 2374 684 2438 radice
705 2383 820 2438 natum
840 2375 968 2440 videtur
988 2386 1026 2441 ut
1049 2399 1250 2462 synonymon
1266 2371 1334 2459 χήμη

246 2478 337 2563 quod
365 2477 559 2542 Athenaeus
586 2475 651 2541 III.
679 2474 732 2540 93.
764 2477 808 2539 A.
842 2498 862 2538 a
890 2476 1007 2562 κέχηνα
1034 2478 1165 2564 repetit.
1217 2477 1258 2543 Et
1279 2473 1337 2537 huic
1375 2485 1376 2496 ¹

245 2578 453 2666 aequiparari
481 2587 593 2664 potest
617 2567 716 2654 ὅτλος
744 2574 840 2658 παρὰ
866 2576 904 2644 τὸ
935 2579 1013 2644 τλῶ·
1031 2579 1113 2644 ΕΜ.
1149 2601 1233 2642 ιιοιαΙ
1248 2574 1337 2640 anadi-

244 2679 421 2765 plasiasmo
453 2678 561 2742 vicina
592 2686 642 2741 est
669 2676 862 2762 prosthesis.
916 2679 1040 2745 Verum
1070 2681 1173 2744 redeo
1204 2679 1238 2742 in
1264 2676 1339 2740 vian.
1375 2723 1376 2730 .

243 2777 385 2864 Κοχώνη
413 2777 636 2844 Doederlinus
670 2776 795 2861 synon.
829 2778 890 2844 VI.
921 2779 972 2844 84.
1002 2801 1022 2842 a
1049 2777 1130 2867 χνόη
1165 2780 1230 2844 sive
1257 2774 1342 2858 χοῖνιξ

243 2880 367 2946 iactum
389 2901 462 2946 esse
483 2879 620 2944 affirmat
641 2899 701 2965 per
722 2877 987 2964 duplicationem,
1009 2904 1071 2947 neo
1093 2891 1202 2947 tamen
1224 2877 1341 2944 declarat

245 2999 419 3067 quamnam
448 3003 532 3046 coxa
563 3001 638 3045 oum
663 2979 809 3044 modiolo
837 2991 929 3046 rotae
960 2982 1205 3048 similitudinem
1232 2977 1338 3049 habeat,
1375 3009 1376 3084 η

243 3083 308 3148 nisi
336 3084 421 3149 forte
451 3083 498 3149 sic
526 3081 654 3148 censuit
681 3082 814 3146 nomine
839 3082 895 3148 illo
925 3105 1058 3148 caveam
1086 3084 1171 3148 ossis
1201 3076 1342 3146 femoralis
1375 3089 1376 3156 ζ

246 3185 406 3260 denotari,
424 3205 523 3268 quam
533 3182 654 3250 Graeci
669 3181 812 3270 κοτύλην
831 3184 1008 3271 appellant,
1030 3184 1144 3248 Latini
1162 3179 1342 3249 acetabulum

246 3283 310 3348 hoc
332 3293 383 3348 est
402 3285 441 3348 ad
466 3286 579 3350 κοῖλον
599 3287 659 3350 τοῦ
683 3279 819 3361 ὀστέου,
849 3282 934 3350 ἔνθα
961 3281 981 3371 ἦ
1008 3285 1140 3374 κεφαλὴ
1170 3287 1229 3350 τοῦ
1257 3279 1344 3368 μηροῦ
1375 3287 1376 3346 ἐ

246 3383 461 3470 ἐνστρέφεται
482 3382 594 3449 Schol.
616 3383 655 3447 Il.
673 3384 715 3449 V.
732 3384 806 3448 306.
819 3385 871 3468 ³⁴)
909 3385 946 3451 Si
960 3407 1038 3451 vero
1060 3387 1142 3451 nihil
1153 3385 1252 3450 ‘aliud
1267 3401 1345 3466 quam
1375 3395 1376 3482 η

314 3617 362 3686 33)
384 3617 415 3673 Si
437 3620 514 3690 quod
533 3614 690 3688 Hesychius
715 3618 799 3672 tradit
824 3621 981 3691 γογγρῦσαι
1005 3618 1186 3692 (γογγρὺσαι)
1212 3617 1247 3680 οῖς
1265 3621 1346 3687 χοῖροι
1375 3643 1376 3672 z

245 3707 388 3777 φωνῆσαι·
408 3701 438 3760 τὸ
462 3705 494 3759 δὲ
516 3702 582 3758 αὐτὸ
606 3708 653 3758 καὶ
677 3707 831 3775 γρυλλίζειν
854 3708 977 3775 λέγεται,
1003 3704 1069 3758 satis
1094 3705 1192 3760 indicii
1216 3703 1347 3775 praeberet
1375 3741 1376 3764 3

243 3807 362 3861 porcos,
381 3789 432 3858 qui
454 3791 540 3860 vulgo
560 3793 659 3862 γρῦλοι
675 3797 826 3854 vocantur,
852 3807 869 3843 a
887 3790 1028 3844 nonnullis
1048 3785 1190 3864 γόγγρονς
1208 3786 1346 3860 appellatos

245 3892 316 3940 esse,
336 3873 457 3928 dubitari
475 3883 570 3946 posset
587 3893 623 3928 an
640 3882 791 3945 utrumque
809 3893 912 3930 nomen
931 3895 947 3930 a
964 3879 1148 3948 quadrupede
1167 3879 1204 3931 ad
1220 3887 1348 3943 congrum,

243 3961 292 4032 qui
308 3960 383 4016 idem
397 3954 513 4034 γρύλλος
531 3961 643 4025 dicitur,
660 3960 824 4014 translatum
844 3961 880 4014 sit
897 3961 943 4014 vel
962 3964 999 4015 ob
1019 3980 1118 4016 vocem
1135 3964 1180 4032 (ut
1198 3959 1211 4016 ὃ
1231 3954 1349 4027 ποτάμιος

237 4053 337 4121 χοῖρος
348 4047 450 4101 Athen.
463 4045 542 4100 VIII.
556 4047 615 4098 331.
630 4046 681 4113 D.)
694 4046 740 4099 vel
753 4047 789 4099 ob
806 4046 889 4100 aliam
902 4047 1126 4118 qualemcunque
1144 4043 1347 4101 similitudinem.

312 4133 359 4201 34)
372 4129 481 4210 Κοτὺλη
497 4130 512 4186 d
527 4128 641 4201 γλουτὸς
658 4128 712 4184 ἀπὸ
730 4135 775 4200 τῆς
792 4129 945 4202 κοιλότητος
960 4132 1051 4204 Epim.
1066 4133 1103 4187 II.
1119 4135 1234 4199 453415.
1250 4123 1345 4200 κοχῶνη

242 4214 260 4284 ἦ
276 4215 441 4287 ὑπογλουτίς
454 4217 603 4286 Moschop.
619 4216 723 4270 Sched.
738 4219 780 4282 62,
795 4217 820 4270 8.
