2825 4809
249 348 325 424 noo
542 323 863 411 nrssnsrnnro
893 340 940 407 11.
983 340 1075 409 nn

245 524 437 597 λοὶσοεοθαι
459 526 523 595 hoc
543 526 710 593 intellectu
731 525 939 595 custodiendi
958 548 1035 593 cnm
1049 538 1160 614 qusrto
1176 550 1246 597 oosu
1263 554 1324 600 eon-

239 628 348 715 jungi.
393 628 431 697 Si
453 638 542 695 certo
562 640 650 698 esset
668 628 861 695 Buttmmni
880 630 1069 714 conjecturs
1087 629 1272 697 Grsmnnll.
1284 636 1325 701 21.

211 744 216 749 ’
246 730 321 796 odn.
342 729 569 799 Aristarchum
596 731 632 797 in
658 731 733 797 loco
760 730 924 797 homerico
955 728 1176 812 παπάλαχθαι
1199 733 1325 814 edidisse,

246 854 320 897 eum
341 830 405 897 hoc
427 832 565 904 conferri
590 842 705 919 posset
727 829 952 921 προφύλαχθε
977 840 1131 919 tunquam
1150 832 1327 920 imperativus

246 932 394 1016 ejusdem
423 933 579 1020 temporis
612 934 666 1000 cui
692 932 740 1022 μή
766 927 937 1014 ὕνιόδεχθε
964 933 1068 1004 Anth.
1089 934 1169 1005 XII.
1194 936 1241 1001 73.
1267 938 1327 1002 snb·

240 1035 366 1118 jectum
387 1045 501 1099 est-
524 1035 620 1101 Alter
639 1035 759 1101 modus
780 1043 831 1099 est
850 1031 1028 1101 infinitivus
1038 1027 1148 1103 ’Ἐδιιν
1166 1034 1270 1121 ἐόέμεν
1286 1039 1330 1106 καὶ

246 1140 398 1226 συγκοπῇ
419 1136 478 1203 καὶ
499 1138 700 1224 πλεονασμῷ
721 1134 856 1219 ἔδμεναι
872 1135 955 1201 EM.
965 1135 1039 1215 316,
1050 1137 1104 1201 37.
1137 1137 1221 1203 Huic
1237 1138 1330 1203 similis

246 1247 323 1302 sunt
338 1228 458 1323 ’Ἐγμεν
481 1235 566 1320 ἔχειν
590 1239 673 1303 Hes.
697 1247 731 1303 ct
756 1232 853 1320 ἴδμεν
878 1236 946 1301 sive
971 1233 1121 1316 ἴδμεναι,
1152 1239 1330 1323 quodmodo

246 1359 307 1423 pro
326 1333 410 1405 ἷόιῖν
431 1339 590 1433 occipitur
610 1338 710 1405 modo
731 1358 792 1424 pro
820 1332 946 1405 εἰδέναι
967 1360 997 1403 v.
1013 1338 1161 1405 Nitzsch.
1176 1340 1218 1405 ed
1232 1341 1329 1425 Odyss.

246 1439 343 1507 VIII.
370 1439 444 1505 213.
490 1440 576 1505 Cum
606 1436 741 1523 ἔδμεναι
767 1438 958 1505 Eustatbius
986 1440 1088 1517 1224,
1115 1441 1167 1507 15.
1195 1444 1331 1507 contendit
1383 1454 1385 1459 ’

245 1538 380 1605 verbum
401 1562 521 1627 purum
541 1536 677 1623 ἀέμεναι
704 1538 761 1606 καὶ
782 1538 818 1605 ἐν
839 1543 989 1629 συγκοπῇ
1013 1531 1152 1624 ἀμεναι,
1182 1543 1237 1607 sed
1257 1542 1331 1629 alphs
1383 1558 1385 1564 ’

246 1640 382 1727 longum
405 1641 562 1709 indicium
584 1639 721 1727 praebet
745 1640 987 1720 contractionis,
1009 1641 1063 1705 cui
1085 1641 1251 1729 ζευγνῦμεν
1264 1668 1329 1728 qno·

247 1764 312 1827 que
334 1740 516 1827 subjeetum
537 1764 610 1809 esse
632 1752 764 1830 oportet
782 1744 823 1808 Il.
839 1743 938 1810 XVI.
958 1741 1031 1809 145.
1053 1744 1147 1827 quod
1168 1744 1327 1811 Woffiusct

245 1842 416 1911 Bskkcrus
445 1844 645 1921 asciverunt,
674 1846 801 1932 quippo
827 1868 849 1910 o
875 1841 1016 1928 ζιυγνύω
1046 1845 1240 1913 declinatum
1260 1869 1285 1911 u.
1300 1845 1333 1909 nd

245 1947 368 2013 Buttm.
390 1968 425 2031 p.
448 1946 477 2012 7.
501 1946 577 2011 odn.
599 1945 654 2015 alii
676 1943 873 2031 ζευγνύμμιν
897 1946 1097 2031 seripserunt
1118 1948 1171 2013 vel
1193 1943 1334 2034 ζευγνύμεν

245 2046 353 2132 ypsilo
383 2046 478 2113 metri
510 2069 609 2111 causa
639 2047 815 2133 producto.
863 2048 1029 2114 Infinitivo
1060 2044 1221 2133 ἀράμεναι
1245 2035 1337 2131 non-y

246 2148 356 2234 psilon
377 2146 467 2213 verbi
489 2143 591 2235 ἀροῦν
612 2149 795 2215 detractum
816 2158 868 2215 est
892 2160 931 2215 ut
948 2148 1192 2236 Moschopulus
1214 2149 1285 2215 dicit
1306 2149 1338 2212 nd

246 2253 328 2315 Hcs.
353 2250 445 2337 Opp.
467 2249 520 2315 22.
544 2249 605 2315 sod
624 2239 650 2316 e
666 2250 777 2336 psilon
796 2251 887 2317 vocis
908 2250 1103 2317 thematiose
1128 2245 1250 2333 ἀρόειν,
1271 2251 1338 2315 unde

247 2348 428 2437 ἀροέμεναι
453 2349 592 2437 produci
618 2352 793 2439 oportebat
819 2362 851 2417 et
873 2351 1047 2418 contractis
1067 2344 1338 2436 vocnlibusdpod-

245 2474 353 2534 μεναι.
402 2451 644 2519 Detrimentum
679 2454 835 2540 temporis
873 2453 1022 2539 syllabici
1057 2451 1276 2539 bibliographi
1302 2450 1340 2513 vel

245 2551 468 2637 geminatione
486 2574 650 2621 consonae
667 2556 939 2623 reconcinnorunt
954 2554 1007 2620 vel
1022 2554 1124 2619 ectasi
1140 2554 1268 2631 voculis,
1282 2574 1340 2640 psrs

245 2647 434 2736 ἀρόμμεναι
459 2654 652 2735 scribentes,
681 2656 738 2721 ulii
760 2651 941 2741 ἀρώμεναι.
985 2656 1081 2721 Idem
1101 2644 1251 2743 {psilon
1270 2656 1341 2719 deest

244 2752 351 2819 vorbis
380 2755 503 2841 primae
531 2757 757 2825 declinationis
784 2753 975 2843 ἀγινέμεναι
1003 2768 1037 2824 ct
1062 2760 1156 2844 quod
1177 2757 1342 2825 Zenodous

243 2857 392 2923 Homero
420 2856 532 2925 tribuit
553 2854 671 2944 ὀχέμεν
691 2883 722 2925 v.
745 2860 789 2927 od
808 2862 931 2927 Buttm.
954 2883 988 2946 p.
1011 2859 1084 2927 154.
1106 2884 1134 2925 s.
1157 2859 1279 2937 Δινέω,
1302 2880 1340 2921 re

244 2958 363 3025 mansit
382 2980 459 3025 vero
480 2959 515 3025 in
537 2956 737 3049 φιλήμεναι,
765 2961 927 3052 γοήμεναι
949 2971 1010 3033 eto.
1051 2983 1139 3045 quoe
1162 2984 1238 3027 cum
1257 2956 1342 3042 ὁμαρ-

118 3100 122 3105 -
243 3057 358 3149 νήτην,
392 3057 535 3150 συλήτην
560 3074 801 3149 componantur.
844 3057 1027 3148 Εἰράμεναι
1047 3061 1092 3129 sd
1115 3059 1230 3151 εἴρομι
1254 3056 1343 3125 referri

245 3162 339 3227 solet.
379 3162 555 3229 Poeticum
583 3159 657 3247 ἴμεν
684 3164 804 3230 notioni
830 3163 933 3229 multo
955 3163 1062 3249 magis
1089 3163 1246 3249 congruit
1268 3180 1346 3246 quon

244 3258 332 3331 ἱέναι
353 3262 413 3327 sed
433 3263 592 3329 rationem
620 3266 698 3331 vicit
718 3288 799 3333 usus
819 3265 916 3350 isque
936 3264 982 3328 ito
1004 3263 1238 3333 corroboratus
1259 3270 1346 3328 estut

237 3362 308 3446 jnm
330 3361 524 3427 damnentur
546 3361 662 3433 ἀπίναι
685 3378 718 3433 et
739 3365 844 3447 ἐξίναι
863 3388 895 3431 u.
917 3367 962 3431 sd
977 3365 1057 3432 Phr.
1071 3366 1122 3433 16.
1138 3368 1194 3451 ⁴⁸)
1218 3365 1261 3431 od
1279 3382 1347 3449 quse

243 3463 420 3551 scriptores
441 3462 585 3549 vulgaris
605 3476 702 3534 notse
723 3490 793 3533 non
818 3466 1020 3533 conscientie
1038 3468 1107 3533 veri
1130 3468 1195 3535 scd
1215 3474 1347 3558 respectu

243 3566 380 3631 aliorum
401 3586 538 3631 casuum
558 3562 640 3647 ἴμεν,
663 3567 726 3648 i'os,
745 3568 806 3637 ἴτω
830 3568 963 3635 deducti
984 3570 1144 3644 videntur.
1164 3609 1208 3619 —
1240 3568 1347 3651 Quem·

242 3665 420 3731 admodum
442 3666 602 3733 Technioi
628 3664 771 3737 δύναοαι
797 3692 818 3733 a
845 3667 999 3750 δύναται,
1029 3669 1104 3761 ἓζήν
1126 3671 1169 3738 sb
1194 3669 1252 3759 ἔζη
1277 3666 1347 3733 deri-

241 3778 351 3835 vatum
368 3779 514 3835 statuunt
530 3771 616 3855 πρὸς
638 3765 819 3857 ἀναλογίαν
839 3774 899 3839 τοῦ
917 3758 1032 3854 τρίτοῦ
1049 3766 1237 3857 προςώποο
1254 3769 1350 3866 Q

241 3866 312 3935 rob.
336 3868 419 3936 Con.
438 3870 519 3950 864,
539 3873 591 3936 27.
614 3872 661 3937 sic
683 3873 781 3937 etiam
801 3871 1005 3959 temporibus
1027 3873 1151 3959 syllaba
1164 3861 1270 3950 οἷον,
1284 3890 1347 3941 οντες

309 4040 357 4109 ts)
370 4040 472 4095 Allntis
487 4043 560 4097 udde
573 4046 639 4107 λναι,
653 4043 732 4110 quod
742 4042 923 4097 Herodianus
936 4044 972 4096 de
984 4041 1082 4097 Dichr.
1090 4044 1149 4107 298,
1158 4044 1185 4096 8.
1200 4060 1265 4096 cum
1276 4042 1349 4100 didm

242 4126 356 4197 copulat
372 4133 402 4180 et
419 4125 518 4181 ἆπίναι
533 4126 620 4179 Antb.
634 4126 686 4179 XI.
704 4128 762 4180 tot.
778 4126 928 4199 Ἐςιέμεναι
941 4129 1042 4199 Odyss.
1052 4126 1149 4181 XXII.
1163 4129 1226 4183 470.
1245 4144 1301 4181 non
1315 4122 1349 4176 in·

241 4210 365 4265 finitivus
384 4220 427 4267 est
446 4220 477 4267 ut
495 4212 658 4282 Kruegsrus
678 4220 760 4283 putot
782 4212 811 4267 in
830 4215 955 4269 Grnmm.
974 4215 1023 4270 Gr.
1041 4214 1075 4268 Τ.
1089 4214 1126 4268 11.
1140 4215 1182 4267 ss.
1206 4215 1259 4267 scd
1278 4205 1352 4282 porti·

245 4292 348 4365 clpium
365 4296 446 4351 verbi
464 4300 551 4369 ἵεμαι.
