2825 4809
296 349 381 415 ‘DE
403 345 686 415 PARncuAsu
726 347 765 415 C.
789 346 835 413 Π.
870 351 895 433 t.
916 349 949 414 3.
1116 352 1192 426 423

89 536 307 624 cognitum¹³)
331 544 364 601 et
384 532 541 600 dissimile
564 532 680 599 ceteris
705 554 780 598 cum
801 532 866 598 hoo
883 531 1085 598 substantivo
1100 554 1192 599 com·

89 638 210 728 positis,
233 658 371 737 quorum
391 634 546 701 nullum
536 658 571 701 ru
592 660 630 721 ης
576 624 717 700 —exit
730 632 794 699 nisi
816 643 966 719 correpta
983 632 1193 721 diphthongo

90 734 241 828 (ευχερής,
272 726 452 825 demptio)
473 737 533 803 sed
560 736 631 803 fieri
660 746 772 823 potest
798 746 837 801 ut
863 744 964 822 poeta
989 736 1073 802 illud
1100 752 1197 802 extra

87 841 223 913 ordinem
243 838 461 907 introduxerit
482 839 566 913 sicut
585 837 762 904 accusativi
782 836 976 916 καθυπνέα,
1002 834 1155 925 ἔπαρωγ
1141 840 1192 917 ζα,

85 939 319 1027 ammaonte,
347 938 550 1022 πολυτεχνέα
583 940 710 1005 ιιιιΗιιιιι
731 940 831 1024 juxta
858 960 895 1005 se
921 960 1036 1005 casum
1058 937 1190 1004 habent

83 1042 202 1127 Magna
225 1041 358 1126 quidem
386 1052 436 1107 est
461 1042 559 1129 copia
586 1043 820 1129 adjectivomm
841 1063 927 1126 quae
948 1042 1135 1127 promiscue
1156 1041 1192 1105 in

85 1168 114 1221 ος
139 1154 174 1210 et
202 1168 242 1233 ης
267 1144 493 1209 terminenttu.
523 1140 677 1229 δύςεργος
705 1142 879 1232 δυςεργής,
912 1135 1030 1231 εύηχος
1058 1138 1191 1230 εὖνχιξς,

84 1238 242 1321 ἱσόπαλος
262 1240 443 1331 ῖσοπαλής,
470 1239 686 1322 nottestane
705 1239 994 1331 πολυπλανήςοω.
1011 1242 1072 1309 sed
1086 1265 1193 1329 quae-

82 1344 153 1409 ritur
172 1368 216 1411 au
233 1366 300 1411 uon
317 1344 427 1431 alique
446 1366 570 1423 eorum,
592 1366 677 1430 quae
694 1345 795 1431 vulgo
814 1345 993 1411 secundam
1010 1354 1197 1429 sequnntur

81 1444 341 1525 declinationem,
375 1444 470 1513 metri
495 1467 595 1513 causa
622 1446 656 1511 iu
684 1446 781 1513 certis
808 1446 938 1511 demum
966 1444 1097 1511 casibm
1125 1456 1197 1510 tra-

82 1547 173 1613 ducta
204 1547 271 1613 siut
298 1549 342 1614 ad
368 1549 512 1626 tertiam,
542 1546 652 1633 qualia
683 1548 727 1613 ad
747 1549 804 1633 Aj.
826 1572 858 1634 p.
882 1547 957 1614 294.
984 1547 1093 1626 attuli,
1121 1572 1197 1613 uc-

80 1649 268 1735 λιπροπέις
294 1669 355 1735 pro
382 1647 609 1731 παλίπροποι
636 1648 711 1715 rue.
736 1651 916 1727 δυςιιονέος
936 1671 999 1736 pro
1026 1646 1192 1729 δυςπόνου

79 1750 172 1814 Ηοιιι.
196 1750 288 1833 eujus
310 1750 449 1835 primam
470 1748 669 1837 positionem
695 1746 1064 1838 decucuriglllustethius
1085 1748 1197 1814 inusi-

79 1859 174 1915 tetam
200 1872 274 1915 esse
302 1850 382 1916 dicit
412 1862 444 1917 et
467 1861 555 1917 certe
581 1859 713 1937 praeter
739 1872 846 1937 genus
872 1860 1024 1917 neutrum
1045 1872 1067 1915 a
1084 1860 1191 1915 metro

78 1950 205 2017 heroico
241 1949 433 2017 excluditur.
488 1950 558 2019 Sed
587 1952 730 2018 maxima
760 1952 934 2019 difficultas
974 1950 1125 2020 consistit
1156 1950 1193 2015 in

78 2052 224 2138 genitivis
246 2052 372 2118 numeri
393 2051 539 2138 pluralis.
582 2053 650 2118 Pro
671 2054 922 2141 πολυφθορὲων
943 2049 1138 2137 ἀνθρώπων
1154 2051 1195 2117 in

77 2154 285 2241 Empedoclis
313 2175 423 2231 versu,
452 2176 550 2239 quem
577 2154 598 2220 l.
622 2176 651 2223 e.
680 2153 840 2231 iudicavi,
871 2154 914 2221 G.
934 2152 1130 2221 Dindorlius
1154 2151 1195 2217 in

81 2254 173 2321 Thes.
208 2252 450 2338 πολυσπερέων
480 2255 597 2341 reponi
624 2252 739 2341 jubet,
770 2252 942 2321 Bekkerus
971 2277 1050 2322 vero
1083 2254 1191 2321 erolu-

77 2352 230 2443 φθερέων
244 2355 336 2442 apud
346 2355 483 2423 Sextum
504 2357 644 2443 scripsit,
668 2356 731 2421 etsi
751 2355 814 2421 hoc
834 2379 903 2423 non
922 2357 1029 2443 magis
1050 2355 1195 2447 legimus

76 2476 169 2541 quam
192 2456 258 2521 alia
289 2478 364 2523 cum
390 2456 490 2523 verbo
519 2455 655 2545 φθιίρω
688 2457 736 2525 sic
757 2458 950 2545 composita.
992 2459 1039 2525 Ilt
1059 2457 1194 2523 obstem

75 2554 277 2643 ἔμφθορέων
306 2553 431 2643 αἰζηῶν
459 2556 534 2623 Nic.
561 2552 758 2647 ἄμηχανέιὲιν
788 2556 984 2639 μελεδώνων
1011 2561 1057 2624 Η.
1086 2560 1132 2623 Η.
1155 2558 1192 2621 ἰιι

72 2655 174 2723 Merc.
200 2657 275 2723 447.
304 2658 347 2724 de
374 2658 494 2743 quibus
526 2658 590 2725 hoc
618 2658 720 2724 modo
747 2657 894 2723 dubitavi
913 2668 1022 2725 uuum
1041 2658 1197 2743 exemplu

73 2758 342 2825 nominativorum
369 2758 421 2825 his
450 2759 698 2846 congruentium
726 2759 762 2824 in
787 2746 831 2848 {2}
859 2780 940 2825 casu
968 2758 1195 2827 interciderint

73 2881 112 2923 su
132 2870 253 2947 poetae
276 2859 422 2947 epcilon,
448 2860 538 2946 quod
556 2859 814 2927 terminationem
830 2862 1049 2949 genitivorum
1063 2861 1195 2947 primae

73 2970 103 3027 et
128 2962 244 3029 tertius
271 2960 499 3027 declinationis
527 2962 725 3048 praecedere
759 2962 860 3041 solet,
898 2960 1120 3027 transtulerint
1146 2959 1197 3024 ad

73 3062 264 3141 secundam,
295 3084 362 3148 quo
392 3063 493 3129 modo
522 3061 622 3127 iidem
647 3060 838 3128 adverbium
859 3063 1048 3142 δυςπονέως
1070 3070 1104 3125 et
1118 3060 1196 3123 *alia

73 3184 172 3249 supra
203 3164 363 3230 dictorum
393 3165 437 3229 ad
471 3186 567 3229 usum
600 3184 695 3229 suum
727 3162 995 3228 accommodasse
1026 3160 1194 3227 videntur.

71 3264 200 3331 Eodem
219 3266 287 3340 sive
303 3265 520 3352 metaplasmo
542 3263 613 3329 sive
631 3264 823 3352 pleonasmo
841 3262 977 3328 verbum
990 3261 1195 3327 Hesiodium

74 3364 280 3452 ὀυςφρονὲιον
311 3364 515 3452 ἐπιλήθεται
544 3364 697 3431 excusavi
726 3364 769 3429 sd
789 3365 911 3430 Buttm.
936 3365 1010 3430 339.
1034 3364 1195 3451 apposito

73 3462 207 3529 Pindari
236 3464 311 3531 loco
338 3466 377 3529 τὸ
407 3473 514 3547 τυχεῖν
539 3462 710 3553 παραλύει
739 3463 948 3554 δυςφρονέων
970 3466 1006 3531 id
1034 3475 1085 3531 est
1112 3468 1194 3542 δυς·

76 3562 212 3649 φρόνων.
257 3566 299 3631 Id
320 3588 397 3631 vero
418 3566 612 3633 Dindorlius
633 3568 668 3634 in
690 3567 792 3633 Thes.
822 3568 857 3631 in
879 3568 1067 3654 δυςφρονᾶν
1088 3574 1198 3631 mutat

75 3672 108 3727 et
124 3674 294 3753 utrumque
316 3666 496 3755 genitivum
518 3692 539 3733 a
559 3668 760 3735 substantivo
778 3666 946 3759 δυςφρόνη
963 3670 1083 3757 repetit
1098 3668 1193 3756 qued

74 3762 110 3827 ln
124 3766 210 3835 Adu.
230 3770 273 3835 ad
288 3768 400 3837 Schol.
418 3770 522 3837 Arist.
537 3770 648 3841 Nubb.
669 3770 742 3837 790.
759 3792 821 3857 pro
840 3768 1047 3859 ὁυςφρισύνη
1067 3770 1196 3840 dicun

76 3864 122 3929 ait
147 3880 184 3931 ut
208 3865 353 3958 εὐφρόνη
382 3892 444 3957 pro
471 3868 656 3961 εὐφροσύνη
686 3882 721 3937 et
749 3868 974 3960 ἐπιλησμονή,
1008 3872 1063 3937 cui
1093 3871 1196 3938 tacite

77 3980 304 4054 paroxytonou
332 3970 516 4052 substituit,
551 3994 612 4059 pro
651 3969 910 4062 ἑπιλησμοσύνη.
971 3975 1094 4041 Verum
1125 3993 1198 4037 nou

103 4285 109 4299 ⁶
142 4205 185 4273 ts)
204 4204 261 4259 Pro
279 4205 399 4280 Ἀχειρές
419 4206 533 4279 ἀχρεῖον
555 4210 623 4265 Hes.
647 4207 828 4264 scribendum
848 4206 960 4262 videtur
979 4208 1081 4281 ἀχρηές
1102 4226 1119 4263 a
1138 4226 1195 4264 no·

76 4288 205 4347 minutivo
219 4289 331 4363 ἀχρηής.
