2825 4809
291 364 356 429 DE
378 361 656 430 PAREOTASI.
701 361 741 428 C.
764 363 793 430 1.
827 367 852 447 ξ.
876 363 906 427 1.
1084 365 1159 438 405

90 568 113 622 et
128 556 177 619 has
195 552 331 637 dispares
357 547 536 616 sententiae
559 547 718 636 permixte
741 553 981 634 proponuntur
993 545 1029 612 in
1048 545 1160 632 Epim.

88 660 108 724 Ι.
122 654 180 722 005.
199 653 252 718 sed
270 651 338 718 veri
361 651 497 718 similius
520 651 570 716 est
590 649 688 718 ἅπτω
714 649 913 736 primitivum
937 672 1021 727 esse,
1047 645 1160 715 ἶάτιτω

88 755 216 846 prosthesi
230 765 355 820 auotum
370 753 536 820 v.Diss.I.
552 773 580 818 ο.
589 752 651 819 IV.
662 755 688 836 ξ.
698 752 727 818 1.
749 753 808 818 Ad
821 751 1004 839 pleonnsmi
1016 749 1161 837 speeiem

86 860 207 926 uuluam
225 859 355 944 glossae
370 854 531 940 Hesyohii
553 864 586 920 et
605 851 721 918 Photii
737 850 926 938 Ἀραβύλας
945 847 1159 936 ὑποδήματα.

86 955 233 1044 Γαμάλιον
252 957 369 1044 νεύρου
387 953 560 1044 σαστροφή
573 955 620 1039 ⁴),
638 950 798 1041 Καυαρός
815 949 932 1032 κακός,
952 954 1043 1039 quod
1059 954 1160 1018 inter-

37 1113 40 1124 .
84 1070 165 1146 protes
184 1082 251 1125 oum
271 1056 395 1146 καυρός
415 1067 632 1145 componunt,
656 1054 824 1140 Κλγκαλος
845 1048 937 1132 εἶδος
958 1049 1074 1140 ὀρνέου
1097 1053 1161 1120 hoo

85 1173 120 1226 est
132 1161 277 1228 motacilla
295 1183 378 1246 quae
395 1160 494 1247 vulgo
513 1156 647 1246 stipulae
664 1168 697 1224 et
711 1156 887 1243 κίλλοαρος
901 1156 1028 1235 dieitur,
1045 1150 1163 1223 Ὀστά-

82 1261 137 1347 λιρξ
147 1257 310 1346 πλόκαμος
324 1261 396 1342 ἕλιξ
410 1259 607 1348 βόστρυχος,
621 1260 801 1328 nunidem
816 1282 938 1326 nomen
952 1270 1003 1326 est
1013 1253 1160 1343 ὅστλιγξ,

83 1355 201 1445 bailol,
222 1356 374 1451 ὅστριγξ,
395 1385 480 1449 quse
496 1363 530 1427 in
544 1361 646 1429 Proll.
660 1362 732 1430 140.
750 1362 794 1427 ad
809 1362 945 1450 στρέφοι
961 1361 1057 1428 retuli
1072 1361 1163 1429 undo

81 1462 209 1548 ιιριβλός
234 1475 266 1530 et
292 1463 493 1554 στρόφαλος.
539 1465 577 1534 si
602 1487 679 1532 vera
707 1473 758 1530 est
783 1462 950 1530 Eustathii
976 1465 1163 1548 conjectura

80 1556 216 1648 ἡλωλκός
236 1562 320 1645 ἴσως
341 1564 435 1654 παρὰ
458 1565 516 1654 τὴν
537 1557 628 1634 ὦλκα
651 1590 685 1653 p.
705 1566 780 1643 328,
803 1568 832 1632 1.
857 1566 989 1654 poetico
1006 1562 1164 1642 Ἰαωλκός

79 1674 178 1746 praeter
202 1665 269 1732 iota
299 1668 437 1734 acoessit
465 1667 573 1755 alpha,
618 1669 687 1738 Sed
715 1668 757 1735 de
778 1668 843 1734 hoo
864 1679 897 1734 et
917 1668 990 1734 aliis
1016 1667 1164 1733 locorum

79 1765 212 1834 vocabulis
228 1765 350 1856 ’Άρβις
372 1780 405 1834 et
417 1761 578 1858 Ἄραβις,
601 1764 789 1860 Σελγησσός
808 1780 842 1834 et
861 1764 1080 1854 Σαλαμασσός
1100 1777 1163 1836 eto.

37 1875 41 1898 '
74 1867 213 1948 judicandi
236 1869 374 1936 lsoultas
397 1871 496 1938 nulla.
546 1868 722 1939 Crebriora
748 1894 827 1938 vero
854 1871 952 1956 hujus
979 1870 1165 1957 pleonusmi

37 2007 38 2018 ι
78 1968 185 2054 vestigia
205 1970 354 2038 videmus
380 1973 720 2041 interminationibus
745 1973 978 2039 vocabulorum
1016 1994 1163 2038 eommu-

76 2069 157 2147 nium;
185 2071 312 2152 Σαάδες
344 2071 382 2141 αἱ
413 2073 470 2152 ὕες
502 2073 795 2161 ἔσχηματισμένως
821 2076 904 2140 Hes.
931 2073 1005 2163 ληΐς
1034 2074 1165 2161 captiva

76 2169 434 2242 Nom.XXXIV.167.
456 2185 490 2240 et
508 2175 621 2263 ληιάς,
645 2175 751 2260 ὁμωλς
771 2174 915 2260 spoils,
935 2174 1025 2252 Ναῒς
1039 2172 1162 2254 Neside.

76 2281 126 2338 tum
138 2276 431 2362 patronymicorum
447 2274 682 2366 Τιλαμαινίδης
699 2277 757 2344 καὶ
775 2277 977 2364 πλεονασμῷ
995 2280 1165 2365 ποιητικῷ

77 2373 309 2466 Τελαμωνιάδης
329 2378 440 2464 Epim.
458 2378 487 2444 L
509 2378 582 2444 261.
606 2378 719 2446 Schol.
739 2377 842 2444 Dion.
865 2377 1009 2446 Gramm.
1026 2378 1099 2444 840.
1123 2378 1164 2444 ολ.

37 2507 38 2510 ¹
72 2472 150 2540 Proll.
168 2476 239 2544 503.
263 2489 300 2547 et
319 2478 467 2546 feminini
487 2480 616 2566 generis
632 2476 750 2565 Ἀρηΐς
769 2480 887 2545 Martis
909 2481 976 2546 filia
997 2481 1113 2564 Quint
1134 2481 1164 2548 Ι.

71 2575 126 2642 006.
142 2572 278 2668 Ἀρηιάς
302 2581 362 2647 187
387 2591 448 2648 eto.
473 2582 576 2649 Proll.
597 2582 662 2646 466
684 2604 734 2666 sq.
756 2590 827 2645 tum
851 2582 1051 2667 topicorum,
1079 2605 1165 2668 quae

72 2677 149 2763 alpha
177 2682 316 2769 longum
345 2682 486 2750 habent:
521 2676 590 2752 cibel
624 2687 683 2770 τοῦ
716 2680 856 2769 Σπάρτη
885 2682 1079 2772 Σπαρτίτης
1108 2683 1166 2750 καὶ

70 2782 246 2873 πλεονασμῷ
272 2788 331 2854 τοῦ
351 2773 377 2850 α
397 2783 629 2874 Σπαρτιάτης,
660 2778 780 2866 ὅμοιόν
802 2781 873 2850 ἐστι
898 2787 946 2870 τῷ
969 2781 1165 2869 Κροτωνιά-

69 2903 124 2968 της·
138 2879 350 2972 Ἡρωδιανὸς
371 2887 450 2975 περὶ
471 2890 597 2953 παθῶν
617 2885 696 2953 ΕΜ.
721 2884 793 2982 782,
812 2884 865 2949 40.
888 2884 1067 2970 Νώνακρις
1086 2891 1167 2952 Νω·

69 2983 200 3073 ναιρῖτης
224 2989 286 3055 καὶ
311 2987 398 3056 κατὰ
419 2987 632 3072 πλεονασμὸν
655 2991 715 3054 τοῦ
739 3012 761 3052 α
784 2985 1026 3074 Νωναιιριάτης
1047 2986 1166 3072 steph.

70 3105 184 3166 quorum
201 3100 357 3156 neutrum
375 3091 468 3158 aliter
486 3089 644 3176 seriptum
659 3087 830 3174 reperitur.
867 3087 924 3154 sie
943 3097 976 3152 et
992 3084 1168 3176 Φασιάτης

68 3187 251 3280 πλεονασμῷ
271 3198 332 3260 τοῦ
353 3181 455 3260 ἆθλα.
499 3193 652 3259 Duorum
667 3188 930 3275 possessivorum
941 3184 1168 3278 Ἀκαδημικός

70 3281 257 3378 ολὈρφικός
273 3293 367 3360 alteri
383 3293 586 3360 consuetudo
604 3313 724 3380 graeco
739 3290 895 3377 praetulit
904 3284 1168 3380 Ἀκαδημαϊκός,

68 3387 141 3455 alteri
169 3395 312 3462 accessit
340 3395 518 3482 ignobilius
544 3389 738 3483 Ὀρφαϊκός.
788 3393 843 3458 Ex
871 3392 1076 3479 appellativis
1103 3391 1169 3458 lma

69 3492 211 3572 pertinent
226 3495 346 3585 ἕρκτης
364 3507 396 3561 et
414 3491 553 3584 ἐργάτης
570 3494 612 3561 ab
630 3493 716 3582 ἔργον
733 3494 866 3562 ductum
884 3506 921 3560 ut
937 3495 1035 3564 ἄνεται
1053 3488 1169 3582 ἀπάτη

67 3589 234 3668 Prolsto.
257 3597 483 3684 novitiumque
503 3593 655 3685 σταύαρα
676 3595 720 3662 τὰ
742 3597 828 3664 κατὰ
851 3594 987 3685 φθορὰν
1007 3592 1169 3683 λεγόμενα

67 3691 142 3760 Eust
164 3697 261 3777 1358,
285 3699 337 3766 56.
363 3699 399 3764 id
420 3710 471 3766 est
491 3697 632 3786 στανροί
651 3708 686 3764 et
704 3698 865 3782 adjectiva
887 3721 955 3764 non
976 3699 1078 3766 multo
1099 3724 1170 3766 me·

66 3793 269 3883 lioris'notpe,
292 3794 470 3888 ἇρμεννολος
489 3799 568 3886 (hoo
590 3801 741 3886 accentu)
764 3825 826 3888 pro
848 3796 1005 3886 ἆργεννός
1027 3814 1060 3869 et
1082 3801 1171 3871 εἰκό-

67 3918 150 3977 οατος
170 3924 233 3988 pro
258 3897 426 3982 εἰκοστός,
456 3901 538 3967 illud
563 3901 780 3991 Theophanis
804 3903 908 3970 Anth.
929 3903 1009 3973 XV.
1031 3905 1084 3970 33.
1106 3906 1170 3974 hoo

64 4059 385 4078 -n———n-—a-

37 4133 39 4144 ’
118 4155 145 4225 t)
161 4157 229 4213 Hoo
253 4155 468 4229 pleonastiois'
460 4155 608 4212 inserimus
632 4156 698 4228 quio
721 4158 809 4229 vulgo
834 4175 892 4214 non
914 4157 956 4212 sio
977 4167 1096 4215 vocatur
1118 4165 1171 4220 sed

63 4245 199 4310 γαγγλλον·
217 4261 251 4298 re
270 4259 336 4298 vera
352 4243 462 4314 syllaba
479 4245 531 4312 yul
549 4241 691 4316 primitiva
708 4251 764 4310 est,
780 4261 854 4316 quse
871 4243 1029 4310 anteponit,
1044 4250 1171 4321 redupli

64 4329 295 4385 cotav.D1ssI
316 4331 380 4384 οδ
402 4329 467 4396 ξ
544 4384 547 4385 γ
