2825 4809
235 329 285 407 aa
558 364 560 371 -
602 330 921 431 orssusrnrro
955 330 982 395 1.

236 524 437 583 contractum
455 534 527 579 esse
548 524 586 579 ut
602 509 780 583 Ὀσκάπνω
795 510 1010 593 ἆναοιιάπνω,
1022 506 1195 581 ’Όονασαν
1212 506 1352 598 ἀνέστη-

235 642 298 685 σαν
325 618 407 681 Hes.
443 638 558 701 parum
590 615 746 681 credibile
778 627 843 693 est;
878 640 954 681 nam
986 615 1067 680 haec
1093 612 1353 702 praepositionis

237 713 299 787 ἀνά
321 717 485 804 corruptio
504 716 629 782 aeolica
645 728 703 795 est,
725 718 899 804 ipsumque
918 715 1119 797 ἀνάσκαλοις
1135 715 1354 800 incognitum.

235 819 355 903 Itaque
375 840 416 883 ex
439 839 478 883 eo
502 820 591 902 quod
607 816 814 903 Phrynichus
833 820 932 884 tradit
948 818 1079 883 Atticos
1097 838 1159 902 pro
1181 814 1355 896 σκολίζειν

238 922 345 986 dicere
369 914 566 1001 ἇσκαλίζιιν,
588 921 807 1003 conjecturam
829 921 976 985 ducimus
999 918 1097 985 etiam
1115 914 1215 981 verbo
1237 915 1355 1002 primi-

236 1022 303 1087 tivo
324 1016 455 1089 σκάλλω
486 1020 621 1104 ejusque
647 1021 883 1117 inclinamentis
906 1020 1093 1087 adhaesisse
1112 1018 1257 1084 vocalem
1279 1040 1356 1081 mo-

218 1124 336 1189 ›bilem
355 1107 382 1189 ἆ
402 1130 434 1185 et
450 1106 481 1188 ο.
526 1117 711 1205 Κιμβάζειν
738 1132 771 1187 et
799 1118 992 1207 ὀκιμβάζειν
1019 1119 1206 1207 Hesychius
1235 1120 1357 1184 iisdem

238 1224 379 1311 explicat
393 1220 500 1287 verbis
522 1221 706 1304 διατρίβειν
729 1222 785 1289 καὶ
804 1218 1079 1308 στραγγεύεσθαι,
1101 1243 1240 1307 quorum
1260 1220 1357 1285 alteri

237 1326 382 1392 vocalem
412 1323 611 1389 extrinsecus
641 1323 788 1387 additam
815 1344 887 1386 esse
917 1334 1178 1408 argumentamur
1201 1344 1242 1387 ex
1265 1321 1356 1385 affini

238 1424 432 1511 σιιιμβάζειν
452 1426 488 1489 id
508 1435 558 1490 est
579 1421 710 1506 σκάζειν
732 1410 926 1489 claudicare.
958 1426 1024 1493 Vix
1038 1425 1204 1490 mentione
1217 1423 1358 1508 dignum

238 1528 345 1594 habeo
373 1526 543 1591 Theodori
575 1525 775 1610 grammatici
811 1534 1028 1592 commentum
1063 1550 1083 1591 a
1117 1524 1355 1592 Choerobosco

239 1629 337 1695 Orth.
363 1628 436 1693 243.
469 1626 643 1692 memoriae
674 1625 840 1713 proditum
868 1626 966 1713 παρὰ
990 1627 1028 1693 τὸ
1053 1628 1135 1716 ῥιγῶ
1157 1627 1281 1711 γίνεται
1305 1624 1358 1713 ῥί-

238 1754 337 1815 γανον
351 1728 410 1795 καὶ
431 1729 631 1813 πλεονασμῷ
652 1720 814 1810 ὀρίγανον.
849 1726 986 1815 Quippe
1002 1727 1171 1794 Theodori
1189 1726 1357 1811 aequales,

239 1848 323 1915 quos
344 1830 402 1897 Du
429 1827 575 1913 (langius
597 1828 753 1905 nominat,
774 1829 920 1914 plantam
938 1830 1026 1895 illam
1043 1829 1177 1917 ρίγανον
1198 1838 1361 1894 vocarunt

239 1940 276 1995 ut
296 1941 328 1995 et
345 1928 444 1995 hodie
464 1929 654 2015 appellatur.
689 1930 822 1995 Novitia
839 1940 947 1996 autem
963 1932 1167 1997 consuetudo
1184 1917 1360 1998 omicron

240 2031 410 2119 principiis
431 2030 664 2095 vocabulorum
684 2033 783 2097 modo
806 2032 928 2098 addere
949 2044 1035 2097 amat
1059 2028 1160 2101 ὀσκιά
1181 2055 1241 2119 pro
1266 2031 1359 2109 σκιά,

240 2130 387 2218 ὅπτερον
416 2130 485 2195 filix
520 2155 580 2218 pro
612 2130 751 2213 πτερόν,
786 2125 894 2219 ὅβρνα
932 2135 953 2198 i.
987 2158 1018 2219 q.
1052 2130 1155 2217 βρύον
1183 2133 1296 2199 lichen
1327 2155 1359 2197 v.

240 2232 431 2300 Schneider.
451 2234 493 2295 ad
510 2230 678 2317 Theophr.
696 2233 736 2297 T.
754 2234 796 2300 V.
813 2258 846 2321 p.
862 2234 1010 2303 LXVII.
1031 2235 1130 2300 modo
1150 2234 1361 2310 abscindere3

240 2332 330 2421 ψάρι
358 2333 444 2397 enim
473 2334 589 2398 dicitur
623 2333 660 2401 τὸ
697 2329 861 2420 ὀψάριον,
897 2337 973 2424 pide
1003 2336 1041 2403 τὸ
1069 2331 1221 2424 timidam,
1253 2332 1362 2422 σπήιι

241 2433 437 2520 hospitium,
465 2436 575 2517 σνρίὸι
602 2445 760 2512 ostreum,
790 2433 884 2515 ξυνός
914 2460 974 2523 pro
1001 2432 1136 2516 δ’ξννος,
1165 2437 1273 2522 ῥὲγειν
1296 2458 1361 2521 pro

242 2533 380 2621 ὀρέγειν,
403 2534 520 2621 hisque
546 2536 648 2601 simile
668 2547 718 2601 est
737 2536 882 2624 ῥίγανον
906 2560 1101 2623 graecumne
1123 2560 1166 2602 an
1183 2536 1361 2602 barbarum

242 2636 294 2713 sit,
317 2637 490 2702 nescimus.
530 2632 668 2725 Ὀκωχή,
692 2638 783 2723 quod
801 2638 881 2703 EM.
903 2640 976 2717 596,
998 2640 1050 2705 50.
1070 2661 1144 2703 cum
1161 2632 1290 2724 ὀπωπή
1314 2638 1359 2703 si-

242 2738 439 2824 milibusque
472 2739 639 2805 contendit
671 2750 803 2811 auctore
844 2741 982 2819 omisso,
1022 2741 1270 2805 fundamentum
1310 2750 1363 2804 est

239 2839 332 2905 verbi
354 2836 529 2923 ὀκωχεύιιν
551 2851 584 2905 et
603 2841 743 2905 nominis
767 2836 927 2931 ἀνοκιοχή.
973 2840 1070 2931 Κωχή
1090 2864 1253 2926 nusquam
1272 2840 1359 2925 legi-

240 2964 315 3007 mus
338 2942 397 3007 sed
423 2941 573 3027 syntheta
595 2937 757 3028 ἀνακωχή,
780 2942 927 3031 dccccxii
951 2941 1124 3030 κανοκωχή
1146 2943 1189 3026 (v.
1202 2941 1361 3007 Boisson.

244 3045 287 3109 ad
302 3044 422 3111 Marin.
444 3069 477 3132 p.
502 3045 589 3129 137.)
617 3055 650 3110 et
669 3043 804 3109 verbum
829 3042 904 3109 hinc
926 3044 1105 3109 derivatum
1125 3044 1159 3108 in
1181 3042 1362 3128 Sophoclis

243 3168 339 3210 versu
369 3143 485 3213 πιστοί
511 3171 554 3228 με
584 3144 784 3229 κιοχεὺουσιν
814 3143 848 3212 ἐν
869 3151 963 3234 φορᾷ
989 3148 1106 3229 δέμας,
1134 3146 1224 3230 quod
1245 3147 1362 3229 Hesy-

245 3246 337 3311 chius
364 3246 593 3332 interpretatur
621 3240 747 3328 ὀχοῦσι.
790 3246 854 3311 His
876 3247 1027 3313 omnibus
1047 3248 1141 3313 facile
1164 3258 1214 3311 est
1233 3248 1365 3313 literam

244 3336 454 3417 {restituere
485 3347 637 3411 sednon
665 3346 851 3412 laciendum
873 3348 1011 3415 videtur.
1053 3351 1189 3416 Praeter
1207 3345 1364 3425 Ὀπίπας

247 3445 403 3515 onorem
430 3450 512 3512 Hes.
543 3447 579 3511 id
612 3456 662 3511 est
685 3447 870 3533 speculator
891 3460 924 3514 et
945 3452 1131 3529 insidiator,
1160 3460 1257 3535 atque
1280 3473 1364 3535 syn-

244 3549 333 3613 theta
344 3548 572 3635 ‘nordouiaqc
592 3548 1076 3634 uoodcvonlnqsGrammatici
1094 3553 1232 3618 afferunt
1249 3551 1366 3628 πίπας

247 3660 280 3715 et
305 3648 439 3713 verbum
467 3655 577 3716 πιπᾶν
605 3650 722 3715 eodem
743 3672 820 3735 quo·
834 3651 890 3716 illa
911 3654 1075 3719 intellectu
1095 3676 1125 3719 v.
1141 3653 1262 3720 Parnll.
1284 3652 1364 3717 542.

194 3770 203 3777 ·
247 3750 372 3817 Techn.
403 3753 421 3815 l
450 3774 499 3837 sq.
534 3776 618 3838 quae
654 3752 718 3817 nisi
746 3753 787 3818 ab
816 3752 880 3818 alio
911 3755 1010 3820 verbo
1039 3751 1118 3822 πάιν
1148 3752 1366 3839 (conantum)

246 3854 393 3940 prolecta
416 3862 492 3917 sunt
512 3854 624 3919 addita
645 3854 904 3941 reduplicatione
922 3865 959 3920 ut
975 3854 1169 3944 πιφαύσκω,
1191 3855 1277 3920 effici
1293 3878 1368 3920 non

246 3955 368 4043 poterit
393 3956 472 4040 quin
493 3957 639 4022 vocalem
662 3956 848 4042 primariam
869 3957 1042 4021 amiserint.
1076 3956 1114 4025 si
1136 3957 1281 4021 omnium
1301 3978 1367 4021 vo·

241 4057 436 4124 cabulorum
476 4066 583 4143 styma
616 4079 825 4123 nosceremus
856 4059 1086 4145 integumentis
1120 4059 1187 4123 suis
1220 4058 1367 4137 evoluta,

248 4159 384 4224 fortasse
407 4160 572 4245 aliquanto
600 4161 693 4247 plura
715 4158 811 4245 hujus
837 4160 1023 4249 aphaeresis
1046 4152 1196 4247 exempla
1216 4161 1370 4246 prolerre

249 4270 420 4347 possemus
456 4273 488 4328 et
521 4262 667 4329 certiora.
721 4263 791 4330 Sed
824 4263 858 4327 in
892 4262 1124 4349 Olympiodori
1156 4262 1230 4328 loco
1266 4286 1372 4348 quem
