2825 4809
146 364 199 429 no
219 357 427 427 sruoorn
448 358 594 427 nurus
616 356 840 427 vocnnrs.
869 357 985 426 om.
1001 362 1065 447 se.
1087 368 1163 444 ην

87 566 168 615 tanen
181 566 313 633 syncope
332 544 398 610 dici
416 544 546 629 nequit,
562 543 639 629 quia
651 542 814 627 μελίινος,
833 545 925 630 quod
939 544 1163 615 Schneiderun

85 652 118 717 ad
134 646 280 735 Theophr.
302 646 341 711 T.
357 646 401 713 V.
421 646 474 711 41.
498 644 668 730 analogiae
690 646 980 732 oncupiscentia,
1000 671 1163 733 nusquam

84 752 225 827 inreritum
245 772 319 815 nem
338 748 372 813 in
394 746 506 815 Sobel.
528 746 610 815 Did.
632 744 674 811 od
695 744 735 810 Il.
751 748 794 815 V.
807 747 881 814 655.
902 748 991 814 unde
1009 748 1045 814 in
1059 749 1162 817 Thes.

83 855 197 929 effertur,
224 850 372 931 μελέὶνας
399 849 519 935 legitur
548 848 702 931 idemque
731 850 957 933 reponendum
984 849 1019 917 iu
1047 849 1161 917 schol.

80 955 139 1020 Did
158 954 196 1018 ad
217 952 281 1019 Od
296 950 394 1019 XIV.
410 951 483 1017 381.
507 950 599 1036 quod
616 951 833 1015 Buttmonnus
856 950 981 1027 omisit3
1003 951 1047 1017 de
1066 962 1162 1040 trope

80 1054 173 1123 dietum
194 1062 241 1120 est
259 1050 299 1117 C.
312 1050 376 1118 111.
394 1055 420 1137 ξ.
435 1054 466 1118 3.
502 1053 537 1117 Α
552 1050 739 1117 nominibus
755 1052 904 1137 ejusdem
917 1052 1048 1137 generis
1067 1048 1160 1141 ἆρία,

74 1154 158 1241 ,oolla
181 1164 238 1221 etc.
270 1153 492 1234 metueiastioa
521 1174 588 1218 non
616 1152 786 1239 finguntur
815 1172 877 1217 nec
909 1176 930 1217 a
960 1166 1077 1219 neutro
1107 1150 1161 1222 ἴον

78 1255 186 1342 simplex
206 1251 288 1330 ἴινος
310 1253 370 1319 sed
390 1264 499 1345 tamen
521 1278 541 1319 a
562 1252 746 1340 composito
769 1249 921 1321 λευκόιον
931 1251 964 1338 ⁸)
990 1255 1162 1321 deseendit

78 1350 226 1435 boudsvoc,
249 1355 340 1441 quod
362 1355 546 1433 λενκαίινος
563 1355 739 1419 dicendum
760 1364 830 1419 erat
849 1353 964 1421 iterato
986 1356 1055 1423 iota
1075 1357 1161 1421 siout

76 1455 255 1521 dioscorides
283 1457 368 1521 Mat.
393 1457 435 1524 V.
464 1456 545 1522 119.
565 1478 598 1542 p.
623 1455 693 1521 785.
727 1478 749 1520 a
773 1454 955 1521 masculino
985 1452 1038 1534 ἰός
1066 1456 1162 1523 duxit

77 1553 158 1637 ὶίζειν,
184 1580 264 1642 quae
289 1569 341 1622 est
362 1550 497 1643 propria
518 1556 690 1622 verborum
711 1555 943 1621 imitativorum
964 1558 1158 1635 terminatio,

76 1657 239 1724 Heliodorus
268 1680 346 1724 vero
374 1658 530 1723 consultis
560 1657 692 1723 auribus
721 1656 764 1722 ab
791 1654 844 1723 ἴαν
868 1657 964 1723 finxit
991 1655 1097 1740 ἰάζειν
1122 1670 1161 1724 ut

77 1754 223 1839 ἱααιάζειν,
249 1754 377 1841 χιάζειν
405 1768 439 1823 et
466 1758 581 1825 διαστὶ
599 1760 642 1843 ⁹).
686 1757 837 1824 Nominis
862 1758 997 1823 solitarii
1019 1762 1060 1846 γῆ
1082 1761 1159 1829 Ste-

77 1860 169 1945 pbnnus
196 1860 358 1947 triplicem
384 1860 506 1925 flexum
531 1859 656 1925 indicat
683 1856 779 1945 γήιος
800 1853 864 1944 ἀφ’
890 1847 929 1925 οὗ
958 1860 1015 1926 καὶ
1044 1858 1160 1948 miano

76 1960 115 2026 καὶ
133 1959 247 2049 ydaros}
286 1964 365 2027 Hoc
384 1961 571 2047 frequenter
590 1960 721 2046 legitur,
743 1958 981 2025 substantivum
1001 1961 1104 2027 semel
1123 1962 1159 2027 in

77 2063 129 2126 cod.
142 2064 234 2128 Leur.
258 2060 365 2149 Soph.
389 2062 507 2129 Trach.
531 2064 585 2129 32.
610 2061 667 2127 ubi
693 2060 891 2147 bisyllabum
916 2071 967 2127 est
992 2084 1032 2128 ac
1057 2063 1158 2149 vulgo

81 2163 172 2247 quiden
193 2152 309 2230 sine-e-
322 2164 496 2250 scriptnm3
516 2165 725 2229 Hermenuus
744 2186 821 2229 vero
844 2163 949 2229 edidit
969 2160 1072 2254 γῂτης
1090 2164 1159 2231 iota

76 2264 145 2350 longo
161 2289 231 2331 cum
245 2266 355 2331 vocali
376 2266 557 2351 protaotioa
577 2275 755 2343 contracto,
772 2265 863 2349 quod
878 2287 980 2350 quum
993 2266 1158 2333 rarissime

72 2366 122 2444 fiat,
146 2377 207 2432 tum
233 2367 301 2433 hoc
329 2368 404 2433 looo
430 2367 543 2431 evitari
569 2376 679 2455 potest
707 2376 834 2444 retenta
862 2389 946 2452 quae
973 2367 1032 2432 diu
1055 2368 1159 2434 voluit

70 2467 213 2554 scriptione
233 2463 347 2556 νήτης.
392 2467 490 2551 Quae
515 2492 615 2555 supra
640 2467 799 2555 syllabam
821 2480 898 2533 sunt
921 2470 1055 2535 nomina
1078 2459 1156 2559 in}

69 2570 190 2635 exeuntia
224 2569 491 2636 terminationem
521 2569 716 2655 bisyllabam
747 2569 913 2655 accipiunt
949 2572 1070 2636 omisso
1106 2584 1159 2637 eta

67 2671 131 2735 ludi
149 2665 376 2759 ἀστεροπητής
398 2680 460 2737 etc.
481 2694 512 2737 v.
536 2673 579 2737 ad
600 2674 723 2739 Buttnn
744 2672 819 2736 430.
842 2672 903 2737 sed
923 2676 981 2759 γῆ,
1005 2674 1084 2759 quia
1105 2686 1159 2740 eta

67 2772 245 2839 thematioum
269 2770 368 2855 abjici
392 2794 460 2839 non
482 2773 606 2859 potuit,
633 2772 894 2857 monosyllabum
918 2784 956 2838 ut
976 2771 1100 2865 βούνης
1125 2787 1160 2841 et

66 2870 170 2961 ναύτης,
185 2876 238 2940 eui
254 2872 353 2939 affine
368 2872 480 2961 νηίτης
496 2879 606 2941 nocito
621 2874 774 2940 convenit
787 2874 960 2968 trisyllabo¹
970 2876 1102 2965 γηίτηςΙ
1112 2878 1156 2963 ⁰).

125 2976 278 3041 Proxima
300 2974 450 3060 quaestio
474 2986 524 3040 est
545 2976 587 3041 de
608 2976 677 3041 iota
695 2976 786 3061 quod
798 2976 963 3041 antecedit
979 2977 1158 3044 vocalibus.

65 3075 103 3141 De
119 3078 176 3144 hoo
204 3077 339 3164 saepius
367 3076 437 3162 ogit
463 3076 692 3154 Herodianum
722 3078 863 3164 primum
892 3078 936 3143 ad
960 3078 999 3143 11.
1025 3079 1053 3144 J.
1081 3080 1156 3145 464.

64 3174 88 3242 τὸ
105 3176 214 3267 μηρίον
236 3177 464 3264 ἐντελέστερον
484 3182 545 3245 τοῦ
565 3174 685 3266 μήραυ·
716 3177 754 3244 ἐκ
783 3177 844 3263 γὰρ
866 3182 1036 3265 συγκαπῆς
1057 3174 1158 3247 αὐτοῦ

64 3275 158 3361 γέγονε.
202 3280 292 3345 Tum
314 3278 357 3342 ad
377 3278 457 3346 XV.
477 3280 550 3345 320.
572 3278 800 3345 Aristarchum
820 3270 920 3344 refert
942 3274 1018 3345 κατ)
1043 3279 1158 3350 ἐνῶπα

113 3516 138 3583 8)
154 3516 267 3572 Puncta
284 3515 437 3582 discritica,
451 3533 523 3587 qiree
543 3516 572 3570 in
590 3516 652 3571 dies
670 3514 759 3598 mag-ie
777 3514 965 3598 obsolescunt,
983 3514 1027 3569 his
1042 3533 1158 3588 quoqne

63 3596 112 3653 nihil
126 3620 192 3672 opus
206 3620 271 3658 esse
283 3600 408 3659 ostendit
420 3609 561 3657 accentus.
591 3602 663 3658 Nam
679 3602 701 3657 si
721 3623 737 3657 o
754 3610 784 3657 et
802 3624 812 3655 ι
827 3600 855 3654 in
871 3618 957 3655 unum
972 3600 1158 3670 confluerent,

64 3684 226 3753 autlsiaorov
238 3686 413 3745 scriberetur
428 3692 480 3741 'aut
495 3692 631 3745 λευκοῖον.
664 3684 800 3748 Λευκὸιας
817 3684 889 3739 siin
906 3702 961 3740 usu
979 3695 1053 3743 esset
1069 3687 1158 3759 signi·

64 3767 137 3825 taret
155 3771 202 3828 τὸν
220 3772 307 3831 λευκαὶ
324 3778 355 3829 lo
373 3775 473 3844 ἔχοντα
496 3772 568 3829 sicut
589 3770 777 3846 πολύμνιοςὸ
799 3769 889 3827 πολλὰ
907 3777 978 3842 μνία
998 3774 1084 3843 ἔχων,
1108 3777 1160 3830 sed
1262 3841 1269 3857 „

63 3862 139 3911 auctor
155 3858 184 3913 in
202 3859 300 3915 dubie.

113 3959 225 4026 blathon
244 3962 372 4018 nonnulli
391 3962 524 4017 dixerunt
542 3960 728 4017 distinotionis
746 3978 830 4016 causa
847 3980 875 4014 v.
888 3960 994 4014 Parnll.
1007 3963 1049 4014 2³.
1076 3966 1158 4022 Χίιος

62 4039 196 4101 Brunckius
213 4049 308 4119 posuit
327 4049 356 4103 in
377 4049 454 4103 exitu
471 4048 639 4121 pentametri
657 4048 744 4102 Antb.
758 4047 810 4101 XI.
829 4048 890 4100 235.

114 4148 154 4217 10)
168 4149 216 4205 Sic
228 4168 247 4205 a
258 4156 320 4219 βοῦς
331 4153 490 4207 ducendum
503 4159 564 4205 erat
574 4151 665 4221 ῥοΐτης
676 4153 727 4206 sed
738 4149 806 4206 vicit
818 4149 1011 4221 diphthongus
1022 4143 1156 4218 primitivi

61 4236 84 4281 ot
92 4230 116 4285 in
130 4232 242 4301 βούἆιον
259 4239 322 4309 (pro
331 4238 451 4306 βοΐδιον)
463 4234 601 4303 μνοῠδιον
612 4245 640 4293 et
651 4237 681 4291 in
693 4236 750 4292 alio
762 4234 957 4305 monosyllabo
968 4235 1005 4304 γῆ
1016 4226 1155 4303 rvi-1219,

59 4316 183 4389 yi-tsv,
197 4326 275 4395 qnod
286 4323 456 4397 Apollonius
468 4326 527 4391 tul,
542 4324 567 4379 3.
580 4340 680 4397 perum
691 4330 757 4395 apte
770 4338 833 4378 cum
844 4320 969 4395 ἀρχῆθεν
978 4326 1134 4392 compunt.
1165 4348 1170 4354 ·
