2825 4809
129 320 218 423 'nn
238 354 509 424 rsosrnnsr
529 355 592 422 er
615 353 879 423 senneser.
914 355 952 422 o.
969 356 1048 423 v11.
1099 362 1169 434 ιιι

23 624 24 631 ¹
65 539 143 628 ι’ίμβη
169 537 190 630 ἦ
220 546 281 629 τῆς
302 537 395 617 ίτνος
417 536 526 634 dorcic
551 551 585 605 et
605 533 725 622 δι’μβιιιν
744 540 854 606 umbo.
898 538 1101 625 Ambiguum
1123 550 1195 620 estx

56 645 147 724 Ἓλμα
163 641 339 720 οανίδιομα
354 649 463 703 σίτοισι
482 640 570 704 idem
592 638 636 703 sit
652 649 751 724 etque
769 642 884 722 σέλμα,
908 640 999 723 quod
1019 663 1060 704 ex
1081 639 1172 718 σιλίς

64 743 233 808 derivatum
251 739 369 806 'dicunt
388 741 469 806 EM.
491 737 691 826 proprieque
718 740 900 806 tabulatum
922 740 1100 825 significat,
1130 763 1172 804 an

62 844 158 930 potius
180 841 289 906 sedile
310 852 346 905 ut
372 838 469 906 Ἑλλοί
497 843 649 928 καθέδρα
675 851 708 906 et
738 840 850 906 labiali
872 850 1003 906 auctum
1032 841 1170 926 σφέλας.

63 943 151 1026 Quod
185 951 294 1006 restat
310 935 461 1027 Ὄμβρος
487 942 650 1028 χοιρίδιον
680 951 714 1006 et
738 939 893 1027 Σύμβρος
921 937 1054 1026 κάπρος
1082 942 1173 1025 (ante

63 1042 228 1128 Σνβώτας)
244 1088 247 1092 -
262 1041 423 1128 originem
462 1039 586 1106 habent
615 1065 636 1106 a
669 1041 832 1108 vocabulo
868 1040 998 1107 biformi
1032 1041 1074 1106 de
1106 1064 1172 1126 quo

46 1145 157 1212 Sobel.
180 1137 290 1208 Arist.
311 1141 397 1208 Ach.
421 1143 492 1207 749.
516 1143 621 1230 (741.)
643 1132 683 1211 ὗν
703 1142 763 1209 ἐπὶ
784 1140 942 1230 θηλείας,
971 1147 1030 1210 σῦν
1056 1142 1093 1210 δέ
1114 1143 1174 1211 ἐπί

62 1239 206 1334 ίβρινος·
230 1245 405 1332 κέχρηνται
427 1243 466 1309 δέ
487 1238 697 1330 ἀδιαφόρως,
718 1265 826 1328 neque
849 1243 917 1306 ulla
939 1251 990 1308 est
1008 1243 1172 1310 distinctio

62 1346 273 1410 derivatorum
295 1342 414 1429 συηνία
437 1342 492 1410 καί
513 1339 611 1430 ὑηνία
627 1345 708 1410 ΕΜ.
729 1341 839 1432 tatone
860 1340 1000 1430 σκιώδης,
1022 1341 1175 1432 ὑφορβός

61 1443 246 1534 ονοφορβός
269 1455 331 1510 eto.
375 1442 477 1525 Quod
502 1466 580 1509 vero
602 1444 796 1510 Athenaeus
828 1455 940 1508 narrat
956 1445 1022 1510 111.
1044 1445 1096 1510 94.
1130 1446 1171 1510 Ε.

63 1548 89 1612 τδ
108 1545 238 1631 οιαγσίν
261 1543 295 1612 οἱ
318 1545 374 1612 διὰ
396 1533 499 1609 scrib
522 1540 721 1632 ἐκφέροντες
747 1541 820 1610 κατ’
851 1540 1029 1629 ἆναλσγίοιν
1058 1545 1174 1627 λέγον·

62 1671 102 1712 σα
120 1642 196 1713 ἀπὸ
218 1651 283 1712 τοῦ
303 1642 373 1728 ὑός,
394 1639 589 1710 Eustathius
611 1646 658 1710 ita
674 1647 812 1732 accepit,
834 1644 896 1710 hos
921 1641 1032 1727 ὖαγιόν
1050 1644 1173 1710 dixisse

60 1759 90 1810 ut
104 1753 160 1825 σῦς
183 1757 219 1812 et
240 1736 288 1824 ὗς,
315 1746 374 1810 sed
394 1746 464 1810 iota
486 1746 577 1810 unde
598 1748 723 1812 venerit
743 1770 809 1813 non
835 1745 987 1831 explicat,
1010 1767 1119 1830 neque
1137 1746 1173 1811 id

59 1849 210 1934 reperitur
237 1847 304 1911 nisi
331 1846 367 1910 in
392 1846 507 1931 ignoto
540 1846 624 1913 Σίκα
645 1839 685 1926 dg
705 1845 872 1925 Λάκωνες
891 1848 974 1911 Hes.
1009 1846 1173 1933 Siagones

59 1971 124 2014 vero
143 1950 237 2021 unde
260 1947 490 2013 denominatae
514 1946 580 2012 sint
601 1971 669 2013 non
690 1949 798 2014 minus
822 1946 1053 2034 inexplicabile
1076 1971 1174 2032 quam

62 2048 439 2136 droyolvsquodeliqua
461 2071 502 2113 ex
527 2059 622 2136 parte
643 2050 691 2113 illi
717 2050 871 2116 cohaeret
892 2071 924 2113 v.
945 2046 1115 2134 Aglaoph.
1138 2073 1172 2135 p.

65 2151 145 2215 1071.
190 2153 262 2216 Pro
289 2149 539 2236 Aristophaneo
568 2147 661 2228 ίλλδς
689 2153 865 2236 γεγένημαι
887 2150 1082 2236 προςδοκῶν
1103 2149 1172 2214 Le-

61 2252 212 2337 xiphanes
232 2253 428 2316 Lucianeus
450 2255 475 2336 ξ.
494 2253 526 2317 3.
550 2250 717 2342 substituit
738 2251 853 2329 σίλλος
872 2246 1023 2334 (σιλλός)
1045 2251 1174 2336 γεγένη-

61 2353 114 2435 μαί
135 2377 176 2420 σε
209 2356 397 2439 περιορῶν,
426 2353 518 2437 quod
546 2352 743 2436 adjectivum
766 2352 843 2436 quia
864 2349 942 2415 alibi
962 2373 1031 2416 non
1052 2351 1173 2437 legitur

60 2454 321 2520 Hemsterhusius
343 2454 378 2516 in
403 2450 494 2532 ίλλός
512 2454 650 2518 mutavit
671 2454 731 2518 sed
754 2451 938 2518 detenditur
960 2473 1101 2537 persona
1121 2453 1172 2518 lo·

60 2557 189 2638 quentis.
243 2554 492 2622 substantivum
520 2553 633 2633 σίλλος
659 2558 818 2622 cavillatio
841 2575 940 2638 quem
963 2555 1172 2638 conjunctum

59 2657 95 2718 sit
120 2656 289 2742 adjectivo
322 2653 415 2734 ίλλός
451 2658 544 2748 limos
577 2655 787 2742 cognoscitur
819 2677 860 2720 ex
885 2652 993 2718 verbis
1020 2655 1172 2741 utrinque

60 2759 204 2823 derivatis
238 2755 411 2835 ίλλαίνειν,
441 2755 636 2851 ἕπιλλίζειν,
666 2756 848 2824 οιλλαίνιιν
877 2753 915 2821 τὸ
940 2753 996 2820 διὰ
1025 2759 1090 2821 τῶν
1109 2752 1176 2844 ὄφ-

58 2862 191 2942 cahier
211 2853 392 2936 σκώπτειν,
413 2858 547 2922 σιλλοῢν
568 2857 604 2921 τὸ
628 2856 706 2934 τοὺς
727 2851 930 2943 ὀφθαλμοὺς
952 2850 1061 2944 ἠρέμα
1079 2881 1175 2941 περι-

58 2960 165 3047 φέρειν
194 2957 299 3024 Phot.
328 2957 434 3043 sigma
467 2959 675 3044 praeposito,
709 2981 777 3023 non
805 2967 843 3020 ut
868 2956 990 3021 Pollux
1018 2957 1174 3022 ariolatus

60 3059 143 3145 παρὰ
179 3059 218 3126 τὸ
256 3057 359 3126 σείειν
390 3057 469 3137 τούς
505 3056 619 3138 ίλλους
655 3059 807 3126 τουτέστι
844 3055 922 3133 τοὺς
960 3052 1174 3144 ὀφθαλμούς.

56 3160 262 3226 Postremum
282 3158 380 3242 hujus
401 3159 531 3244 generis
554 3170 606 3226 est
626 3159 790 3247 Septunce
807 3197 850 3206 -—
871 3157 958 3234 τινές
984 3157 1020 3222 δέ
1040 3151 1201 3243 ὑρίσκονΧ

58 3263 130 3328 Hes.
156 3261 281 3348 quibus
314 3260 426 3324 affinia
455 3262 548 3325 attuli
571 3263 607 3325 in
625 3260 727 3325 Proll.
746 3260 820 3324 337.
833 3259 889 3344 ⁴¹)
932 3257 989 3323 Ab
1019 3255 1069 3321 his
1096 3279 1173 3322 vero

60 3365 197 3445 quamvis
234 3361 325 3426 tenui
356 3377 449 3426 muro
481 3363 663 3448 intersepta
699 3370 775 3424 sunt
808 3383 893 3444 quae
927 3369 984 3424 aut
1020 3359 1174 3424 termina-

59 3465 173 3531 tionem
199 3453 332 3530 mutarit
356 3474 395 3527 ut
419 3461 534 3551 οὑφαξ
559 3458 649 3539 ὄντος
679 3483 776 3526 sucus
807 3485 837 3526 v.
865 3461 992 3525 Techn.
1014 3461 1088 3526 341.
1118 3459 1175 3544 έλη

123 3733 168 3802 41)
186 3732 349 3788 Herodiani
366 3732 454 3785 verba
467 3729 562 3785 Schol.
575 3729 627 3786 IX.
641 3731 701 3784 540.
722 3729 751 3784 τὸ
764 3715 855 3801 ἶπρὸ
874 3731 922 3784 τοῦ
934 3717 968 3783 δ’
978 3726 1010 3784 σίν
1029 3727 1179 3786 δασύνεται

61 3820 84 3869 δ
100 3815 136 3886 μὴ
156 3821 197 3888 εἴη
219 3814 416 3889 ἀντωννμικὸν
437 3817 467 3878 ἐξ
484 3813 622 3884 ἀποβολῆς
643 3801 732 3869 τοῦδ
752 3819 836 3870 σέθεν
857 3815 938 3886 ἕθεν,
963 3814 1035 3869 nihil
1056 3813 1175 3884 emplius

62 3903 198 3958 continent
215 3904 269 3959 nisi
285 3919 445 3977 pronomen
461 3903 602 3956 secundae
617 3919 756 3972 personae
770 3900 860 3970 sigma
870 3902 987 3967 hebere,
1004 3899 1104 3954 tertiae
1121 3898 1178 3980 spi:

62 3986 141 4042 ritum
155 3991 251 4044 modo.
294 3989 343 4043 Sic
362 3987 446 4042 etiam
465 3987 531 4040 EM.
546 3988 609 4052 616,
627 3988 668 4040 10.
687 3984 743 4040 ἀπὸ
766 3989 813 4040 τοῦ
831 3982 922 4040 πόθεν
941 3984 1065 4058 ἀποβολῇ
1086 3985 1135 4040 τοῦ
1157 4003 1180 4036 π

62 4069 135 4141 ὅθεν,
146 4080 188 4128 καλ
204 4069 368 4142 δασύνεται,
383 4075 435 4127 sed
453 4091 535 4126 nemo
555 4073 674 4126 alterum
691 4090 727 4126 ex
742 4071 832 4126 altero
847 4079 939 4126 ortum
956 4069 1068 4124 dixerit.
1095 4068 1177 4122 Haeo

65 4167 128 4212 sunt
138 4161 231 4215 brevis
246 4159 361 4214 scholae
379 4157 547 4230 compendia
565 4158 602 4209 ad
621 4157 718 4212 oculos
735 4158 823 4228 magis
841 4174 924 4228 quam
942 4152 1116 4220 adruinum
1136 4149 1178 4204 di·

63 4249 138 4297 recta
154 4254 183 4300 ut
198 4247 338 4320 pleraque
356 4245 527 4298 anadromae
548 4238 687 4312 exempla.
