2825 4809
130 330 473 453 onhrnnnrnn'sr
492 331 555 412 nr
579 341 1055 432 sunninchusen.
1079 347 1152 423 553

69 533 205 622 πολίτης,
229 523 367 616 ’Ἀρειος
399 527 508 618 πάγος
536 525 864 620 Ἀρειοπαγίιηςίί).
921 533 1011 598 'Tum
1041 553 1152 598 rursus

67 639 110 703 ille
127 635 193 700 infit
214 633 375 718 synthesis
397 644 626 721 propugnator
647 627 719 700 ἀπὸ
733 630 791 700 (irio
808 636 978 713 λέξεων-
991 627 1155 700 οὐδέποτε

67 736 171 824 γίνεται
196 730 392 823 παραγωγή,
431 737 490 801 sed
519 736 572 801 hic
605 735 726 802 excidit
754 733 933 821 syllogismi
967 735 1152 801 conclusior

65 835 90 905 εἷ
113 829 162 904 οὖν
187 833 257 902 ἐστι
285 837 508 927 Διοςκορίόης
536 836 593 902 καὶ
617 831 840 922 Διοςκουριός
871 834 929 902 καὶ
955 829 1156 922 Διοςκόριος

65 932 252 1023 παράγιογον,
278 935 380 1026 δῆλον
397 934 450 1004 ὅτι
471 937 509 1002 τὸ
522 933 707 1024 Διόςκορος
729 930 787 1003 οὐκ
807 935 841 1001 ἓν
855 938 1047 1022 παραθέσει
1065 934 1155 1003 ἐστὶν

64 1033 124 1106 αλλ’
145 1035 359 1104 bonosae.
389 1039 514 1106 Verum
537 1039 601 1105 hoo
618 1038 760 1104 refutent
779 1038 929 1126 exemplo
940 1037 1031 1127 prius
1048 1037 1152 1104 allata.

64 1137 210 1206 Continuo
237 1134 490 1206 subdit-oritis*
515 1135 699 1222 τεμενικόν·
729 1136 759 1206 εἰ
790 1131 850 1208 οὖν
878 1138 915 1206 τὸ
939 1144 1154 1226 Διοςκορεῖον

61 1236 218 1323 ιεμενικόν,
243 1239 344 1329 δῆλον
364 1238 424 1307 ότι·
440 1236 479 1310 οὐ
500 1236 659 1330 παρήχθη
683 1237 752 1306 ἀπὸ
775 1235 833 1306 δύο
853 1239 973 1321 λέξεων
993 1239 1027 1307 ἐν
1042 1261 1154 1326 παρα·
1191 1229 1209 1252 ’

61 1339 143 1407 θέσει
168 1332 283 1405 οὐσῶν.
329 1332 422 1432 >ᾎρα
447 1334 506 1409 οὖν
536 1340 575 1408 τό
612 1336 796 1427 Διόςκορος
824 1339 859 1406 ἐν
888 1340 1043 1408 συνθέσει
1073 1337 1154 1408 ἐστι’.

60 1441 117 1508 Sed
135 1438 185 1505 hic
207 1460 343 1526 quoque
364 1451 441 1528 post
466 1431 636 1526 οεμενικόν
657 1441 783 1528 aliquid
803 1442 896 1510 deest
914 1441 1156 1527 hujusmodi-

61 1536 125 1609 ἀλλ’
138 1534 164 1630 ἢ
186 1535 259 1609 ἀπὸ
280 1537 400 1608 ἁπλῶν
421 1536 467 1622 ὡς
491 1541 672 1622 Θετίδειον,
694 1541 871 1624 Αἱακεῖον,
894 1535 917 1634 ἢ
938 1539 1009 1610 ἀπὸ
1032 1545 1152 1609 συνθέ-

58 1669 112 1709 ιυν
130 1634 198 1710 οἷον
212 1637 477 1731 Ἀμφιαράειον,
495 1638 742 1722 Ἱππολότειον,
766 1645 1032 1731 Ιίλεοπολπρειον,
1051 1637 1154 1726 Ὁμο-

58 1748 156 1822 νοεῖον,
182 1746 446 1832 Θεσμοφορεῖον.
492 1745 623 1829 Quibus
645 1746 673 1812 si
701 1745 756 1812 ille
777 1769 838 1834 pro
865 1754 1056 1832 argumento
1075 1765 1155 1810 usus

57 1855 109 1923 est,
141 1867 260 1931 porum
292 1845 431 1910 ottenriit
452 1840 668 1936 Ἀμφιάραος
701 1858 735 1913 et
761 1857 868 1914 cetere
898 1848 945 1912 ito
975 1846 1157 1934 composita

56 1969 116 2012 esse
134 1957 170 2011 ut
194 1946 332 2013 dissolvi
353 1948 444 2012 nullo
467 1947 566 2013 modo
590 1949 735 2035 possint,
765 1945 947 2036 Διόςοιορος
969 1957 1078 2014 eutem
1100 1969 1155 2012 oo-

54 2059 167 2113 centum
197 2049 309 2114 solnm
333 2049 476 2138 syntheti
494 2050 615 2116 habere
645 2074 686 2119 oc
708 2074 750 2117 ne
775 2049 902 2116 dehoc
928 2051 1062 2141 quidem
1085 2071 1155 2122 orn·

52 2173 100 2214 nes
126 2151 326 2217 consentire.
369 2151 473 2216 Aliud
499 2152 596 2238 hujus
625 2153 747 2217 formae
776 2152 971 2218 temenicum
1000 2150 1157 2236 cognovi-

51 2264 111 2316 mns
131 2253 262 2318 nullum
291 2264 421 2340 praeter
446 2250 645 2336 Λεωκόριον
668 2255 728 2320 sed
750 2253 786 2318 id
814 2274 946 2338 quoque
978 2275 999 2317 e
1027 2251 1156 2318 dnobus

49 2353 172 2442 integris
198 2353 288 2422 Αειὸ
317 2350 416 2442 κόραι
439 2355 618 2420 derivatum
651 2355 779 2421 dicitur.
833 2356 1051 2443 Apertissime
1077 2345 1154 2420 vero

49 2452 253 2544 Δισιοιήριον
287 2466 320 2522 et
357 2457 514 2522 solemnia
546 2452 718 2524 darrileio
751 2458 897 2545 pendent
932 2479 972 2523 ex
1006 2455 1157 2543 genitivis

47 2555 125 2650 Διὸς
144 2563 309 2645 σωτῆρας,
332 2559 419 2638 Διὸς
439 2561 580 2636 πολιαῖς,
603 2582 688 2645 quae
700 2583 867 2646 nunquam
885 2559 1018 2646 hyphen
1038 2559 1160 2646 scripte

49 2669 123 2724 sunt.
166 2659 292 2745 Itaque
306 2657 490 2747 Διόςκορος
508 2660 544 2725 in
568 2661 758 2747 porothesin
777 2660 1049 2737 transscribimus
1071 2654 1157 2725 Διό-

46 2768 136 2845 κορος
158 2760 271 2826 sicubi
295 2762 459 2848 legeretur
484 2762 659 2848 syntheton
680 2763 746 2828 dici
768 2773 934 2850 oporteret
948 2755 1156 2835 αεΔιόπαις,

51 2857 275 2944 Οὐρανόπαις,
295 2861 542 2950 Ταρταρόπαις,
566 2856 780 2949 ὀρνιθόπαις,
802 2861 1057 2940 θαλασσόπαις.
1091 2859 1159 2928 sed

45 2972 150 3028 notum
175 2973 231 3029 est
259 2959 448 3043 Διόπολις,
476 2964 567 3049 quod
600 2964 696 3029 etiam
717 2961 903 3042 Διόςπολις
931 2962 1082 3028 scribitur
1108 2960 1160 3024 vel

43 3062 73 3126 in
94 3065 233 3130 diastasi
264 3050 356 3142 ΔιὸςΙ
377 3061 494 3142 πόλις·
527 3065 561 3128 id
588 3065 673 3130 enirn
698 3065 915 3152 complurium
941 3064 1070 3130 urbium
1096 3085 1158 3128 no-

43 3187 110 3230 rnen
128 3165 195 3231 fuit
217 3165 401 3253 proprium.
446 3165 484 3232 Si
503 3187 580 3231 vero
598 3165 679 3232 Piso
700 3167 834 3232 honoris
857 3187 956 3232 cause
978 3164 1160 3254 appelletur

43 3260 166 3351 ἡΔιὸς
190 3264 300 3345 πόλις
319 3267 446 3333 Himer.
476 3268 537 3334 Or.
559 3269 601 3335 V.
625 3269 663 3347 2,
691 3269 766 3334 474.
796 3291 835 3334 ee
862 3291 970 3353 neque
996 3264 1159 3354 synthesis

43 3379 88 3432 est
107 3391 224 3454 neque
257 3369 437 3454 parathesis
465 3368 525 3434 sed
548 3391 637 3435 merc
665 3371 874 3456 syntaxis¹²)
897 3379 934 3435 ut
953 3369 1040 3449 Διὸς
1067 3363 1160 3456 αὐλή.

42 3469 120 3535 Sunt
138 3491 223 3535 vero
250 3469 348 3535 etiem
369 3471 565 3556 appellativa
585 3494 659 3536 cum
681 3473 799 3538 eodem
815 3471 957 3557 genitivo
974 3471 1161 3537 consociata

38 3593 120 3638 nunc
142 3581 314 3650 conserte,
336 3593 424 3637 nunc
446 3593 557 3636 secus:
582 3574 668 3649 Διός
690 3565 797 3651 ἄνθος
819 3573 929 3640 Nonn.
947 3574 1064 3641 XXV.
1085 3572 1159 3638 527.

40 3672 211 3762 Theophr.
245 3675 292 3739 H.
311 3673 364 3738 Pl.
395 3675 455 3740 VI.
480 3674 513 3752 1,
544 3676 572 3740 1.
604 3686 637 3738 et
663 3675 885 3762 compluribus
914 3675 1011 3755 locis,
1042 3675 1160 3762 quibus

103 3881 150 3950 ll)
166 3880 221 3936 Sic
238 3878 325 3933 etiarn
337 3877 511 3950 Stephanum
522 3877 680 3950 scripssisse
691 3885 761 3950 puto
775 3883 911 3954 Κυχρεῖος
926 3875 1016 3950 πάγος
1027 3883 1162 3952 Κυχρειο-

35 3973 163 4038 naysum,
179 3985 247 4020 non
258 3968 495 4036 Κυχρεοπαγίτης.

102 4055 150 4122 12)
165 4054 241 4108 Hoc
254 4050 365 4106 nomine
384 4050 471 4104 utitur
490 4049 554 4104 Sch.
573 4049 659 4104 Arist.
679 4049 773 4103 Renn.
796 4051 855 4104 549.
876 4047 931 4104 ἀπὸ
947 4047 1099 4112 συντάξεως
1120 4050 1163 4121 (in

34 4138 108 4194 Gud.
123 4142 190 4205 296,
204 4137 339 4193 22.ma1e
358 4140 495 4190 συνθέτου
508 4131 617 4202 τάξεως)
630 4131 752 4208 ὀνόματα
765 4141 880 4206 γίνεται,
893 4134 985 4198 Καλός
997 4140 1043 4191 καλ
1056 4133 1163 4208 ἀγαθός

34 4226 258 4296 καλοκαγαθία,
281 4229 359 4282 θεοῖς
381 4216 480 4293 ἐχθρός
502 4226 662 4292 θεοεχθρία.
696 4221 752 4276 Ηία
778 4217 902 4283 σύνταξις
922 4241 980 4278 non
998 4223 1161 4301 porothesiu

33 4307 189 4389 significat,
207 4311 249 4368 de
262 4326 319 4389 qua
330 4307 377 4370 bic
389 4307 537 4387 loquimur,
550 4309 603 4371 sed
615 4325 720 4371 merom
732 4310 891 4373 συνέπινον.
