2825 4809
250 334 298 411 ιι
614 284 934 401 mssnnnnrno
968 331 996 399 ι.

249 511 297 595 ὥς
325 510 420 605 Κρής
440 510 579 603 ’Ἑγκρης
600 510 780 605 ’Ἐγκρηιος
819 518 895 603 (scr.
918 512 1109 604 Ἕιεόκρης)
1137 514 1341 585 Choerobosc.

253 618 333 687 Can.
364 618 440 696 144,
471 620 500 684 l.
530 618 656 684 et175.
690 628 724 685 et
757 621 938 687 accuratius
966 617 1165 707 Apollonius
1192 620 1231 686 de
1254 620 1342 687 Pron.

252 745 285 808 p.
310 722 360 786 70.
382 718 439 785 ubi
462 720 502 785 de
526 721 720 807 pronomine
742 721 799 787 illo
822 721 967 789 disserit:
998 720 1034 787 ad
1067 717 1165 805 ίοιροί
1185 721 1275 807 παρὰ
1297 718 1343 789 olz-

250 829 356 901 τικοῖς
378 818 536 908 ὁμολογεῖ
552 824 611 911 τὴν
629 817 961 909 ἇνιωνιιμίαν-ίωροὶ
980 819 1013 890 οἱ
1034 815 1136 909 αιἰτῆς
1152 825 1211 909 τῆς
1229 818 1344 903 πόλεως

249 922 410 1007 φύλακες·
442 926 619 991 καλοῦνται
649 924 685 991 dd
714 925 771 1017 καί
809 921 842 992 οἳ
871 921 1061 1009 αὐθιγενεῖς
1095 922 1190 1007 παρὰ
1226 924 1344 1002 Ροδίοις

249 1022 376 1112 ίγνηιες
398 1030 457 1113 τῆς
479 1023 616 1102 δασείας
639 1021 780 1103 ἇειικῶς
802 1023 1069 1110 ιιοοςελθούοης.
1113 1026 1242 1090 Ηοιιιιιι
1260 1026 1346 1112 igion

249 1127 409 1195 sententia
433 1127 495 1193 fuit
519 1128 603 1193 inter
625 1127 749 1195 Gnetes
776 1137 809 1192 et
826 1126 990 1213 Hignetes
1008 1126 1098 1193 idem
1116 1127 1269 1194 interesse
1289 1128 1355 1216 ‹lis-¹

249 1229 391 1295 oriminis
414 1230 504 1315 quod
527 1229 611 1295 inter
632 1227 747 1295 Cretes
769 1238 802 1295 et
821 1229 1022 1306 Eteocretee,
1043 1228 1189 1316 Bn'tadas
1209 1239 1241 1295 et
1258 1231 1346 1295 Eteo-

249 1330 398 1397 butadae.
440 1330 650 1417 Adjectivum
678 1330 940 1417 monosyllabum
967 1329 1044 1418 yrrjg
1075 1353 1143 1398 non
1168 1331 1273 1396 minus
1298 1332 1345 1397 ab·

251 1454 368 1497 sonum
396 1443 446 1498 est
473 1454 571 1517 quam
603 1432 685 1519 βλής
712 1433 765 1498 vel
798 1431 883 1520 δμής
904 1432 1023 1499 Parall.
1048 1432 1100 1497 82.
1120 1433 1160 1498 of.
1180 1432 1293 1500 Lehrs.
1312 1435 1348 1499 ad

249 1534 375 1601 Herod.
405 1558 439 1621 p.
468 1534 541 1599 326.
555 1533 586 1619 ⁵)
617 1533 676 1599 sed
704 1544 742 1599 ut
761 1534 944 1621 alienigena
965 1534 1082 1599 dieitur
1108 1529 1288 1623 ἑοεοόγνης,
1311 1536 1349 1599 ita
1391 1604 1393 1608 ,

248 1636 379 1723 indiges
407 1636 474 1701 sive
495 1658 608 1713 verna,
640 1637 731 1719 quod
756 1659 877 1703 nomen
902 1638 1023 1703 Festus
1050 1636 1279 1723 interpretatur
1300 1639 1349 1703 iti-

250 1742 318 1805 dem
339 1750 460 1817 natum,
481 1736 640 1825 appellari
656 1736 765 1823 potuit
782 1734 874 1825 ἴγνης
891 1738 1057 1803 intellectu
1076 1738 1212 1825 duplici,
1235 1738 1285 1803 vel
1299 1761 1348 1823 pro
1391 1789 1393 1810 ι

179 1926 183 1931 .
249 1837 420 1928 ἓνδογενής
448 1839 627 1925 ingenuus,
659 1840 687 1903 si
713 1861 788 1904 eum
815 1840 1060 1927 praepositione
1092 1838 1124 1907 ἴν
1146 1839 1351 1926 compositum
1391 1913 1393 1916 ¹

249 1951 299 2007 est
328 1950 364 2005 ut
380 1936 511 2027 Ἰσχοραί
540 1936 616 2029 ἑξῆς
642 1942 725 2008 Hes.
747 1940 769 2007 i.
792 1965 824 2027 q.
847 1940 1005 2031 ἐνσχεραί,
1029 1943 1081 2008 vel
1101 1965 1163 2029 pro
1188 1937 1352 2028 αὐθιγενής

249 2043 317 2109 eive
341 2038 501 2127 ἰθαγενής
523 2042 561 2121 si,
583 2052 620 2107 ut
632 2043 814 2130 Apollonio
833 2044 951 2132 placet,
976 2066 1050 2111 cum
1071 2044 1268 2131 pronomine
1285 2066 1351 2109 eoa·
1391 2085 1392 2098 ι

248 2146 319 2211 luit.
361 2145 491 2211 Eodem
511 2154 620 2211 tamen
638 2147 714 2229 jure
737 2145 888 2211 affirmari
908 2157 1023 2233 posset
1038 2147 1107 2212 iota
1129 2146 1353 2233 pleonaeticnm

249 2247 317 2313 sive
347 2245 553 2311 formativum
580 2268 668 2324 esse,
694 2244 758 2312 nisi
789 2248 890 2313 satius
915 2249 1079 2315 videretur
1105 2249 1250 2315 nominis
1270 2269 1353 2335 pere-

249 2347 334 2435 g1ini
362 2358 394 2413 et
422 2346 577 2425 obsoleti,
607 2349 697 2433 quod
726 2348 865 2443 fortasse
890 2352 1015 2417 nullum
1043 2350 1142 2417 habet
1171 2374 1248 2417 cum
1266 2349 1354 2415 verbo

249 2452 420 2534 γείνασθαι
438 2450 675 2527 commercium,
690 2450 993 2539 interpretationem
1008 2454 1187 2540 ancipitem
1202 2453 1355 2537 defugere.

250 2554 275 2621 J
275 2550 430 2617 ustionem
450 2573 527 2616 vero
546 2552 728 2638 pleonasmi
742 2553 962 2640 suspicionem
978 2554 1116 2641 praebet
1133 2554 1358 2641 appellativum
1391 2601 1393 2631 ÷

250 2649 368 2739 ἶιοριίς,
399 2653 490 2737 quod
508 2654 708 2740 Apollonius
738 2655 870 2740 quidem
899 2678 973 2721 cum
995 2657 1113 2721 codem
1135 2656 1329 2743 pronomine
1347 2652 1362 2721 ί

251 2754 440 2839 copulatum
463 2753 542 2821 dicit
571 2756 629 2821 sed
648 2754 712 2821 hoc
733 2757 822 2821 nullo
849 2758 949 2824 modo
972 2758 1140 2823 conciliari
1159 2767 1275 2845 potest
1295 2779 1360 2821 oum

249 2854 333 2940 legis
355 2854 507 2945 antiquae
528 2855 646 2935 verbis,
670 2880 756 2942 quae
781 2858 903 2925 Suidae
926 2859 1020 2925 affert
1040 2856 1156 2947 Ἰιοριίς
1180 2857 1295 2947 φύλαξ
1311 2857 1360 2923 καί

250 2954 419 3041 παροιμία
445 2951 570 3023 ΟὐδΗ
553 2956 644 3035 enta
667 2954 786 3041 ίοιροῦ·
807 2960 878 3025 Καὶ
898 2958 1001 3041 νόμος
1022 2957 1041 3026 ὁ
1064 2986 1136 3057 παρ
1137 2958 1361 3047 Ἀθηναίοις

251 3052 346 3134 ἐκτὸς
377 3052 481 3141 lepori
516 3052 728 3125 ἐκέλευεν
696 3085 782 3127 ειναι
814 3062 893 3139 τούς
920 3051 1167 3178 ανδροφόνοιις·
1199 3062 1256 3127 hic
1284 3061 1361 3127 enim

250 3179 384 3244 prorsus
407 3179 475 3223 non
501 3159 687 3225 convenit‘
671 3162 764 3240 εκιὸς
782 3159 942 3249 φυλακος.
993 3163 1111 3230 Sed
1085 3186 1113 3227 sn
1133 3164 1187 3229 vel
1210 3163 1363 3250 pluralem

248 3257 314 3321 illio
336 3258 438 3342 script
437 3282 493 3323 um
511 3259 612 3325 fuisse
633 3262 801 3347 ponimus,
826 3286 965 3350 eumque
989 3265 1037 3331 sic
1058 3266 1314 3353 interpretamur
1332 3276 1364 3327 ut

199 3414 202 3419 .
248 3357 569 3445 Paroemiographns
590 3362 684 3439 ἐκτὸς
706 3368 772 3429 τῶν
793 3364 1042 3453 φυλακτηρίων,
1070 3378 1180 3434 tamen
1212 3368 1273 3433 illa
1292 3392 1364 3455 pro·

248 3458 389 3523 nominis
418 3460 573 3525 assumtio
598 3465 796 3549 permolesta
827 3475 885 3530 eet.
942 3466 1128 3550 Quemnam
1157 3470 1250 3537 enim
1274 3470 1363 3534 intel-

248 3560 368 3626 lectum
394 3561 494 3627 habet
516 3558 533 3627 ὃ
559 3559 755 3651 αὐτοφύλαξ
773 3566 825 3631 vel
846 3564 865 3633 ὁ
887 3564 1021 3655 γνήσιος
1042 3567 1175 3654 φύλαξί
1205 3571 1256 3637 sic
1286 3572 1367 3637 enim

249 3684 369 3727 nomen
393 3659 495 3751 ίωιιός
515 3664 744 3751 interpretatur
753 3668 916 3733 Arcadius
937 3668 1177 3739 v.Pr011.275.
1195 3683 1269 3741 not.
1301 3674 1365 3737 Ite·

250 3785 314 3847 que
334 3772 508 3829 retractans
539 3768 628 3851 quod
649 3764 702 3833 liic
722 3770 904 3855 Apollonio
926 3793 1080 3837 aseensus
1101 3796 1183 3853 eum,
1208 3798 1302 3842 nunc
1325 3776 1368 3839 ita

249 3872 367 3940 statuo,
390 3863 418 3928 si
434 3865 517 3951 legis
537 3877 649 3933 auctor
668 3866 777 3959 ίιορῶν
793 3872 969 3959 scripserit,
990 3872 1151 3941 incertum
1167 3898 1245 3943 esee
1263 3888 1368 3942 utrum

249 4038 581 4052 m

319 4118 458 4186 5.)Sohol
479 4123 546 4175 Eur.
567 4123 618 4177 Or.
635 4122 726 4176 18.ιι
696 4123 726 4178 ul
741 4122 950 4193 εἰςηςόξιίιονα
970 4122 1168 4197 μονοσύλλαβα
1185 4148 1257 4203 περ
1247 4132 1371 4185 reconl-

249 4197 498 4275 λάβωςκλινόμενα
513 4204 558 4261 διὰ
572 4210 619 4261 τοῦ
633 4227 684 4276 ιος,
631 4196 778 4281 *Κρὴα
791 4207 863 4281 plaic,
881 4207 937 4281 σῆς,
956 4208 1161 4283 οἱιορΙοκρλὴς,
1173 4218 1259 4287 quod
1272 4217 1370 4271 Grem-

248 4286 493 4360 maticirejioiunt‚
508 4291 634 4349 sumente
650 4294 812 4368 compositis
829 4293 920 4368 ἀβλής,
934 4298 967 4355 ἐπ
970 4293 1086 4367 βίης
1057 4316 1112 4354 e
