2825 4809
159 358 227 421 ns
248 311 518 424 Pnosmmsr
539 359 602 423 nr
623 359 888 426 Arsurum.
923 359 961 425 o.
976 361 1053 428 vu.
1109 364 1182 439 127

318 479 337 512 δ

63 545 152 606 Eust.
167 540 339 620 1077‚⁸64.
355 542 410 622 ⁵⁰)
453 542 494 606 In
511 541 649 608 Aristot
670 542 784 608 Probl.
797 543 895 610 XVI.
916 543 948 608 4.
970 549 1042 621 τοῖς
1062 545 1182 632 ξυρου-

63 643 172 727 ⁸ns'aorr
197 641 249 726 (id
273 651 323 706 est
345 637 626 726 ὀποσυρομένοις)
649 644 692 712 τὰ
715 644 814 728 σκέλη
835 644 893 710 καί
915 634 961 709 ὧν
981 645 1059 722 τούς
1083 645 1181 713 κολύ-

64 757 164 828 θροος
184 739 434 828 ὀφοιριιοίζονοι
454 743 722 810 Hemsterhusius
745 744 788 808 ad
809 743 895 810 Poll.
917 745 964 810 X.
986 745 1039 810 48.
1062 745 1181 812 σκολύ.

64 857 164 925 θροος
188 843 330 929 corrigit
353 865 395 908 ex
414 845 562 910 Platonis
584 847 657 912 loco
685 844 718 913 ολ
742 845 785 911 τὰ
806 844 996 931 σκολύθρια
1017 851 1082 914 τῶν
1102 850 1183 932 μελ-

63 943 179 1008 λόντων
202 943 464 1031 καθιζήσεσθαι
484 943 716 1026 ὑποσπῶντες,
742 946 847 1032 sigma
874 948 1095 1014 antecedentis
1120 969 1181 1013 vo-

64 1043 162 1109 cabuli
189 1045 381 1109 iterandum
406 1056 506 1113 ratus.
552 1049 701 1114 Eandem
727 1047 852 1112 literam
874 1045 1062 1114 Meinekius
1084 1048 1179 1116 Gom.

62 1147 190 1231 Fragm.
219 1146 263 1211 Τ.
285 1147 347 1214 IV.
372 1149 444 1213 124.
469 1160 590 1214 temere
616 1149 790 1236 repetitam
816 1151 1000 1234 suspicatur
1028 1155 1063 1217 ία
1087 1171 1182 1218 onata

63 1251 168 1313 incerti
184 1259 308 1330 poetae
323 1248 547 1328 κατοικιδίοις
563 1247 809 1332 σκαλαβαίταις.
842 1251 953 1336 Vulgo
970 1251 1057 1316 enim
1075 1252 1180 1316 stellio

63 1346 261 1433 καλαβώτης
285 1360 419 1413 vocatur
439 1372 469 1413 v.
488 1351 623 1418 Jacobs.
646 1351 689 1416 ad
703 1351 779 1417 Ael.
790 1352 863 1416 220.
882 1362 914 1416 et
925 1352 1045 1419 Graeci
1067 1351 1181 1417 novitii

62 1471 117 1513 non
135 1472 218 1514 raro
237 1472 406 1516 consonae
422 1450 536 1539 kappa
555 1454 740 1539 praefigunt
758 1452 863 1538 sigma
879 1451 1016 1520 σκύνιτω
1035 1453 1180 1520 dicentes

62 1573 113 1635 pro
136 1547 275 1626 κύπτω,
296 1553 399 1638 σκύνη
423 1553 540 1639 pulvis,
566 1551 706 1639 οκεβρύς
731 1576 936 1642 procurvus.
971 1555 1040 1621 Sed
1055 1558 1180 1622 σκαλα-

62 1649 182 1731 ,λύσαις
201 1651 330 1737 legitur
352 1653 448 1717 etiam
469 1654 503 1717 in
516 1654 698 1741 Nicephori
720 1654 852 1720 scholiis
871 1657 913 1720 ad
931 1657 1048 1741 Synes.
1061 1681 1094 1744 p.
1105 1657 1178 1724 363.

63 1755 99 1816 h
120 1752 181 1818 ubi
212 1776 330 1818 versus
356 1755 412 1818 ille
442 1777 482 1818 ex
510 1756 648 1820 oraculis
671 1754 848 1821 Chaldaeis
870 1757 1047 1842 profertur,
1075 1780 1180 1843 eaque

62 1855 222 1940 scriptura
236 1855 486 1921 convenientior
499 1866 550 1920 est
563 1855 760 1941 veriloqui03
783 1879 857 1920 nam
873 1857 935 1922 hoc
953 1857 1181 1923 animalculum

60 1979 164 2021 muros
187 1957 345 2043 subrepit
364 1957 507 2042 ideoque
529 1979 550 2020 a
565 1957 720 2023 Simeone
740 1959 790 2022 M.
815 1954 1011 2043 τοιχοβοίιης
1032 1959 1180 2023 nomina-

61 2071 124 2132 tur,
154 2054 369 2138 σκαλοβασιοί
398 2068 505 2122 autem
528 2058 647 2122 dicitur
678 2055 698 2144 ἦ
727 2057 785 2124 ἐπὶ
811 2063 870 2124 τοῦ
896 2057 1023 2140 τείχους
1046 2055 1182 2148 drappi-

64 2180 154 2239 νηοις
172 2157 280 2222 Psell.
306 2158 346 2224 iu
363 2159 458 2223 Vere.
480 2158 579 2223 Polit.
601 2181 632 2224 v.
656 2159 729 2223 279.
753 2181 786 2244 p.
804 2159 877 2224 214.
901 2159 942 2223 Τ.
965 2159 1029 2224 III.
1051 2161 1180 2226 Aneod.

60 2257 162 2321 Boias.
186 2257 248 2323 ubi
275 2257 428 2322 meliores
444 2259 541 2323 codd.
558 2256 748 2340 κολοβασία
766 2259 940 2346 praebent3
963 2262 1181 2343 οκαλοβατεῖν

64 2359 196 2441 κλίμακι
227 2353 426 2441 ἀναβαίνειν
454 2361 536 2424 Hes.
565 2382 595 2423 v.
625 2358 751 2424 Techn.
782 2355 855 2424 392.
904 2360 993 2426 Hine
1018 2363 1113 2427 venio
1139 2362 1181 2426 ad

59 2458 219 2524 vocabula
241 2481 331 2543 quae
352 2458 501 2544 pluribus
524 2460 631 2524 modis
647 2460 732 2524 inter
754 2483 789 2525 se
811 2460 965 2524 differunt
992 2483 1053 2526 nee
1074 2474 1182 2526 tamen

58 2558 225 2624 affinitatis
253 2560 402 2646 speciem
425 2572 549 2625 exuunt
571 2571 610 2624 ut
630 2562 755 2648 κνέφας
777 2570 809 2626 et
830 2567 970 2647 σκνῖφος
991 2562 1030 2627 σό
1053 2561 1181 2639 σκότος,

57 2666 256 2740 σκνιπαῖος,
280 2660 505 2748 ἐπισκνιφοόν
521 2671 559 2725 ὀί
580 2659 643 2724 aha
661 2661 808 2744 ejusdem
831 2660 940 2747 stirpis
962 2661 1087 2726 Teohu.
1107 2661 1180 2726 315.

57 2759 189 2841 κκνίζω
211 2757 340 2836 κνικιύς
354 2761 423 2825 sive
439 2759 580 2844 σκνιφός
596 2771 628 2825 et
643 2760 772 2844 κίμβιξ,
790 2759 941 2845 κιμβεία,
960 2771 992 2826 et
1008 2761 1048 2826 ab
1066 2759 1182 2828 eodem

56 2859 150 2924 verbo
169 2861 305 2925 Κνῖδαι
323 2864 473 2947 σκνῆφαι
491 2863 574 2926 Hes.
605 2858 729 2939 Σκίναξ
747 2861 869 2947 leporis
890 2861 1059 2947 epitheton
1081 2885 1181 2949 supra

56 2961 189 3026 allatum
218 2960 262 3027 C.
288 2961 318 3024 I.
347 2963 445 3044 §.1.,
475 2963 566 3046 quod
592 2961 702 3029 Schol.
727 2963 800 3028 Nic.
828 2963 892 3028 Th.
915 2963 988 3028 575.
1014 2960 1182 3047 εὐκίνητος

54 3063 308 3150 interpretatur,
341 3083 410 3126 non
440 3063 602 3128 diversum
632 3074 682 3128 est
710 3085 730 3126 a
758 3061 876 3144 κίνδαξ
903 3059 1071 3148 εὐκίνητος
1098 3064 1181 3126 Her.

54 3163 145 3228 ldem
173 3164 321 3238 Κύλλας
353 3160 482 3243 σκύλαξ
506 3161 650 3242 Ἠλεῖοι,
683 3161 828 3230 Σκύλλον
859 3163 919 3231 τὸν
950 3161 1050 3242 κύνα,
1084 3185 1182 3248 quam

119 3353 170 3420 50)
182 3349 246 3404 Hic
261 3349 365 3402 sellam
380 3347 535 3420 plicatilem
551 3350 687 3402 denotare
705 3349 825 3414 videtur,
842 3367 915 3421 quae
928 3347 1041 3420 proprie
1054 3347 1184 3410 ὀκλαδίας

53 3444 170 3488 vocatur
186 3435 281 3488 idest
298 3435 403 3505 δίφρος
415 3438 654 3505 συγκεκλασμένος
667 3434 732 3488 Sch.
743 3435 816 3504 qu.
828 3437 904 3488 1381.
918 3434 976 3488 sive
993 3429 1109 3496 αιυκιός
1126 3431 1182 3488 ἀπὸ

56 3525 99 3572 τοῦ
115 3519 262 3574 ὀκλᾶσθαι
276 3520 426 3588 (κλᾶσθαι)
440 3519 508 3572 Hes.
521 3518 652 3588 idemque
668 3525 808 3590 σκίμπους
823 3519 877 3573 dici
889 3518 994 3590 potuit,
1006 3536 1071 3572 nam
1084 3524 1184 3588 σκίιμαι

54 3614 81 3657 et
97 3604 218 3659 ὀκλάσαι
239 3622 400 3676 synonyma
418 3612 484 3658 suut
501 3605 570 3660 Hes.
606 3605 699 3675 Vulgo
718 3610 812 3658 autem
830 3605 884 3658 hoc
904 3603 1017 3658 nomine
1036 3622 1093 3658 non
1114 3603 1185 3658 sella

54 3691 188 3759 plicatilis
210 3692 381 3747 declaratur
397 3692 449 3744 sed
466 3693 599 3760 grabatus
618 3689 677 3744 sive
692 3690 782 3744 lectus
795 3689 915 3760 pedibus
928 3688 1079 3744 humilibus
1097 3689 1185 3744 varis·

55 3793 122 3846 (μσς
139 3783 290 3849 σκίμπους
304 3775 335 3830 κό
344 3775 441 3847 χωλὸν
454 3770 620 3847 κραββιίκιον
633 3774 710 3850 παρὰ
724 3772 754 3829 τὸ
768 3773 911 3846 σκαμβούς
923 3775 997 3846 ἔχειν
1009 3773 1071 3837 τοὺς
1082 3772 1184 3836 πόδας·

54 3860 218 3932 σκιμβύζειν
237 3860 297 3932 γὰρ
317 3860 349 3915 τὸ
363 3865 517 3932 χωλαίνειν
535 3861 601 3916 Soh.
618 3861 670 3914 Ar.
688 3861 782 3914 Nubb.
796 3863 856 3915 252.
887 3859 1019 3931 Synesius
1037 3868 1130 3916 tamen
1149 3863 1185 3917 de

54 3948 148 4019 Regn.
167 3968 197 4020 p.
216 3951 261 4004 23.
287 3949 326 4002 D.
349 3955 500 4017 utrumque
520 3965 623 4000 nomen
644 3946 792 4017 conjunxit
816 3951 870 4001 τῶν
890 3944 1055 4002 ἀκολούθων
1075 3949 1103 4000 ολ
1123 3947 1187 4020 σούς

51 4033 224 4106 χθαμαλοός
242 4035 470 4103 σκιμποδίοκους
487 4030 616 4093 ὀκλαδίας
633 4037 771 4104 φέροντες.
804 4031 884 4086 Haec
902 4041 995 4088 autem
1014 4031 1185 4088 conveniunt

57 4123 189 4192 eoquod
205 4120 403 4175 claudicantes
421 4112 589 4180 ὀκλαζόνιων
606 4116 730 4188 speciem
748 4120 896 4189 praebent.
929 4116 1083 4188 Scimporlii
1102 4135 1187 4186 syno-

55 4225 164 4275 nymon
183 4214 225 4260 est
241 4201 383 4273 ὀσκύντης
399 4204 458 4258 sire
475 4200 598 4270 σκάνθης
613 4204 733 4258 fortasse
748 4223 810 4258 cum
825 4208 926 4259 eodem
940 4203 1080 4274 adjectivo
1094 4219 1190 4278 σκαμ-

56 4287 104 4355 βός
120 4309 294 4345 connexum.
