2825 4809
128 369 188 454 ns
206 384 479 454 asarenam
498 383 560 452 nr
580 385 858 455 scaurum.
886 385 999 459 etv.
1017 387 1086 472 §.a
1114 391 1186 461 oss

83 595 191 650 σσιιες
211 568 311 638 αὐτὸν
332 607 372 620 -
396 571 556 639 ἐκάλεσαν
576 572 678 638 Paua.
693 571 773 638 Vll.
791 569 843 649 16,
857 571 890 636 3.
913 571 1080 655 quomodo
1101 571 1191 636 idem

85 673 159 738 dixit
177 677 350 756 περισσῶς
371 668 411 762 δή
432 697 463 740 ιι
484 673 582 740 Vlll.
600 673 631 738 9.
654 683 687 737 et
708 669 912 736 Themistius
930 672 990 737 Or.
1001 671 1104 737 XXI.
1114 673 1189 738 302.

83 775 154 861 (248
173 775 234 860 D.)
259 771 392 852 πάπως
414 771 455 862 δή
478 796 528 853 τι,
558 774 620 838 tria
645 783 754 838 autem
771 772 907 858 ‘reliqna
933 772 1033 859 vulgo
1056 771 1190 860 hyphen

83 875 196 963 scripta
223 884 300 940 sunt
327 873 390 940 hoo
420 875 568 961 graviore
596 875 723 942 ratione
748 873 827 959 qnia
849 873 1024 960 simplicia,
1053 873 1190 960 quibus·

83 967 150 1042 enm
172 975 354 1062 composita
375 975 478 1042 rideri
501 978 643 1064 possint,
665 999 734 1042 non
756 984 883 1050 extant3
910 996 986 1038 nam
1007 976 1089 1054 νέως
1109 977 1190 1040 ΕΜ.

81 1077 154 1156 600,
176 1069 229 1141 55.
258 1076 413 1148 ficticium
439 1088 506 1156 est,
539 1075 638 1164 ἱερῶς
665 1099 683 1143 ε
710 1077 799 1142 P1ue
822 1078 865 1145 V.
893 1077 977 1162 Lyo.
1000 1077 1053 1142 27.
1085 1097 1193 1166 nuper
1203 1091 1211 1111 ”

79 1187 248 1256 remotum,
272 1176 400 1264 δημίως
421 1198 555 1265 prorsus
577 1202 645 1245 non
667 1178 845 1265 cognitum.
890 1176 1052 1262 Syntheta
1073 1200 1191 1243 acoen-

79 1289 144 1344 tum
170 1279 412 1346 individuorum
435 1280 471 1344 in
496 1267 566 1348 ἶσεῖ
589 1289 787 1368 acceperunt
816 1278 894 1364 quia
922 1277 1004 1343 haee
1029 1277 1192 1343 infinitum

80 1391 232 1466 qnantum
261 1391 469 1468 exsuperant.
522 1383 617 1447 Haeo
645 1381 845 1470 agitantibus
874 1379 1015 1446 occurrit
1046 1379 1192 1446 adverbii

78 1480 297 1567 interrogatiri
330 1503 404 1548 eum
435 1481 552 1548 eodem
584 1483 779 1569 pronomine
810 1481 977 1569 copulatio
1007 1481 1060 1546 vel
1090 1481 1192 1546 inter·

77 1583 222 1670 rogativo
243 1583 295 1648 vel
316 1583 444 1649 infinito
468 1589 542 1660 πῶς
562 1587 597 1651 ιε’
615 1579 709 1650 τοῦτ’
734 1580 870 1672 εἴρηκας
891 1592 925 1670 et
944 1584 1020 1660 πῶς
1040 1607 1072 1649 σε
1094 1585 1193 1650 sciro

76 1685 179 1769 λέγεις
210 1685 244 1749 in
276 1684 425 1750 Platonis
457 1683 539 1750 locis
569 1684 656 1750 varis
690 1684 838 1770 scriptis,
869 1705 900 1747 v.
923 1680 1114 1749 Stallbamn.
1148 1684 1193 1747 ad

79 1784 180 1871 Soph.
200 1785 276 1850 261.
297 1783 338 1850 Ε.
362 1789 435 1862 πῶς
455 1809 487 1852 τι
510 1781 661 1869 θράσους
681 1783 800 1868 ἔχομεν
819 1783 907 1849 Plut.
920 1783 963 1852 V.
984 1781 1083 1849 Caes.
1097 1784 1192 1851 LIV.

77 1909 105 1950 v.
130 1885 303 1952 Heindorf.
336 1887 381 1950 ad
410 1886 517 1973 Hipp.
543 1886 626 1971 Maj.
661 1887 702 1950 Τ.
727 1884 755 1950 Ι.
785 1907 820 1972 p.
848 1884 919 1950 166.
955 1882 1120 1951 Sohaeier.
1149 1885 1194 1948 ad

74 1987 161 2052 Plut.
190 1987 266 2054 Vol.
289 1988 332 2054 V.
358 1987 431 2051 290.
479 1987 566 2051 Illud
592 1989 803 2054 Hermannus
831 1987 973 2074 praefert
1003 1985 1046 2050 ad
1076 1985 1192 2071 Antig.

73 2089 182 2154 Praei.
202 2111 236 2175 p.
248 2089 309 2156 Vl.
332 2089 620 2174 interrogationem
643 2089 808 2176 duplicem
828 2108 901 2154 esse
922 2098 1012 2152 ratus
1034 2087 1194 2172 asyndeto

72 2189 214 2255 vincam
236 2191 313 2273 quid
338 2192 416 2256 diris
439 2199 472 2266 et
494 2193 650 2274 quomodo
672 2194 751 2256 diris
779 2191 886 2256 idest
911 2211 977 2276 quo
1002 2199 1194 2275 argumento

74 2301 107 2358 et
130 2313 228 2378 quem
253 2291 427 2356 adfinem.
473 2291 569 2374 Quae
598 2290 777 2376 duplicatio
804 2313 883 2356 sane
910 2313 978 2356 non
1006 2290 1195 2377 inirequens

73 2390 186 2459 πόθεν
209 2390 474 2475 perterrente
499 2392 673 2477 παρθένοι
698 2391 811 2458 Nonn.
833 2391 862 2458 1.
886 2393 958 2459 118.
989 2390 1195 2475 ἐνθυμεῖσθε

73 2488 157 2558 ὅθεν
183 2482 220 2558 oi
241 2489 339 2578 διέβη
368 2493 466 2557 Dem.
495 2511 522 2557 o.
551 2492 711 2558 Aristocr.
733 2493 812 2570 673¹,
838 2494 889 2558 10.
915 2503 977 2559 etc.
1005 2513 1037 2557 v.
1066 2492 1110 2556 ad
1138 2492 1195 2576 Aj.

72 2613 107 2678 p.
119 2592 194 2656 484.
240 2591 309 2658 Sed
328 2591 407 2655 mihi
429 2601 467 2655 ut
488 2588 575 2660 oiim»
594 2619 628 2658 τι
649 2593 695 2658 εἰσ
719 2593 815 2658 etiam
836 2597 966 2670 πῶςσε
988 2591 1196 2657 scribendum

70 2692 212 2769 videtur,
235 2714 255 2755 a
270 2713 338 2776 quo
357 2691 563 2778 perpauilum
583 2693 738 2758 differunt
753 2693 814 2759 sub
830 2713 897 2758 uno
916 2703 1052 2758 accentu
1074 2685 1201 2779 scripta*

71 2787 263 2869 ὁπωςεισῦν
289 2801 323 2855 et
351 2787 513 2878 ὁπηεισῦν
545 2795 760 2877 canapium,
793 2816 879 2879 qnae
906 2792 1053 2859 Thomas
1083 2793 1197 2860 tribuit

68 2893 205 2958 Atticis.
248 2893 439 2969 Postremo,
464 2914 507 2957 ne
530 2893 610 2978 quid
631 2894 874 2971 obliviscamur,
902 2894 992 2960 idem
1012 2917 1196 2982 pronomen

68 2995 191 3062 leniter
219 2993 376 3059 inflexum
406 2990 614 3080 subjungitur
643 2995 798 3062 adverbio
828 2996 1022 3080 temporali3
1048 2996 1088 3062 τὸ
1110 2989 1196 3062 ὅπα

70 3095 181 3162 ἐνίοτε
208 3092 246 3161 ἐκ
273 3099 332 3162 τσῦ
358 3099 518 3181 περιττοῦ
544 3097 767 3179 consciuerat
788 3133 830 3147 -
850 3131 894 3144 --
918 3097 1059 3177 χελιδών
1080 3089 1194 3180 πηνίκ)

68 3189 161 3262 dioro
184 3194 342 3285 φαίνεται
363 3196 422 3262 καὶ
441 3188 577 3280 ὁπηνίκ’
601 3187 684 3262 ἅττα
705 3189 847 3263 aoncoir'
870 3189 1066 3280 ὀρχούμενοι
1082 3193 1196 3263 Schol.

65 3297 160 3362 Plat.
188 3296 264 3372 107,
295 3296 348 3361 37.
378 3296 455 3379 (371
482 3295 603 3379 Bell.)
637 3297 677 3362 τὸ
711 3288 794 3362 ὄπα
828 3289 959 3380 ἀλόγως
991 3290 1197 3381 παράκειται

66 3397 153 3466 seh.
169 3399 228 3462 Ar.
245 3398 329 3461 Avv.
346 3397 440 3462 1514.
476 3397 600 3463 Verum
621 3394 685 3460 hoc
706 3395 842 3460 missum
862 3395 1011 3461 iacimus.
1042 3391 1196 3476 uncta-

64 3500 171 3576 πλῶς
198 3497 260 3562 etsi
288 3507 475 3562 constanter
501 3497 561 3562 sub
591 3518 657 3561 uno
687 3508 823 3562 acoentn
848 3508 947 3583 atque
971 3497 1089 3584 spiritu
1115 3498 1196 3564 sera

63 3597 172 3674 bitur,
195 3608 304 3662 tamen
324 3621 390 3663 non
412 3597 557 3684 synthesi
580 3599 639 3664 sed
662 3599 830 3686 parathesi
844 3600 996 3683 junctum
1017 3621 1091 3665 esse
1113 3600 1200 3665 inter

64 3698 317 3766 Grammaticos
340 3698 492 3764 convenit
520 3721 550 3765 v.
571 3699 689 3765 Lehrs.
715 3699 758 3763 ad
778 3699 906 3765 Herod.
929 3722 963 3785 p.
985 3699 1038 3764 86.
1081 3700 1123 3764 In
1144 3699 1197 3765 hia

60 3800 176 3886 igitur
190 3800 364 3888 Apollonii
387 3800 523 3866 consilia
544 3822 611 3865 non
627 3821 831 3888 magnopere
851 3800 1083 3866 desideramus.
1127 3800 1199 3868 Sed

60 3901 192 3968 vellem
214 3901 338 3988 aliquid
361 3901 544 3966 addidisset
561 3901 604 3966 de
622 3902 773 3988 epallelia
789 3901 1081 3990 praepositionum,
1098 3923 1198 3987 quam

61 4002 256 4069 severiores
285 4000 458 4068 verborum
487 4011 655 4067 exactores
686 4003 744 4088 qui
771 4007 910 4088 obusqrte
937 4012 969 4067 et
997 4010 1106 4067 cetera
1131 4003 1197 4068 vir-

60 4105 155 4192 gula
175 4113 332 4170 notarunt
354 4103 515 4181 censoria,
542 4102 614 4189 pari
635 4101 767 4170 fastidio
788 4105 939 4190 rejiciunt
958 4113 994 4168 nt
1015 4104 1198 4193 Pompejus

60 4205 217 4272 XXIX.
239 4206 271 4283 3,
295 4203 369 4270 396.
391 4207 482 4280 duae,
511 4203 634 4288 inquit,
661 4210 912 4290 praepositione
935 4226 1002 4272 ooo
1021 4211 1199 4277 octonem.

58 4307 125 4372 De
164 4305 229 4371 hoe
261 4325 383 4391 genere
414 4327 498 4391 quae
530 4305 622 4391 apud
649 4305 832 4372 Homerum
863 4305 1017 4392 leguntur
1047 4301 1200 4395 ἀποπρό,
