2825 4809
106 335 168 407 DE
188 329 460 404 PARATHESI
477 329 539 401 ΕΤ
564 327 840 402 SCRIPTURA.
862 330 902 403 C.
916 332 980 402 111.
1003 334 1028 422 ξ.
1044 332 1076 403 6.
1099 338 1173 417 605

70 524 155 592 cobs.
177 522 220 588 ad
238 522 311 588 Ael.
334 545 367 609 p.
387 521 458 591 123.
479 519 539 586 sed
558 519 660 586 multo
682 519 882 607 frequentius
905 519 1066 591 introitis
1089 549 1174 610 quo-

68 627 164 692 modo
186 647 273 690 nuno
295 623 418 690 editum
444 633 493 688 est
515 633 547 688 et
567 635 654 689 recte
677 624 810 710 quidem
831 624 890 690 sed
906 625 1041 690 alterum
1061 649 1176 717 yereor

68 740 104 794 ut
118 730 191 814 jure
212 735 371 792 mutatum
391 726 448 802 sit3
470 749 547 790 nam
570 722 726 793 ἐπέκεινα
744 748 811 791 non
834 726 939 791 solnm
960 727 1013 793 hio
1038 737 1070 792 et
1093 731 1176 796 duo-

68 831 129 898 bus
150 830 220 894 aliis
241 827 391 894 Platonis
417 827 499 893 loeis
526 827 703 912 antiquitus
731 828 883 892 traditum
913 820 966 894 est
982 853 1013 894 ν.
1038 830 1177 898 Schnei-

70 933 136 1001 der.
165 933 209 997 ad
231 930 300 998 Oiv.
324 931 365 996 Τ.
385 927 441 995 ΙΙΙ.
471 955 504 1018 p.
527 929 598 995 169.
630 930 689 994 sed
716 931 812 995 etiam
841 929 938 995 lsocr.
966 931 1081 997 Antid.
1105 934 1178 1012 124,

68 1035 120 1099 41.
143 1034 257 1101 Galen.
284 1033 325 1098 de
346 1033 421 1098 Usu
441 1032 531 1098 Part.
552 1027 683 1100 XVs6.
706 1055 740 1118 p.
763 1031 835 1096 666.
856 1032 896 1097 Τ.
918 1031 974 1100 lV.
996 1033 1117 1099 Athen.
1134 1035 1179 1101 X.

69 1136 141 1206 390.
168 1137 208 1202 Β.
240 1145 272 1199 et
301 1135 392 1221 apud
419 1135 521 1212 alios,
548 1134 687 1220 ipseque
719 1132 889 1199 Bekkerus
914 1134 948 1198 in
973 1135 1110 1201 Aristot.
1140 1137 1182 1202 de

71 1238 164 1305 Sens.
182 1236 254 1304 Vll.
275 1237 349 1301 449.
374 1260 403 1302 a.
425 1235 477 1302 26.
499 1236 632 1302 retinuit
657 1232 813 1302 ἐπέκεινα
833 1247 990 1320 sequente
1012 1235 1070 1303 ε’πὶ
1090 1233 1181 1303 τάδε.

72 1337 157 1404 Cum
179 1338 235 1402 illo
258 1338 409 1424 congruit
429 1333 645 1424 ὑπερέκεινα,
679 1337 770 1422 quod
796 1337 941 1402 Thomas
962 1338 1081 1422 rejicit3
1109 1360 1183 1403 cum

71 1441 171 1504 altero
201 1438 397 1505 conferenda
425 1447 501 1502 sunt
523 1437 581 1506 ἐπὶ
602 1434 753 1524 θάτερα,
781 1433 839 1526 ἐφ)
870 1435 1010 1525 ἑκάτερα
1040 1434 1082 1504 et¹
1099 1463 1184 1524 quae

72 1530 175 1607 Plato
197 1541 364 1628 copulavit
390 1539 575 1626 Hipparoh.
599 1540 672 1605 229.
695 1540 738 1604 Α.
770 1534 827 1605 ἐπ’
857 1533 1015 1626 ἀριστερὰ
1040 1541 1099 1607 καὶ
1125 1540 1186 1608 ἐπὶ

73 1637 179 1722 δεξιοί,
202 1644 292 1728 quod
313 1642 435 1708 librarii
452 1642 486 1707 in
510 1643 617 1728 Orph.
634 1644 717 1726 Arg.
732 1641 823 1707 1217.
848 1657 880 1706 et
901 1641 978 1707 alibi
1000 1664 1074 1707 oum
1096 1665 1186 1709 com-

72 1745 183 1831 posito
214 1743 372 1824 ἐπιδέξια
403 1744 620 1810 confuderunt
650 1767 680 1808 v.
710 1742 900 1809 Schneider.
924 1743 966 1807 ad
994 1742 1065 1810 civ.
1099 1744 1139 1809 T.
1162 1741 1187 1809 l.

72 1847 146 1913 336.
191 1846 249 1911 Ad
272 1847 394 1912 exitum
418 1845 644 1912 festinantibus
673 1843 842 1934 paululum
869 1868 979 1910 morae
1004 1845 1107 1930 injicit
1128 1845 1187 1910 ad-

72 1948 217 2014 verbiale
238 1944 322 2037 πυρ’
349 1943 442 2027 αὐτοί,
468 1948 557 2034 quod
579 1948 754 2035 scriptores
777 1947 933 2013 tenuioris
954 1946 1077 2012 ordinis
1094 1971 1188 2012 usur·

67 2062 155 2139 pant
177 2074 236 2138 pro
259 2047 463 2137 παραυτίκα,
486 2051 585 2115 modo
611 2051 658 2116 sic
681 2050 838 2140 scriptum
861 2053 1042 2118 Herodian.
1054 2053 1119 2118 III.
1140 2054 1208 2132 11,'

41 2137 291 2240 '17.(p.74‚
321 2151 482 2237 rnen.)
504 2152 641 2218 mssa
675 2155 716 2220 ne
744 2154 878 2219 unetos.
908 2155 949 2219 r.
980 2154 1027 2219 n.
1054 2155 1107 2220 49.
1138 2156 1190 2242 (p.

71 2257 119 2322 64
146 2255 267 2341 Dind.)
301 2255 458 2341 Apollon.
489 2255 577 2319 Hist.
599 2255 664 2320 XI.
688 2256 787 2321 modo
819 2255 953 2343 hyphen
977 2265 1113 2322 accentu
1140 2258 1192 2323 vel

72 2361 110 2424 in
133 2359 248 2424 ultima
268 2357 316 2422 uti
343 2379 402 2444 par
431 2367 480 2424 est
510 2355 619 2444 posito
651 2355 761 2423 Schol.
793 2357 861 2423 Od.
886 2358 983 2425 XVI.
1014 2359 1085 2424 148.
1115 2355 1207 2426 Sch.x

71 2461 231 2529 Phoenn.
254 2459 327 2526 913.
350 2461 440 2544 quod
462 2456 667 2528 Jacobitzius
684 2459 1090 2527 ascivitLuoian.Amorr.
1102 2465 1127 2547 6.
1140 2463 1193 2540 33.

71 2561 279 2629 variantibus
308 2560 415 2640 libris,
443 2560 494 2626 vel
519 2559 554 2624 in
576 2560 831 2646 antepenultima
857 2559 1017 2646 πάραυτα
1039 2586 1070 2627 v.
1093 2561 1194 2629 Thes.

73 2678 147 2753 quo
177 2687 258 2730 sono
281 2663 362 2728 illud
393 2663 491 2729 hodie
518 2655 624 2727 notari
650 2672 763 2729 auctor
792 2672 842 2728 est
866 2661 989 2728 Ooraes
1020 2665 1120 2728 Atact
1148 2665 1195 2732 11.

70 2770 155 2835 419.
199 2768 329 2833 Eodem
350 2767 449 2832 modo
473 2787 525 2852 ap.
555 2761 701 2850 Hesych.
733 2763 890 2851 scriptum
916 2763 1036 2850 legitur
1047 2757 1197 2834 ’Ἀναυια

76 2875 288 2958 Ταραντῖνοι
308 2869 346 2937 τὸ
370 2871 583 2955 παραχρῆμα,
607 2866 700 2932 aliter
720 2887 796 2932 vero
824 2861 999 2953 Περιαυτά
1028 2890 1103 2944 πως
1126 2857 1198 2933 οἷον

73 2968 179 3060 ἐγγύς
199 2971 258 3038 καὶ
280 2968 374 3059 παρὰ
396 2966 515 3056 μικρόν
529 2968 631 3035 Phot.
655 2970 747 3055 cujus
768 2969 892 3035 fontem
912 2968 1040 3055 ignoro.
1080 2961 1198 3048 Ἐξαν-

71 3083 141 3166 τῆς
163 3071 354 3162 παραυτίκα
378 3071 461 3137 Hes.
484 3073 594 3160 paullo
619 3083 693 3138 ante
714 3073 931 3158 disceptatum
953 3080 1012 3135 est.

170 3174 440 3262 Praepositiones
463 3195 536 3240 oum
557 3173 664 3242 verbis
686 3197 747 3262 per
768 3172 938 3259 synthesin
967 3167 1121 3259 componi
1148 3190 1199 3236 res

76 3283 259 3348 decantata
281 3289 339 3344 est.
384 3278 452 3345 Sed
475 3276 503 3343 si
525 3275 572 3342 sio
593 3277 784 3365 compositis
808 3274 871 3340 alia
898 3275 1115 3363 interponitur
1140 3296 1200 3338 vo·

74 3383 178 3461 cula,
208 3381 330 3446 librarii
361 3381 520 3445 fluctuant
550 3395 637 3444 nunc
668 3372 740 3448 ἄνι’
770 3371 806 3444 εὖ
834 3374 989 3442 πείσεται
1023 3372 1201 3441 scribentes

71 3507 176 3552 nunc
204 3475 241 3550 εὗ
268 3478 452 3570 ποιήσουσι
480 3479 538 3547 καὶ
566 3474 838 3548 ἆνιευπείσονιαι
865 3476 984 3542 Liban.
1009 3476 1105 3544 Decl.
1127 3477 1202 3543 246.

75 3589 128 3655 Τ.
156 3585 222 3651 ΠΙ.
250 3579 560 3659 συνευπεπονθόπες
583 3581 681 3649 Dem.
706 3582 795 3668 quod
817 3579 1013 3648 Schaelerus
1039 3578 1205 3669 improbat

72 3695 182 3781 App.
198 3688 225 3754 Ι.
242 3686 315 3754 536.
357 3683 445 3750 Mihi
467 3683 546 3754 satis
569 3693 751 3772 spectatum
772 3693 822 3749 est
840 3681 1013 3748 Platonem
1035 3682 1206 3769 scripsisse

76 3779 137 3859 sic
162 3801 200 3856 ut
225 3789 323 3875 vulgo
352 3787 471 3872 legitur
499 3807 559 3872 per
585 3785 791 3872 hyperbaton
820 3809 880 3873 pro
910 3780 945 3852 εὖ
975 3779 1206 3850 ἄνειπείσειαι

74 3907 124 3962 ut
148 3887 345 3962 ἇνιέπαθον
366 3891 477 3966 κακῶς
498 3884 657 3954 Themist.
683 3888 743 3954 Or.
765 3888 845 3956 Vll.
869 3886 920 3952 98.
942 3883 987 3952 D.
1008 3877 1043 3951 εὖ
1064 3907 1205 3969 προπα-

73 3991 164 4066 θεόν
186 3991 306 4059 Liban.
326 3989 398 4058 231.
422 3987 463 4056 Τ.
479 3987 544 4056 ΠΙ.
588 3989 643 4056 Ab
665 3985 717 4055 his
737 3989 923 4057 notabiliter
945 3987 1054 4052 differt
1073 3983 1208 4070 Thucy-

77 4099 229 4166 dideum
249 4093 295 4183 μὴ
319 4093 378 4162 οὐν
398 4095 511 4169 κακῶς
532 4099 644 4158 ποιεῖν
665 4089 752 4160 ἀλλὰ
772 4091 1041 4177 συνελευθεροῦν·
1063 4108 1207 4174 proquo

77 4203 206 4277 κακῶς
230 4199 408 4282 συμποιεῖν
438 4191 503 4258 dici
529 4213 597 4259 non
620 4203 749 4281 poterat
777 4191 854 4280 quia
874 4190 970 4279 hujus
992 4187 1083 4256 verbi
1110 4189 1210 4276 longe

78 4303 177 4371 alius
207 4310 258 4370 est
284 4295 476 4366 intellectus.
522 4295 634 4380 Quare
664 4306 721 4362 aut
750 4298 1007 4385 συγκακοποιεῖν
1037 4290 1211 4362 dicendum
