<?xml version="1.0" encoding="UTF-8"?>
<!DOCTYPE html PUBLIC "-//W3C//DTD XHTML 1.0 Transitional//EN"
    "http://www.w3.org/TR/xhtml1/DTD/xhtml1-transitional.dtd">
<html xmlns="http://www.w3.org/1999/xhtml" xml:lang="en" lang="en">
 <head>
  <title>
</title>
<meta http-equiv="Content-Type" content="text/html;charset=utf-8" />
  <meta name='ocr-system' content='tesseract 3.04.00' />
  <meta name='ocr-capabilities' content='ocr_page ocr_carea ocr_par ocr_line ocrx_word'/>
</head>
<body>
  <div class='ocr_page' id='page_1' title='image "./pathologiaegrae01lobegoog/pathologiaegrae01lobegoog_0620.png"; bbox 0 0 2825 4809; ppageno 0'>
   <div class='ocr_carea' id='block_1_1' title="bbox 265 308 1028 421">
    <p class='ocr_par' dir='ltr' id='par_1_1' title="bbox 265 308 1028 421">
     <span class='ocr_line' id='line_1_1' title="bbox 265 308 1028 421; baseline -0.01 -4"><span class='ocrx_word' id='word_1_1' title='bbox 265 345 340 417; x_wconf 80' lang='lat' dir='ltr'>oro</span> <span class='ocrx_word' id='word_1_2' title='bbox 616 308 938 421; x_wconf 67' lang='lat' dir='ltr'>orssnmrrc</span> <span class='ocrx_word' id='word_1_3' title='bbox 967 342 1028 414; x_wconf 85' lang='lat' dir='ltr'>rr.</span> 
     </span>
    </p>
   </div>
   <div class='ocr_carea' id='block_1_2' title="bbox 243 522 1378 3356">
    <p class='ocr_par' dir='ltr' id='par_1_2' title="bbox 244 522 1378 3152">
     <span class='ocr_line' id='line_1_2' title="bbox 262 522 1326 619; baseline 0.005 -25"><span class='ocrx_word' id='word_1_4' title='bbox 262 527 461 594; x_wconf 80' lang='lat' dir='ltr'>minoraris</span> <span class='ocrx_word' id='word_1_5' title='bbox 482 522 688 592; x_wconf 78' lang='lat' dir='ltr'>declarantur</span> <span class='ocrx_word' id='word_1_6' title='bbox 708 529 923 594; x_wconf 87' lang='lat' dir='ltr'>instrumenta</span> <span class='ocrx_word' id='word_1_7' title='bbox 951 527 1121 615; x_wconf 82' lang='lat' dir='ltr'>plumbea3</span> <span class='ocrx_word' id='word_1_8' title='bbox 1148 532 1263 618; x_wconf 86' lang='lat' dir='ltr'>primum</span> <span class='ocrx_word' id='word_1_9' title='bbox 1283 565 1326 619; x_wconf 80' lang='lat' dir='ltr'>po·</span> 
     </span>
     <span class='ocr_line' id='line_1_3' title="bbox 263 626 1369 723; baseline 0.008 -27"><span class='ocrx_word' id='word_1_10' title='bbox 263 628 426 714; x_wconf 74' lang='grc' dir='ltr'><em>λύβοαινο</em></span> <span class='ocrx_word' id='word_1_11' title='bbox 447 629 487 694; x_wconf 93' lang='lat' dir='ltr'>Il.</span> <span class='ocrx_word' id='word_1_12' title='bbox 504 628 640 697; x_wconf 84' lang='lat' dir='ltr'>XXIV.</span> <span class='ocrx_word' id='word_1_13' title='bbox 657 629 709 695; x_wconf 88' lang='grc'>80.</span> <span class='ocrx_word' id='word_1_14' title='bbox 731 651 832 716; x_wconf 87' lang='lat' dir='ltr'>quam</span> <span class='ocrx_word' id='word_1_15' title='bbox 843 626 954 700; x_wconf 80' lang='lat' dir='ltr'>Sahal.</span> <span class='ocrx_word' id='word_1_16' title='bbox 977 629 1098 715; x_wconf 70' lang='grc' dir='ltr'><em>βολίοα</em></span> <span class='ocrx_word' id='word_1_17' title='bbox 1118 645 1215 711; x_wconf 85' lang='lat' dir='ltr'>vocat,</span> <span class='ocrx_word' id='word_1_18' title='bbox 1232 635 1283 702; x_wconf 88' lang='lat' dir='ltr'>hoo</span> <span class='ocrx_word' id='word_1_19' title='bbox 1296 651 1329 705; x_wconf 82' lang='lat' dir='ltr'>ert</span> <span class='ocrx_word' id='word_1_20' title='bbox 1368 712 1369 723; x_wconf 19' lang='lat' dir='ltr'>p</span> 
     </span>
     <span class='ocr_line' id='line_1_4' title="bbox 262 730 1328 822; baseline 0.008 -26"><span class='ocrx_word' id='word_1_21' title='bbox 262 731 419 818; x_wconf 81' lang='lat' dir='ltr'><strong>glandula</strong></span> <span class='ocrx_word' id='word_1_22' title='bbox 448 730 618 818; x_wconf 86' lang='lat' dir='ltr'>plumbea,</span> <span class='ocrx_word' id='word_1_23' title='bbox 648 750 834 816; x_wconf 86' lang='lat' dir='ltr'>quaecum</span> <span class='ocrx_word' id='word_1_24' title='bbox 865 731 962 796; x_wconf 89' lang='lat' dir='ltr'>hamo</span> <span class='ocrx_word' id='word_1_25' title='bbox 990 731 1026 796; x_wconf 91' lang='lat' dir='ltr'>in</span> <span class='ocrx_word' id='word_1_26' title='bbox 1057 753 1168 818; x_wconf 84' lang='lat' dir='ltr'>aquam</span> <span class='ocrx_word' id='word_1_27' title='bbox 1193 739 1328 822; x_wconf 77' lang='lat' dir='ltr'><strong>projicitur,</strong></span> 
     </span>
     <span class='ocr_line' id='line_1_5' title="bbox 261 831 1331 920; baseline 0.007 -22"><span class='ocrx_word' id='word_1_28' title='bbox 261 843 331 898; x_wconf 88' lang='lat' dir='ltr'>tum</span> <span class='ocrx_word' id='word_1_29' title='bbox 359 832 547 918; x_wconf 87' lang='lat' dir='ltr'>catapirata,</span> <span class='ocrx_word' id='word_1_30' title='bbox 569 841 635 918; x_wconf 83' lang='lat' dir='ltr'>quo</span> <span class='ocrx_word' id='word_1_31' title='bbox 657 833 755 898; x_wconf 86' lang='lat' dir='ltr'>maris</span> <span class='ocrx_word' id='word_1_32' title='bbox 778 831 916 900; x_wconf 78' lang='lat' dir='ltr'>altitudo</span> <span class='ocrx_word' id='word_1_33' title='bbox 936 842 1087 912; x_wconf 82' lang='lat' dir='ltr'>tentatur,</span> <span class='ocrx_word' id='word_1_34' title='bbox 1110 837 1270 920; x_wconf 83' lang='lat' dir='ltr'>germanico</span> <span class='ocrx_word' id='word_1_35' title='bbox 1288 865 1331 906; x_wconf 89' lang='lat' dir='ltr'>no-</span> 
     </span>
     <span class='ocr_line' id='line_1_6' title="bbox 260 933 1378 1024; baseline 0.005 -25"><span class='ocrx_word' id='word_1_36' title='bbox 260 933 349 999; x_wconf 89' lang='lat' dir='ltr'>mine</span> <span class='ocrx_word' id='word_1_37' title='bbox 370 933 525 1009; x_wconf 82' lang='lat' dir='ltr'>Senltblei,</span> <span class='ocrx_word' id='word_1_38' title='bbox 553 933 664 999; x_wconf 86' lang='lat' dir='ltr'>italico</span> <span class='ocrx_word' id='word_1_39' title='bbox 687 937 870 1018; x_wconf 70' lang='lat' dir='ltr'>plumbino,</span> <span class='ocrx_word' id='word_1_40' title='bbox 903 944 936 1000; x_wconf 89' lang='lat' dir='ltr'>et</span> <span class='ocrx_word' id='word_1_41' title='bbox 963 933 1051 1023; x_wconf 89' lang='lat' dir='ltr'>pilae</span> <span class='ocrx_word' id='word_1_42' title='bbox 1078 935 1248 1022; x_wconf 79' lang='lat' dir='ltr'>plumbeae,</span> <span class='ocrx_word' id='word_1_43' title='bbox 1272 963 1330 1024; x_wconf 83' lang='lat' dir='ltr'>quor</span> <span class='ocrx_word' id='word_1_44' title='bbox 1377 997 1378 1014; x_wconf 66' lang='grc'>,</span> 
     </span>
     <span class='ocr_line' id='line_1_7' title="bbox 259 1034 1331 1122; baseline 0.007 -21"><span class='ocrx_word' id='word_1_45' title='bbox 259 1036 378 1101; x_wconf 88' lang='lat' dir='ltr'>milites</span> <span class='ocrx_word' id='word_1_46' title='bbox 398 1035 433 1099; x_wconf 89' lang='lat' dir='ltr'>in</span> <span class='ocrx_word' id='word_1_47' title='bbox 451 1034 564 1100; x_wconf 84' lang='lat' dir='ltr'>hostes</span> <span class='ocrx_word' id='word_1_48' title='bbox 580 1036 783 1120; x_wconf 85' lang='lat' dir='ltr'>jaculantur,</span> <span class='ocrx_word' id='word_1_49' title='bbox 805 1057 923 1120; x_wconf 78' lang='lat' dir='ltr'>graece</span> <span class='ocrx_word' id='word_1_50' title='bbox 944 1034 1179 1122; x_wconf 61' lang='lat' dir='ltr'>prolapsorum</span> <span class='ocrx_word' id='word_1_51' title='bbox 1193 1040 1331 1108; x_wconf 79' lang='lat' dir='ltr'>dictaellr</span> 
     </span>
     <span class='ocr_line' id='line_1_8' title="bbox 260 1135 1332 1224; baseline 0.003 -19"><span class='ocrx_word' id='word_1_52' title='bbox 260 1137 367 1224; x_wconf 82' lang='lat' dir='ltr'>Gang.</span> <span class='ocrx_word' id='word_1_53' title='bbox 411 1137 500 1202; x_wconf 88' lang='lat' dir='ltr'>Hine</span> <span class='ocrx_word' id='word_1_54' title='bbox 526 1135 627 1222; x_wconf 84' lang='lat' dir='ltr'>igitur</span> <span class='ocrx_word' id='word_1_55' title='bbox 656 1137 728 1214; x_wconf 89' lang='lat' dir='ltr'>ille,</span> <span class='ocrx_word' id='word_1_56' title='bbox 758 1137 894 1222; x_wconf 77' lang='lat' dir='ltr'>siquid</span> <span class='ocrx_word' id='word_1_57' title='bbox 921 1137 1036 1214; x_wconf 86' lang='lat' dir='ltr'>video,</span> <span class='ocrx_word' id='word_1_58' title='bbox 1062 1138 1264 1223; x_wconf 84' lang='lat' dir='ltr'>conjecturam</span> <span class='ocrx_word' id='word_1_59' title='bbox 1279 1143 1332 1208; x_wconf 85' lang='lat' dir='ltr'>lecit</span> 
     </span>
     <span class='ocr_line' id='line_1_9' title="bbox 258 1235 1378 1326; baseline 0.001 -20"><span class='ocrx_word' id='word_1_60' title='bbox 258 1259 367 1306; x_wconf 85' lang='lat' dir='ltr'>veram</span> <span class='ocrx_word' id='word_1_61' title='bbox 389 1237 530 1303; x_wconf 92' lang='lat' dir='ltr'>nominis</span> <span class='ocrx_word' id='word_1_62' title='bbox 554 1239 747 1326; x_wconf 77' lang='lat' dir='ltr'><strong>scripturam</strong></span> <span class='ocrx_word' id='word_1_63' title='bbox 769 1259 842 1303; x_wconf 88' lang='lat' dir='ltr'>esse</span> <span class='ocrx_word' id='word_1_64' title='bbox 863 1235 1056 1321; x_wconf 65' lang='lat' dir='ltr'>deleuerat</span> <span class='ocrx_word' id='word_1_65' title='bbox 1073 1263 1094 1304; x_wconf 86' lang='lat' dir='ltr'>a</span> <span class='ocrx_word' id='word_1_66' title='bbox 1110 1239 1335 1325; x_wconf 80' lang='grc' dir='ltr'><em>λόοοςλόοιμος</em></span> <span class='ocrx_word' id='word_1_67' title='bbox 1377 1273 1378 1320; x_wconf 54' lang='lat' dir='ltr'>p</span> 
     </span>
     <span class='ocr_line' id='line_1_10' title="bbox 257 1338 1333 1429; baseline 0.003 -24"><span class='ocrx_word' id='word_1_68' title='bbox 257 1341 458 1429; x_wconf 85' lang='lat' dir='ltr'>proprieque</span> <span class='ocrx_word' id='word_1_69' title='bbox 475 1343 636 1424; x_wconf 77' lang='lat' dir='ltr'>jaculum,</span> <span class='ocrx_word' id='word_1_70' title='bbox 661 1342 779 1406; x_wconf 72' lang='lat' dir='ltr'>micale</span> <span class='ocrx_word' id='word_1_71' title='bbox 800 1338 995 1425; x_wconf 84' lang='lat' dir='ltr'>significare.</span> <span class='ocrx_word' id='word_1_72' title='bbox 1038 1342 1159 1408; x_wconf 83' lang='lat' dir='ltr'>Veram</span> <span class='ocrx_word' id='word_1_73' title='bbox 1176 1353 1269 1406; x_wconf 88' lang='lat' dir='ltr'>tamen</span> <span class='ocrx_word' id='word_1_74' title='bbox 1283 1365 1333 1408; x_wconf 84' lang='lat' dir='ltr'>esso</span> 
     </span>
     <span class='ocr_line' id='line_1_11' title="bbox 258 1437 1332 1528; baseline 0.004 -22"><span class='ocrx_word' id='word_1_75' title='bbox 258 1442 341 1508; x_wconf 87' lang='lat' dir='ltr'>hanc</span> <span class='ocrx_word' id='word_1_76' title='bbox 361 1441 567 1506; x_wconf 89' lang='lat' dir='ltr'>notationem</span> <span class='ocrx_word' id='word_1_77' title='bbox 586 1441 718 1507; x_wconf 88' lang='lat' dir='ltr'>minime</span> <span class='ocrx_word' id='word_1_78' title='bbox 741 1441 917 1527; x_wconf 78' lang='lat' dir='ltr'>persuadet</span> <span class='ocrx_word' id='word_1_79' title='bbox 934 1442 995 1506; x_wconf 86' lang='lat' dir='ltr'>sed</span> <span class='ocrx_word' id='word_1_80' title='bbox 1009 1437 1186 1528; x_wconf 80' lang='grc' dir='ltr'><em>μόλιβδος,</em></span> <span class='ocrx_word' id='word_1_81' title='bbox 1211 1443 1235 1508; x_wconf 91' lang='lat' dir='ltr'>si</span> <span class='ocrx_word' id='word_1_82' title='bbox 1254 1443 1332 1510; x_wconf 88' lang='lat' dir='ltr'>hario-</span> 
     </span>
     <span class='ocr_line' id='line_1_12' title="bbox 255 1539 1378 1629; baseline 0.004 -21"><span class='ocrx_word' id='word_1_83' title='bbox 255 1543 317 1609; x_wconf 87' lang='lat' dir='ltr'>lari</span> <span class='ocrx_word' id='word_1_84' title='bbox 337 1553 446 1620; x_wconf 88' lang='lat' dir='ltr'>vacat,</span> <span class='ocrx_word' id='word_1_85' title='bbox 468 1541 536 1606; x_wconf 83' lang='lat' dir='ltr'>sire</span> <span class='ocrx_word' id='word_1_86' title='bbox 559 1539 730 1625; x_wconf 78' lang='grc' dir='ltr'><strong><em>μόλυβδος</em></strong></span> <span class='ocrx_word' id='word_1_87' title='bbox 751 1543 862 1628; x_wconf 87' lang='lat' dir='ltr'>potius</span> <span class='ocrx_word' id='word_1_88' title='bbox 878 1563 954 1607; x_wconf 85' lang='lat' dir='ltr'>oum</span> <span class='ocrx_word' id='word_1_89' title='bbox 972 1545 1076 1610; x_wconf 82' lang='lat' dir='ltr'>mollia</span> <span class='ocrx_word' id='word_1_90' title='bbox 1094 1545 1206 1624; x_wconf 76' lang='grc' dir='ltr'><em>μῶλος</em></span> <span class='ocrx_word' id='word_1_91' title='bbox 1220 1545 1332 1629; x_wconf 80' lang='grc' dir='ltr'><em>μαλακός</em></span> <span class='ocrx_word' id='word_1_92' title='bbox 1377 1593 1378 1626; x_wconf 48' lang='lat' dir='ltr'>r</span> 
     </span>
     <span class='ocr_line' id='line_1_13' title="bbox 256 1640 1333 1734; baseline 0.001 -23"><span class='ocrx_word' id='word_1_93' title='bbox 256 1645 418 1711; x_wconf 81' lang='lat' dir='ltr'>cohaeret.</span> <span class='ocrx_word' id='word_1_94' title='bbox 461 1644 617 1708; x_wconf 86' lang='lat' dir='ltr'>Fluetnat</span> <span class='ocrx_word' id='word_1_95' title='bbox 643 1642 734 1707; x_wconf 87' lang='lat' dir='ltr'>urbis</span> <span class='ocrx_word' id='word_1_96' title='bbox 760 1643 908 1729; x_wconf 77' lang='lat' dir='ltr'>Libycae</span> <span class='ocrx_word' id='word_1_97' title='bbox 934 1665 1054 1710; x_wconf 85' lang='lat' dir='ltr'>nomen</span> <span class='ocrx_word' id='word_1_98' title='bbox 1080 1640 1100 1732; x_wconf 85' lang='grc' dir='ltr'><strong><em>ἡ</em></strong></span> <span class='ocrx_word' id='word_1_99' title='bbox 1137 1641 1265 1734; x_wconf 78' lang='grc' dir='ltr'><em>Τονάοη</em></span> <span class='ocrx_word' id='word_1_100' title='bbox 1286 1648 1333 1712; x_wconf 89' lang='lat' dir='ltr'>Dio</span> 
     </span>
     <span class='ocr_line' id='line_1_14' title="bbox 255 1740 1378 1838; baseline 0 -26"><span class='ocrx_word' id='word_1_101' title='bbox 255 1744 351 1812; x_wconf 83' lang='lat' dir='ltr'>Cass.</span> <span class='ocrx_word' id='word_1_102' title='bbox 373 1746 466 1813; x_wconf 86' lang='lat' dir='ltr'><strong>LIV.</strong></span> <span class='ocrx_word' id='word_1_103' title='bbox 488 1745 519 1809; x_wconf 82' lang='lat' dir='ltr'>h.</span> <span class='ocrx_word' id='word_1_104' title='bbox 543 1755 576 1809; x_wconf 86' lang='lat' dir='ltr'>et</span> <span class='ocrx_word' id='word_1_105' title='bbox 594 1743 636 1810; x_wconf 76' lang='lat' dir='ltr'>adr</span> <span class='ocrx_word' id='word_1_106' title='bbox 659 1740 812 1811; x_wconf 77' lang='grc' dir='ltr'><em>Νάπατο</em></span> <span class='ocrx_word' id='word_1_107' title='bbox 834 1743 941 1813; x_wconf 85' lang='lat' dir='ltr'>Strab.</span> <span class='ocrx_word' id='word_1_108' title='bbox 965 1744 1081 1831; x_wconf 85' lang='lat' dir='ltr'>Steph.</span> <span class='ocrx_word' id='word_1_109' title='bbox 1104 1747 1148 1810; x_wconf 89' lang='lat' dir='ltr'>In</span> <span class='ocrx_word' id='word_1_110' title='bbox 1170 1748 1250 1812; x_wconf 82' lang='lat' dir='ltr'>exitu</span> <span class='ocrx_word' id='word_1_111' title='bbox 1266 1747 1332 1831; x_wconf 86' lang='lat' dir='ltr'>hujus</span> <span class='ocrx_word' id='word_1_112' title='bbox 1377 1753 1378 1838; x_wconf 77' lang='lat' dir='ltr'>l</span> 
     </span>
     <span class='ocr_line' id='line_1_15' title="bbox 253 1843 1378 1932; baseline 0.001 -19"><span class='ocrx_word' id='word_1_113' title='bbox 253 1848 319 1913; x_wconf 89' lang='lat' dir='ltr'>loci</span> <span class='ocrx_word' id='word_1_114' title='bbox 341 1848 407 1913; x_wconf 90' lang='lat' dir='ltr'>duo</span> <span class='ocrx_word' id='word_1_115' title='bbox 431 1847 563 1912; x_wconf 85' lang='lat' dir='ltr'>afferam</span> <span class='ocrx_word' id='word_1_116' title='bbox 585 1869 671 1932; x_wconf 86' lang='lat' dir='ltr'>quae</span> <span class='ocrx_word' id='word_1_117' title='bbox 692 1843 774 1910; x_wconf 88' lang='lat' dir='ltr'>nulli</span> <span class='ocrx_word' id='word_1_118' title='bbox 795 1847 967 1911; x_wconf 90' lang='lat' dir='ltr'>allatorum</span> <span class='ocrx_word' id='word_1_119' title='bbox 988 1847 1135 1932; x_wconf 78' lang='lat' dir='ltr'>perfecte</span> <span class='ocrx_word' id='word_1_120' title='bbox 1155 1847 1263 1912; x_wconf 78' lang='lat' dir='ltr'>similia</span> <span class='ocrx_word' id='word_1_121' title='bbox 1275 1860 1335 1925; x_wconf 77' lang='lat' dir='ltr'>sunt,</span> <span class='ocrx_word' id='word_1_122' title='bbox 1377 1845 1378 1928; x_wconf 46' lang='lat'>3</span> 
     </span>
     <span class='ocr_line' id='line_1_16' title="bbox 253 1946 1378 2026; baseline 0 -12"><span class='ocrx_word' id='word_1_123' title='bbox 253 1971 355 2014; x_wconf 90' lang='lat' dir='ltr'>unum</span> <span class='ocrx_word' id='word_1_124' title='bbox 384 1949 577 2026; x_wconf 84' lang='lat' dir='ltr'>derivatum,</span> <span class='ocrx_word' id='word_1_125' title='bbox 607 1950 743 2013; x_wconf 81' lang='lat' dir='ltr'>alterum</span> <span class='ocrx_word' id='word_1_126' title='bbox 771 1948 977 2014; x_wconf 88' lang='lat' dir='ltr'>declinatum.</span> <span class='ocrx_word' id='word_1_127' title='bbox 1030 1947 1119 2012; x_wconf 89' lang='lat' dir='ltr'>Illud</span> <span class='ocrx_word' id='word_1_128' title='bbox 1143 1958 1192 2014; x_wconf 87' lang='lat' dir='ltr'>est</span> <span class='ocrx_word' id='word_1_129' title='bbox 1213 1946 1333 2015; x_wconf 75' lang='grc' dir='ltr'><em>τάλαντον</em></span> <span class='ocrx_word' id='word_1_130' title='bbox 1377 1971 1378 2024; x_wconf 72' lang='lat'>3</span> 
     </span>
     <span class='ocr_line' id='line_1_17' title="bbox 254 2047 1378 2137; baseline -0.002 -21"><span class='ocrx_word' id='word_1_131' title='bbox 254 2059 287 2116; x_wconf 88' lang='lat' dir='ltr'>et</span> <span class='ocrx_word' id='word_1_132' title='bbox 307 2052 508 2132; x_wconf 80' lang='grc' dir='ltr'><em>τονταλίζω,</em></span> <span class='ocrx_word' id='word_1_133' title='bbox 538 2051 573 2114; x_wconf 91' lang='lat' dir='ltr'>in</span> <span class='ocrx_word' id='word_1_134' title='bbox 595 2073 661 2136; x_wconf 90' lang='lat' dir='ltr'>quo</span> <span class='ocrx_word' id='word_1_135' title='bbox 684 2047 808 2137; x_wconf 85' lang='lat' dir='ltr'>duplex</span> <span class='ocrx_word' id='word_1_136' title='bbox 830 2051 972 2116; x_wconf 88' lang='lat' dir='ltr'>cernitur</span> <span class='ocrx_word' id='word_1_137' title='bbox 992 2048 1216 2136; x_wconf 80' lang='lat' dir='ltr'>hyperthesis,</span> <span class='ocrx_word' id='word_1_138' title='bbox 1243 2073 1296 2114; x_wconf 91' lang='lat' dir='ltr'>una</span> <span class='ocrx_word' id='word_1_139' title='bbox 1309 2051 1337 2114; x_wconf 91' lang='lat' dir='ltr'>li·</span> <span class='ocrx_word' id='word_1_140' title='bbox 1377 2065 1378 2074; x_wconf 57' lang='lat'>¹</span> 
     </span>
     <span class='ocr_line' id='line_1_18' title="bbox 252 2141 1378 2240; baseline 0 -23"><span class='ocrx_word' id='word_1_141' title='bbox 252 2163 340 2218; x_wconf 82' lang='lat' dir='ltr'>terae</span> <span class='ocrx_word' id='word_1_142' title='bbox 366 2141 399 2232; x_wconf 62' lang='lat' dir='ltr'>rs,</span> <span class='ocrx_word' id='word_1_143' title='bbox 423 2151 563 2238; x_wconf 89' lang='lat' dir='ltr'>quaein</span> <span class='ocrx_word' id='word_1_144' title='bbox 586 2152 750 2239; x_wconf 84' lang='lat' dir='ltr'>primitivo</span> <span class='ocrx_word' id='word_1_145' title='bbox 774 2153 911 2240; x_wconf 90' lang='lat' dir='ltr'>primam</span> <span class='ocrx_word' id='word_1_146' title='bbox 933 2151 1091 2236; x_wconf 84' lang='lat' dir='ltr'>syllabam</span> <span class='ocrx_word' id='word_1_147' title='bbox 1115 2152 1236 2217; x_wconf 83' lang='lat' dir='ltr'>claudit</span> <span class='ocrx_word' id='word_1_148' title='bbox 1252 2153 1281 2216; x_wconf 91' lang='lat' dir='ltr'>in</span> <span class='ocrx_word' id='word_1_149' title='bbox 1297 2153 1338 2218; x_wconf 86' lang='lat' dir='ltr'>de·</span> <span class='ocrx_word' id='word_1_150' title='bbox 1377 2169 1378 2228; x_wconf 63' lang='grc' dir='ltr'>ξ</span> 
     </span>
     <span class='ocr_line' id='line_1_19' title="bbox 252 2243 1378 2341; baseline -0.001 -22"><span class='ocrx_word' id='word_1_151' title='bbox 252 2254 356 2319; x_wconf 83' lang='lat' dir='ltr'>rivato</span> <span class='ocrx_word' id='word_1_152' title='bbox 379 2255 573 2333; x_wconf 87' lang='lat' dir='ltr'>secundam,</span> <span class='ocrx_word' id='word_1_153' title='bbox 596 2276 662 2339; x_wconf 87' lang='lat' dir='ltr'>qua</span> <span class='ocrx_word' id='word_1_154' title='bbox 682 2255 810 2320; x_wconf 89' lang='lat' dir='ltr'>ratione</span> <span class='ocrx_word' id='word_1_155' title='bbox 832 2252 1003 2336; x_wconf 78' lang='grc' dir='ltr'><em>Ζάμολξις</em></span> <span class='ocrx_word' id='word_1_156' title='bbox 1024 2253 1067 2336; x_wconf 89' lang='lat' dir='ltr'>(si</span> <span class='ocrx_word' id='word_1_157' title='bbox 1089 2253 1155 2320; x_wconf 91' lang='lat' dir='ltr'>hoc</span> <span class='ocrx_word' id='word_1_158' title='bbox 1173 2277 1230 2341; x_wconf 91' lang='lat' dir='ltr'>pro</span> <span class='ocrx_word' id='word_1_159' title='bbox 1251 2255 1338 2318; x_wconf 65' lang='lat' dir='ltr'>affatu</span> <span class='ocrx_word' id='word_1_160' title='bbox 1377 2243 1378 2266; x_wconf 39' lang='lat' dir='ltr'>l</span> 
     </span>
     <span class='ocr_line' id='line_1_20' title="bbox 251 2353 1337 2440; baseline -0.004 -20"><span class='ocrx_word' id='word_1_161' title='bbox 251 2355 426 2440; x_wconf 76' lang='lat' dir='ltr'>habemus)</span> <span class='ocrx_word' id='word_1_162' title='bbox 457 2355 556 2420; x_wconf 88' lang='lat' dir='ltr'>distat</span> <span class='ocrx_word' id='word_1_163' title='bbox 582 2378 602 2419; x_wconf 90' lang='lat' dir='ltr'>a</span> <span class='ocrx_word' id='word_1_164' title='bbox 634 2355 822 2437; x_wconf 76' lang='grc' dir='ltr'><em>Ζάλμοξις,</em></span> <span class='ocrx_word' id='word_1_165' title='bbox 860 2354 961 2420; x_wconf 89' lang='lat' dir='ltr'>altera</span> <span class='ocrx_word' id='word_1_166' title='bbox 989 2353 1103 2420; x_wconf 88' lang='lat' dir='ltr'>literae</span> <span class='ocrx_word' id='word_1_167' title='bbox 1133 2365 1203 2432; x_wconf 86' lang='lat' dir='ltr'>tan,</span> <span class='ocrx_word' id='word_1_168' title='bbox 1235 2376 1337 2440; x_wconf 82' lang='lat' dir='ltr'>quasa</span> 
     </span>
     <span class='ocr_line' id='line_1_21' title="bbox 249 2455 1339 2545; baseline -0.005 -23"><span class='ocrx_word' id='word_1_169' title='bbox 249 2458 413 2545; x_wconf 88' lang='lat' dir='ltr'>principio</span> <span class='ocrx_word' id='word_1_170' title='bbox 436 2457 551 2521; x_wconf 86' lang='lat' dir='ltr'>tertiae</span> <span class='ocrx_word' id='word_1_171' title='bbox 568 2455 677 2521; x_wconf 88' lang='lat' dir='ltr'>ablata</span> <span class='ocrx_word' id='word_1_172' title='bbox 692 2457 833 2522; x_wconf 90' lang='lat' dir='ltr'>eundem</span> <span class='ocrx_word' id='word_1_173' title='bbox 851 2456 885 2521; x_wconf 86' lang='lat' dir='ltr'>in</span> <span class='ocrx_word' id='word_1_174' title='bbox 904 2456 1050 2520; x_wconf 88' lang='lat' dir='ltr'>secunda</span> <span class='ocrx_word' id='word_1_175' title='bbox 1064 2457 1175 2524; x_wconf 90' lang='lat' dir='ltr'>locum</span> <span class='ocrx_word' id='word_1_176' title='bbox 1192 2457 1339 2543; x_wconf 84' lang='lat' dir='ltr'>occupavit.</span> 
     </span>
     <span class='ocr_line' id='line_1_22' title="bbox 253 2557 1338 2644; baseline -0.003 -20"><span class='ocrx_word' id='word_1_177' title='bbox 253 2559 438 2641; x_wconf 83' lang='grc' dir='ltr'><em>Θέλνμνον,</em></span> <span class='ocrx_word' id='word_1_178' title='bbox 463 2559 554 2644; x_wconf 90' lang='lat' dir='ltr'>quod</span> <span class='ocrx_word' id='word_1_179' title='bbox 578 2558 677 2624; x_wconf 91' lang='lat' dir='ltr'>etiam</span> <span class='ocrx_word' id='word_1_180' title='bbox 698 2557 860 2642; x_wconf 73' lang='grc' dir='ltr'><em>θέλιμνον</em></span> <span class='ocrx_word' id='word_1_181' title='bbox 889 2567 922 2622; x_wconf 88' lang='lat' dir='ltr'>et</span> <span class='ocrx_word' id='word_1_182' title='bbox 941 2557 1105 2640; x_wconf 71' lang='grc' dir='ltr'><em>θέλεμνον</em></span> <span class='ocrx_word' id='word_1_183' title='bbox 1131 2560 1274 2626; x_wconf 80' lang='lat' dir='ltr'>scribitur</span> <span class='ocrx_word' id='word_1_184' title='bbox 1291 2581 1338 2622; x_wconf 91' lang='lat' dir='ltr'>non</span> 
     </span>
     <span class='ocr_line' id='line_1_23' title="bbox 249 2656 1339 2746; baseline -0.001 -20"><span class='ocrx_word' id='word_1_185' title='bbox 249 2661 408 2726; x_wconf 87' lang='lat' dir='ltr'>diversam</span> <span class='ocrx_word' id='word_1_186' title='bbox 431 2683 451 2725; x_wconf 90' lang='lat' dir='ltr'>a</span> <span class='ocrx_word' id='word_1_187' title='bbox 471 2659 651 2740; x_wconf 64' lang='lat' dir='ltr'>otraaotov·</span> <span class='ocrx_word' id='word_1_188' title='bbox 667 2658 735 2724; x_wconf 88' lang='lat' dir='ltr'>sive</span> <span class='ocrx_word' id='word_1_189' title='bbox 757 2656 918 2740; x_wconf 76' lang='grc' dir='ltr'>θεμέλιον</span> <span class='ocrx_word' id='word_1_190' title='bbox 939 2659 1100 2746; x_wconf 87' lang='lat' dir='ltr'>originem</span> <span class='ocrx_word' id='word_1_191' title='bbox 1122 2663 1243 2728; x_wconf 84' lang='lat' dir='ltr'>habere</span> <span class='ocrx_word' id='word_1_192' title='bbox 1263 2661 1339 2746; x_wconf 86' lang='lat' dir='ltr'>signi-</span> 
     </span>
     <span class='ocr_line' id='line_1_24' title="bbox 246 2759 1342 2830; baseline 0 -4"><span class='ocrx_word' id='word_1_193' title='bbox 246 2761 356 2826; x_wconf 83' lang='lat' dir='ltr'>ficavit</span> <span class='ocrx_word' id='word_1_194' title='bbox 377 2761 488 2829; x_wconf 89' lang='lat' dir='ltr'>Schol.</span> <span class='ocrx_word' id='word_1_195' title='bbox 511 2761 553 2824; x_wconf 89' lang='lat' dir='ltr'>ad</span> <span class='ocrx_word' id='word_1_196' title='bbox 576 2761 616 2826; x_wconf 87' lang='lat' dir='ltr'>Il.</span> <span class='ocrx_word' id='word_1_197' title='bbox 638 2761 685 2825; x_wconf 92' lang='lat' dir='ltr'>X.</span> <span class='ocrx_word' id='word_1_198' title='bbox 710 2760 760 2825; x_wconf 87' lang='lat'>15.</span> <span class='ocrx_word' id='word_1_199' title='bbox 788 2769 821 2824; x_wconf 87' lang='lat' dir='ltr'>et</span> <span class='ocrx_word' id='word_1_200' title='bbox 840 2759 920 2826; x_wconf 89' lang='lat' dir='ltr'>XV.</span> <span class='ocrx_word' id='word_1_201' title='bbox 942 2761 1017 2826; x_wconf 81' lang='grc'><strong>479.</strong></span> <span class='ocrx_word' id='word_1_202' title='bbox 1049 2763 1091 2828; x_wconf 89' lang='lat' dir='ltr'>In</span> <span class='ocrx_word' id='word_1_203' title='bbox 1112 2763 1272 2830; x_wconf 79' lang='lat' dir='ltr'>declinata</span> <span class='ocrx_word' id='word_1_204' title='bbox 1288 2785 1342 2828; x_wconf 88' lang='lat' dir='ltr'>mu·</span> 
     </span>
     <span class='ocr_line' id='line_1_25' title="bbox 246 2857 1341 2951; baseline 0 -23"><span class='ocrx_word' id='word_1_205' title='bbox 246 2873 332 2928; x_wconf 88' lang='lat' dir='ltr'>tatur</span> <span class='ocrx_word' id='word_1_206' title='bbox 347 2859 433 2942; x_wconf 79' lang='grc' dir='ltr'><em>πνύξ</em></span> <span class='ocrx_word' id='word_1_207' title='bbox 446 2857 573 2939; x_wconf 75' lang='grc' dir='ltr'><em>πυκνός</em></span> <span class='ocrx_word' id='word_1_208' title='bbox 586 2858 770 2940; x_wconf 57' lang='lat' dir='ltr'>uuehsela</span> <span class='ocrx_word' id='word_1_209' title='bbox 786 2860 857 2927; x_wconf 77' lang='grc' dir='ltr'><strong><em>ἐστι</em></strong></span> <span class='ocrx_word' id='word_1_210' title='bbox 872 2862 1057 2943; x_wconf 71' lang='grc' dir='ltr'><em>στοιχείου·</em></span> <span class='ocrx_word' id='word_1_211' title='bbox 1074 2863 1146 2934; x_wconf 73' lang='grc' dir='ltr'>ἔδει</span> <span class='ocrx_word' id='word_1_212' title='bbox 1165 2867 1230 2951; x_wconf 76' lang='grc' dir='ltr'>γὰρ</span> <span class='ocrx_word' id='word_1_213' title='bbox 1244 2861 1341 2938; x_wconf 72' lang='lat' dir='ltr'>areale</span> 
     </span>
     <span class='ocr_line' id='line_1_26' title="bbox 245 2961 1345 3050; baseline -0.004 -20"><span class='ocrx_word' id='word_1_214' title='bbox 245 2963 357 3032; x_wconf 86' lang='lat' dir='ltr'>Schol.</span> <span class='ocrx_word' id='word_1_215' title='bbox 380 2964 439 3028; x_wconf 86' lang='lat' dir='ltr'>Ar.</span> <span class='ocrx_word' id='word_1_216' title='bbox 466 2965 553 3047; x_wconf 83' lang='lat' dir='ltr'>qu.</span> <span class='ocrx_word' id='word_1_217' title='bbox 578 2961 649 3028; x_wconf 80' lang='grc'><strong>165.</strong></span> <span class='ocrx_word' id='word_1_218' title='bbox 680 2963 741 3028; x_wconf 91' lang='lat' dir='ltr'>sed</span> <span class='ocrx_word' id='word_1_219' title='bbox 769 2973 819 3028; x_wconf 92' lang='lat' dir='ltr'>est</span> <span class='ocrx_word' id='word_1_220' title='bbox 850 2962 934 3028; x_wconf 89' lang='lat' dir='ltr'>haec</span> <span class='ocrx_word' id='word_1_221' title='bbox 954 2963 1065 3050; x_wconf 86' lang='lat' dir='ltr'>potius</span> <span class='ocrx_word' id='word_1_222' title='bbox 1086 2967 1249 3032; x_wconf 83' lang='lat' dir='ltr'>restitutio</span> <span class='ocrx_word' id='word_1_223' title='bbox 1273 2963 1345 3030; x_wconf 81' lang='lat' dir='ltr'>vocis</span> 
     </span>
     <span class='ocr_line' id='line_1_27' title="bbox 244 3052 576 3152; baseline -0.003 -23"><span class='ocrx_word' id='word_1_224' title='bbox 244 3064 459 3152; x_wconf 86' lang='lat' dir='ltr'>primigeniae</span> <span class='ocrx_word' id='word_1_225' title='bbox 477 3052 576 3132; x_wconf 49' lang='lat' dir='ltr'>aar]</span> 
     </span>
    </p>

    <p class='ocr_par' dir='ltr' id='par_1_3' title="bbox 243 3164 1346 3356">
     <span class='ocr_line' id='line_1_28' title="bbox 327 3164 1346 3254; baseline 0.002 -24"><span class='ocrx_word' id='word_1_226' title='bbox 327 3171 353 3252; x_wconf 64' lang='grc' dir='ltr'><strong>ς.</strong></span> <span class='ocrx_word' id='word_1_227' title='bbox 374 3168 406 3230; x_wconf 91' lang='grc'>4.</span> <span class='ocrx_word' id='word_1_228' title='bbox 449 3167 540 3232; x_wconf 88' lang='lat' dir='ltr'>Hinc</span> <span class='ocrx_word' id='word_1_229' title='bbox 562 3167 633 3250; x_wconf 85' lang='lat' dir='ltr'>jam</span> <span class='ocrx_word' id='word_1_230' title='bbox 661 3165 704 3230; x_wconf 90' lang='lat' dir='ltr'>de</span> <span class='ocrx_word' id='word_1_231' title='bbox 731 3164 899 3230; x_wconf 84' lang='lat' dir='ltr'>vocalibus</span> <span class='ocrx_word' id='word_1_232' title='bbox 931 3165 1131 3233; x_wconf 84' lang='lat' dir='ltr'>diversarum</span> <span class='ocrx_word' id='word_1_233' title='bbox 1163 3167 1346 3254; x_wconf 77' lang='lat' dir='ltr'>syllabarum</span> 
     </span>
     <span class='ocr_line' id='line_1_29' title="bbox 243 3266 1343 3356; baseline 0 -26"><span class='ocrx_word' id='word_1_234' title='bbox 243 3270 337 3353; x_wconf 85' lang='lat' dir='ltr'>qnae</span> <span class='ocrx_word' id='word_1_235' title='bbox 355 3267 442 3332; x_wconf 86' lang='lat' dir='ltr'>vices</span> <span class='ocrx_word' id='word_1_236' title='bbox 470 3291 546 3334; x_wconf 85' lang='lat' dir='ltr'>suaa</span> <span class='ocrx_word' id='word_1_237' title='bbox 576 3276 793 3344; x_wconf 91' lang='lat' dir='ltr'>commutant,</span> <span class='ocrx_word' id='word_1_238' title='bbox 829 3266 937 3331; x_wconf 86' lang='lat' dir='ltr'>dicere</span> <span class='ocrx_word' id='word_1_239' title='bbox 970 3267 1129 3354; x_wconf 82' lang='lat' dir='ltr'>incipiam</span> <span class='ocrx_word' id='word_1_240' title='bbox 1160 3293 1200 3336; x_wconf 91' lang='lat' dir='ltr'>ac</span> <span class='ocrx_word' id='word_1_241' title='bbox 1227 3269 1343 3356; x_wconf 90' lang='lat' dir='ltr'>primum</span> 
     </span>
    </p>
   </div>
   <div class='ocr_carea' id='block_1_3' title="bbox 138 3369 1344 3459">
    <p class='ocr_par' dir='ltr' id='par_1_4' title="bbox 138 3369 1344 3459">
     <span class='ocr_line' id='line_1_30' title="bbox 138 3369 1344 3459; baseline -0.002 -26"><span class='ocrx_word' id='word_1_242' title='bbox 138 3438 142 3448; x_wconf 21' lang='lat'>⁸</span> <span class='ocrx_word' id='word_1_243' title='bbox 242 3369 376 3455; x_wconf 90' lang='lat' dir='ltr'>quidem</span> <span class='ocrx_word' id='word_1_244' title='bbox 402 3370 443 3435; x_wconf 87' lang='lat' dir='ltr'>de</span> <span class='ocrx_word' id='word_1_245' title='bbox 470 3370 511 3435; x_wconf 92' lang='lat' dir='ltr'>iis</span> <span class='ocrx_word' id='word_1_246' title='bbox 541 3393 625 3455; x_wconf 90' lang='lat' dir='ltr'>quae</span> <span class='ocrx_word' id='word_1_247' title='bbox 646 3369 767 3434; x_wconf 85' lang='lat' dir='ltr'>nullius</span> <span class='ocrx_word' id='word_1_248' title='bbox 790 3389 954 3434; x_wconf 84' lang='lat' dir='ltr'>consonae</span> <span class='ocrx_word' id='word_1_249' title='bbox 975 3369 1176 3456; x_wconf 88' lang='lat' dir='ltr'>interpositu</span> <span class='ocrx_word' id='word_1_250' title='bbox 1199 3379 1344 3459; x_wconf 87' lang='lat' dir='ltr'>separatae</span> 
     </span>
    </p>
   </div>
   <div class='ocr_carea' id='block_1_4' title="bbox 233 3469 1378 4372">
    <p class='ocr_par' dir='ltr' id='par_1_5' title="bbox 233 3469 1378 4372">
     <span class='ocr_line' id='line_1_31' title="bbox 241 3469 1343 3557; baseline 0.002 -23"><span class='ocrx_word' id='word_1_251' title='bbox 241 3481 333 3548; x_wconf 88' lang='lat' dir='ltr'>sunt,</span> <span class='ocrx_word' id='word_1_252' title='bbox 362 3480 431 3535; x_wconf 91' lang='lat' dir='ltr'>tum</span> <span class='ocrx_word' id='word_1_253' title='bbox 459 3472 500 3536; x_wconf 88' lang='lat' dir='ltr'>de</span> <span class='ocrx_word' id='word_1_254' title='bbox 532 3472 713 3557; x_wconf 87' lang='lat' dir='ltr'>disjunctis.</span> <span class='ocrx_word' id='word_1_255' title='bbox 765 3469 889 3536; x_wconf 85' lang='lat' dir='ltr'>Crebra</span> <span class='ocrx_word' id='word_1_256' title='bbox 916 3480 966 3536; x_wconf 90' lang='lat' dir='ltr'>est</span> <span class='ocrx_word' id='word_1_257' title='bbox 986 3470 1181 3539; x_wconf 88' lang='lat' dir='ltr'>vicissitudo</span> <span class='ocrx_word' id='word_1_258' title='bbox 1205 3475 1343 3538; x_wconf 83' lang='lat' dir='ltr'>literarum</span> 
     </span>
     <span class='ocr_line' id='line_1_32' title="bbox 241 3560 1343 3660; baseline -0.004 -22"><span class='ocrx_word' id='word_1_259' title='bbox 241 3561 270 3638; x_wconf 67' lang='grc' dir='ltr'>οἶ</span> <span class='ocrx_word' id='word_1_260' title='bbox 288 3582 321 3636; x_wconf 91' lang='lat' dir='ltr'>et</span> <span class='ocrx_word' id='word_1_261' title='bbox 340 3560 416 3639; x_wconf 60' lang='lat' dir='ltr'>{in</span> <span class='ocrx_word' id='word_1_262' title='bbox 437 3572 663 3639; x_wconf 89' lang='lat' dir='ltr'>terminatione</span> <span class='ocrx_word' id='word_1_263' title='bbox 685 3573 919 3659; x_wconf 79' lang='lat' dir='ltr'>adjectivorum</span> <span class='ocrx_word' id='word_1_264' title='bbox 947 3595 1032 3658; x_wconf 88' lang='lat' dir='ltr'>quae</span> <span class='ocrx_word' id='word_1_265' title='bbox 1055 3573 1195 3640; x_wconf 82' lang='lat' dir='ltr'>strictim</span> <span class='ocrx_word' id='word_1_266' title='bbox 1219 3572 1343 3660; x_wconf 76' lang='lat' dir='ltr'>attigiis</span> 
     </span>
     <span class='ocr_line' id='line_1_33' title="bbox 237 3667 1343 3762; baseline -0.006 -22"><span class='ocrx_word' id='word_1_267' title='bbox 237 3672 341 3740; x_wconf 86' lang='lat' dir='ltr'>Proll.</span> <span class='ocrx_word' id='word_1_268' title='bbox 360 3673 435 3739; x_wconf 86' lang='grc'><strong>481.</strong></span> <span class='ocrx_word' id='word_1_269' title='bbox 464 3667 697 3762; x_wconf 56' lang='lat' dir='ltr'>&amp;coopertuta</span> <span class='ocrx_word' id='word_1_270' title='bbox 724 3685 757 3740; x_wconf 88' lang='lat' dir='ltr'>et</span> <span class='ocrx_word' id='word_1_271' title='bbox 790 3674 1009 3760; x_wconf 88' lang='lat' dir='ltr'>quodminus</span> <span class='ocrx_word' id='word_1_272' title='bbox 1039 3676 1247 3742; x_wconf 85' lang='lat' dir='ltr'>auctoritatis</span> <span class='ocrx_word' id='word_1_273' title='bbox 1266 3673 1343 3738; x_wconf 87' lang='lat' dir='ltr'>habet</span> 
     </span>
     <span class='ocr_line' id='line_1_34' title="bbox 238 3769 1344 3860; baseline -0.005 -17"><span class='ocrx_word' id='word_1_274' title='bbox 238 3770 472 3858; x_wconf 75' lang='grc' dir='ltr'><em>ἆναδημιανός</em></span> <span class='ocrx_word' id='word_1_275' title='bbox 494 3775 546 3859; x_wconf 89' lang='lat' dir='ltr'>(ut</span> <span class='ocrx_word' id='word_1_276' title='bbox 567 3772 774 3860; x_wconf 68' lang='lat' dir='ltr'>austrasiis),</span> <span class='ocrx_word' id='word_1_277' title='bbox 801 3769 1013 3858; x_wconf 77' lang='grc' dir='ltr'><em>Ἀννιβοϊκός</em></span> <span class='ocrx_word' id='word_1_278' title='bbox 1034 3787 1067 3842; x_wconf 92' lang='lat' dir='ltr'>et</span> <span class='ocrx_word' id='word_1_279' title='bbox 1088 3777 1237 3844; x_wconf 87' lang='lat' dir='ltr'>deterius</span> <span class='ocrx_word' id='word_1_280' title='bbox 1257 3775 1344 3842; x_wconf 75' lang='grc' dir='ltr'><em>Ἀννι-</em></span> 
     </span>
     <span class='ocr_line' id='line_1_35' title="bbox 236 3873 1344 3966; baseline 0.001 -23"><span class='ocrx_word' id='word_1_281' title='bbox 236 3874 357 3963; x_wconf 63' lang='lat' dir='ltr'>placaris</span> <span class='ocrx_word' id='word_1_282' title='bbox 386 3879 421 3943; x_wconf 91' lang='lat' dir='ltr'>in</span> <span class='ocrx_word' id='word_1_283' title='bbox 443 3878 516 3943; x_wconf 87' lang='lat' dir='ltr'>cod.</span> <span class='ocrx_word' id='word_1_284' title='bbox 539 3877 616 3945; x_wconf 74' lang='lat' dir='ltr'>vat</span> <span class='ocrx_word' id='word_1_285' title='bbox 640 3877 781 3962; x_wconf 90' lang='lat' dir='ltr'>Dionys.</span> <span class='ocrx_word' id='word_1_286' title='bbox 805 3877 898 3941; x_wconf 76' lang='lat' dir='ltr'>Anu.</span> <span class='ocrx_word' id='word_1_287' title='bbox 925 3875 972 3941; x_wconf 93' lang='grc' dir='ltr'><strong>Π.</strong></span> <span class='ocrx_word' id='word_1_288' title='bbox 1000 3877 1050 3942; x_wconf 86' lang='grc'><strong>1-7.</strong></span> <span class='ocrx_word' id='word_1_289' title='bbox 1082 3873 1299 3966; x_wconf 80' lang='grc' dir='ltr'><em>ποῤῥιχιακός</em></span> <span class='ocrx_word' id='word_1_290' title='bbox 1320 3883 1344 3936; x_wconf 78' lang='lat' dir='ltr'>et</span> 
     </span>
     <span class='ocr_line' id='line_1_36' title="bbox 234 3977 1345 4067; baseline -0.006 -23"><span class='ocrx_word' id='word_1_291' title='bbox 234 3977 454 4065; x_wconf 78' lang='grc' dir='ltr'><em>ποῤῥιχοϊκός</em></span> <span class='ocrx_word' id='word_1_292' title='bbox 484 3980 574 4066; x_wconf 88' lang='lat' dir='ltr'>apud</span> <span class='ocrx_word' id='word_1_293' title='bbox 602 3977 785 4067; x_wconf 85' lang='lat' dir='ltr'>Hephaest.</span> <span class='ocrx_word' id='word_1_294' title='bbox 815 3979 952 4064; x_wconf 82' lang='lat' dir='ltr'>ejusque</span> <span class='ocrx_word' id='word_1_295' title='bbox 975 3979 1087 4047; x_wconf 71' lang='lat' dir='ltr'>Schola</span> <span class='ocrx_word' id='word_1_296' title='bbox 1115 3991 1151 4046; x_wconf 91' lang='lat' dir='ltr'>et</span> <span class='ocrx_word' id='word_1_297' title='bbox 1177 3981 1271 4067; x_wconf 87' lang='lat' dir='ltr'>quod</span> <span class='ocrx_word' id='word_1_298' title='bbox 1293 3997 1345 4042; x_wconf 88' lang='lat' dir='ltr'>non</span> 
     </span>
     <span class='ocr_line' id='line_1_37' title="bbox 233 4077 1378 4176; baseline -0.004 -32"><span class='ocrx_word' id='word_1_299' title='bbox 233 4080 339 4164; x_wconf 84' lang='lat' dir='ltr'>magis</span> <span class='ocrx_word' id='word_1_300' title='bbox 370 4079 528 4166; x_wconf 87' lang='lat' dir='ltr'>probatur</span> <span class='ocrx_word' id='word_1_301' title='bbox 557 4079 738 4162; x_wconf 76' lang='grc' dir='ltr'><em>δοχμοϊκός</em></span> <span class='ocrx_word' id='word_1_302' title='bbox 766 4103 826 4168; x_wconf 90' lang='lat' dir='ltr'>pro</span> <span class='ocrx_word' id='word_1_303' title='bbox 859 4077 1050 4164; x_wconf 76' lang='grc' dir='ltr'>δοχμιοοοός.</span> <span class='ocrx_word' id='word_1_304' title='bbox 1096 4081 1168 4150; x_wconf 87' lang='lat' dir='ltr'>Sed</span> <span class='ocrx_word' id='word_1_305' title='bbox 1191 4081 1342 4148; x_wconf 79' lang='lat' dir='ltr'>ediverso</span> <span class='ocrx_word' id='word_1_306' title='bbox 1377 4159 1378 4176; x_wconf 12' lang='grc' dir='ltr'>ἵ</span> 
     </span>
     <span class='ocr_line' id='line_1_38' title="bbox 233 4175 1346 4263; baseline 0.01 -21"><span class='ocrx_word' id='word_1_307' title='bbox 233 4178 378 4245; x_wconf 88' lang='lat' dir='ltr'>themate</span> <span class='ocrx_word' id='word_1_308' title='bbox 401 4179 524 4248; x_wconf 77' lang='grc' dir='ltr'><strong><em>Πυθία</em></strong></span> <span class='ocrx_word' id='word_1_309' title='bbox 547 4175 733 4263; x_wconf 77' lang='grc' dir='ltr'><em>ποθιοίζειν</em></span> <span class='ocrx_word' id='word_1_310' title='bbox 751 4184 809 4248; x_wconf 79' lang='grc' dir='ltr'>καὶ</span> <span class='ocrx_word' id='word_1_311' title='bbox 825 4176 895 4248; x_wconf 78' lang='grc' dir='ltr'>ἀπὸ</span> <span class='ocrx_word' id='word_1_312' title='bbox 915 4187 977 4250; x_wconf 74' lang='lat' dir='ltr'>roo</span> <span class='ocrx_word' id='word_1_313' title='bbox 991 4187 1156 4262; x_wconf 73' lang='grc' dir='ltr'><em>Πυθοῖος</em></span> <span class='ocrx_word' id='word_1_314' title='bbox 1177 4178 1346 4252; x_wconf 71' lang='grc' dir='ltr'><strong><em>διαλύσεως</em></strong></span> 
     </span>
     <span class='ocr_line' id='line_1_39' title="bbox 233 4275 1346 4372; baseline 0 -28"><span class='ocrx_word' id='word_1_315' title='bbox 233 4280 409 4366; x_wconf 69' lang='grc' dir='ltr'><em>γενομένης</em></span> <span class='ocrx_word' id='word_1_316' title='bbox 429 4275 642 4370; x_wconf 73' lang='grc' dir='ltr'><strong>Ποθαϊστής.</strong></span> <span class='ocrx_word' id='word_1_317' title='bbox 687 4281 790 4350; x_wconf 85' lang='lat' dir='ltr'>Verbi</span> <span class='ocrx_word' id='word_1_318' title='bbox 811 4279 900 4353; x_wconf 66' lang='grc' dir='ltr'><em>’ἱέναι</em></span> <span class='ocrx_word' id='word_1_319' title='bbox 921 4284 1050 4350; x_wconf 80' lang='lat' dir='ltr'>vocales</span> <span class='ocrx_word' id='word_1_320' title='bbox 1073 4279 1199 4372; x_wconf 83' lang='lat' dir='ltr'>primas</span> <span class='ocrx_word' id='word_1_321' title='bbox 1218 4275 1346 4350; x_wconf 62' lang='lat' dir='ltr'>conred</span> 
     </span>
    </p>
   </div>
   <div class='ocr_carea' id='block_1_5' title="bbox 0 0 1418 4809">
    <p class='ocr_par' dir='ltr' id='par_1_6' title="bbox 0 0 1418 4809">
     <span class='ocr_line' id='line_1_40' title="bbox 0 0 1418 4809; baseline 0 5"><span class='ocrx_word' id='word_1_322' title='bbox 0 0 1418 4809; x_wconf 95' lang='lat' dir='ltr'> </span> 
     </span>
    </p>
   </div>
  </div>
 </body>
</html>
