2825 4809
253 386 328 460 218
544 372 863 446 DISSERTATIO
891 372 938 439 II.
981 372 1022 439 P.
1044 371 1073 437 L

251 566 340 635 dous
370 554 461 640 εἶδος
494 562 663 646 σογκοπῆς
682 558 713 643 ¹)
745 550 986 643 Χοιροβοοκός.
1035 555 1125 623 Huic
1154 556 1247 624 simile
1272 563 1327 628 κὰο

251 664 392 757 φάλαρα
413 662 550 749 Trypho
570 664 595 746 ξ.
615 661 668 727 23.
690 656 820 723 nomine
841 677 998 743 expresso
1020 679 1184 745 syncopen
1203 664 1327 747 appellat,
1374 671 1376 798 p

251 768 387 833 sedeat
413 765 524 851 potius
553 782 705 849 apocope
734 780 807 825 cum
833 758 1067 825 assimilatione
1094 781 1245 827 consonae
1267 786 1328 828 con-

245 871 362 955 juncta
389 878 426 931 ut
456 862 521 929 κὰδ
547 858 701 947 δύναμιν,
732 857 795 945 κὰρ
820 854 899 944 ῥόον
925 870 986 924 etc.
1014 882 1099 945 quae
1125 861 1199 925 olim
1223 862 1330 950 hyphen
1375 843 1377 978 J

251 968 476 1037 scribebantur
506 975 539 1029 et
570 962 631 1029 sub
662 985 729 1029 uuo
759 970 902 1027 accentu.
953 960 1134 1048 Eothlipsis
1163 961 1230 1041 illa,
1259 969 1330 1050 cujus

252 1072 383 1157 signum
404 1078 454 1134 est
475 1064 706 1153 apostrophus,
729 1084 860 1149 prorsus
882 1059 963 1126 nihil
985 1063 1100 1128 attinet
1121 1063 1164 1127 ad
1183 1087 1331 1153 syncopen,

251 1174 344 1257 cujus
366 1168 561 1255 multiplices
579 1168 685 1232 flexus
697 1176 741 1229 'et
754 1164 953 1229 Maeandros
972 1186 1060 1231 nunc
1078 1166 1235 1252 explicare
1254 1188 1331 1233 com·
1377 1183 1379 1226 ο

250 1274 321 1341 bor.
356 1271 399 1336 Id
418 1281 526 1334 autem
543 1269 600 1333 fiet
618 1266 783 1354 bipartito.
815 1267 962 1331 Primum
980 1266 1066 1331 enim
1084 1266 1126 1331 de
1144 1267 1244 1355 ellipsi
1258 1271 1333 1335 unius

250 1376 363 1441 literae
385 1372 501 1447 dicam,
524 1378 592 1433 tum
611 1368 652 1432 de
669 1366 834 1446 connexis,
851 1380 884 1433 et
901 1367 1034 1454 quidem
1050 1368 1098 1433 sic
1114 1378 1152 1431 ut
1168 1369 1335 1457 distinguam

250 1474 484 1541 vocabulorum
516 1480 625 1557 partes
655 1469 822 1555 primarias
854 1480 952 1555 atque
981 1470 1189 1536 secundarios
1219 1472 1334 1559 itemque

252 1576 435 1664 positiones
457 1582 561 1638 rectas
587 1581 620 1637 et
641 1570 799 1655 obliquas

707 1851 914 1867 m

602 2113 764 2195 Pars
795 2112 1014 2211 prima

402 2282 477 2369 llo
514 2308 757 2393 syncope
792 2288 953 2367 unius
988 2284 1217 2372 vocalis,

751 2494 867 2525 ψ’

726 2666 838 2734 ΟΑΡ.
865 2668 894 2733 Ι.

648 2806 700 2881 De
728 2810 830 2881 litera
857 2807 969 2907 alpha.

336 2993 362 3075 ξ.
387 2991 416 3056 1.
461 2992 636 3079 Syncopae
660 2993 789 3079 species
812 2992 933 3059 multae
953 2991 1144 3077 variaeque,
1176 3011 1308 3078 genera,
1331 2988 1352 3051 si

251 3093 435 3159 summatim
461 3094 660 3179 quaerimus,
692 3094 758 3159 duo
784 3105 874 3172 sunt,
905 3092 1054 3159 naturale
1082 3103 1116 3157 et
1142 3090 1351 3158 voluntarium.

250 3193 338 3259 Illud
357 3193 497 3259 cernitur
513 3194 753 3262 informatione
774 3205 957 3283 temporum
978 3192 1165 3260 verbalium
1173 3186 1352 3281 σκλήοομοο

250 3289 431 3382 τλήσομαι,
458 3298 624 3385 κέκμηκα,
650 3297 814 3386 τέθνηκα,
841 3294 1041 3381 porclano,
1072 3296 1162 3360 unde
1187 3291 1299 3357 transit
1322 3288 1355 3353 ad

252 3393 397 3459 derivata
425 3396 566 3479 cujusvis
596 3397 740 3461 merismi
768 3399 904 3484 δμῆσις,
933 3400 1062 3483 τμῆμα,
1091 3386 1238 3484 τμήδην,
1266 3413 1356 3476 neque

251 3510 319 3559 non
349 3504 488 3581 apparet
521 3495 556 3561 in
587 3496 814 3583 praesentibus
847 3496 1026 3585 paragogis
1060 3492 1199 3585 ομήγω,
1226 3491 1356 3583 &dotto

250 3589 402 3679 βλοόοκιο.
452 3596 592 3682 Antiqui
621 3618 697 3665 vero
724 3598 936 3665 Grammatici
964 3620 1135 3685 syncopen
1160 3594 1241 3664 n‘on‘
1261 3596 1295 3667 ln
1317 3592 1357 3658 his

250 3705 360 3761 natam
377 3718 453 3762 esse
465 3699 580 3763 volunt
596 3700 656 3765 sed
674 3700 708 3765 in
724 3698 953 3787 praesentibus
972 3698 1072 3787 ipsis:
1095 3695 1248 3766 ἀπὸτοῦ
1261 3694 1357 3783 βάλλω

251 3796 336 3863 aava
362 3800 534 3886 ονγνοπῆν
560 3799 686 3885 γίνεται
712 3802 782 3885 plo
803 3798 918 3887 βλήσω
962 3797 1171 3889 ὑποβλήδην,
1201 3796 1360 3887 ἀμφίβλη-

250 3920 350 3985 orpes
374 3898 463 3967 Gud.
485 3901 538 3979 48,
564 3902 615 3966 18.
643 3902 736 3986 quod
762 3900 949 3967 Philoxeno
980 3901 1135 3967 adscribit
1166 3902 1278 3969 Orion
1300 3894 1360 3963 156.

251 3994 319 4067 deod
345 4004 406 4066 τοῦ
428 4002 497 4067 ato
517 4004 576 4067 τοῦ
599 3999 819 4089 σημαίνοντος
842 4004 879 4067 ad
907 4005 998 4069 ναλῶ
1022 4002 1133 4120 γέγονε
1154 4002 1285 4126 κλνὶσςο
1292 4001 1359 4117 νοη-

253 4222 340 4300 l)
351 4218 388 4287 lli
379 4234 541 4291 rcerevolu
534 4235 585 4289 rat
587 4250 679 4291 nomo
659 4236 720 4305 πῆς
743 4230 936 4312 Hinceorrigr
927 4194 1364 4319 debebatperversascuptura

251 4312 490 4374 Zonaraellba
475 4318 631 4376 τὸνοοουτο
641 4324 745 4393 σχῆμα
727 4324 856 4377 aroaldo
826 4344 857 4384 ος
875 4324 987 4378 ἔσοιο
922 4321 1124 4395 ισογκὸοῆ.
