2825 4809
245 92 271 184 λ

130 369 184 434 DE
202 364 408 434 SYNCOPII
430 365 575 434 uums
595 364 819 435 VOOALIS.
847 365 885 434 C.
894 367 955 436 IV.
971 371 996 456 1.
1008 369 1037 436 7.
1065 373 1140 450 821

74 578 181 642 quorun
200 551 284 618 alteri
307 553 467 639 positivus
493 547 536 640 ῥᾴ
562 551 789 640 praefulcitur,
815 552 952 620 ultorum
979 554 1142 642 prinn'tivo

73 668 146 724 oret
180 656 417 740 Adjeotivorum
442 655 477 720 in
490 693 493 698 -
507 644 578 735 s-u}
606 655 795 720 exeuntium
818 679 920 721 unum
943 655 979 720 in
999 657 1143 726 motione

71 760 149 825 vocali
166 757 341 824 destituitur
365 760 502 846 tts'pctoc
527 755 743 845 θερμότατος
771 755 829 824 καὶ
861 757 947 826 κατὰ
975 758 1144 848 σιιγκοντῆν

70 860 228 947 λερείτατος
253 856 300 938 ὡς
321 853 464 943 Ἄρατος
498 856 557 925 καὶ
588 859 778 944 Νίκανδρος
804 859 886 926 ΕΜ.
912 859 992 938 447,
1021 861 1052 926 1.
1079 859 1144 928 hee
1238 883 1244 898 ·

69 977 150 1029 ortem
159 963 261 1030 schot.
278 949 649 1029 Viotll.XX1V.'149.
665 983 740 1032 cum
756 960 951 1044 γεραίτατος
966 974 1142 1050 comparat.
1201 967 1209 976 '

129 1065 161 1133 si
173 1065 205 1129 in
221 1063 476 1130 conformatione
490 1049 705 1130 verborum]
719 1062 862 1128 olitioum
876 1062 1034 1130 omittitur
1047 1087 1143 1154 pree-

68 1168 174 1232 oedente
187 1155 219 1233 ’ὦ
232 1178 287 1232 aut
306 1165 513 1254 diphthongo
528 1152 641 1233 cumo
660 1174 827 1242 contexta,
851 1166 999 1250 quaestio
1021 1168 1145 1254 pendet

66 1271 127 1335 inter
149 1270 222 1334 duas
249 1269 456 1348 affectiones,
492 1291 662 1356 syncopen
690 1278 725 1334 et
748 1266 865 1334 cresin.
917 1263 961 1334 El
991 1267 1143 1354 διαιροὺ·

67 1368 138 1456 μινόν
155 1370 239 1440 ἐστιν
255 1368 373 1454 ἔζωον,
396 1372 453 1439 καὶ
476 1368 735 1455 συναιρούμενον
759 1368 829 1449 ἕξει,
848 1368 888 1436 τὸ
902 1356 935 1436 ὦ
948 1361 1020 1436 οἷον
1040 1367 1144 1452 ἔζωον

67 1473 124 1554 ἔζων
137 1467 177 1550 ὡς
197 1471 254 1540 ἐστὶ
272 1479 334 1541 τοῦ
355 1470 488 1540 ἔπλωον
505 1470 616 1540 ἔσλων
627 1471 810 1537 Herodian.
819 1470 952 1557 Fragm.
963 1471 1143 1540 Humano.

66 1573 355 1642 tunoleum.
373 1574 439 1641 III.
459 1574 538 1653 259,
560 1573 610 1640 15.
654 1573 724 1642 Sed
746 1573 787 1639 de
812 1572 868 1638 illo
892 1572 999 1640 verius
1015 1573 1145 1658 judicat

66 1676 280 1762 Cloeroboscus
306 1677 389 1744 Gan.
408 1677 488 1755 530,
514 1677 565 1742 11.
594 1673 684 1743 ἔστιν
711 1673 809 1756 ἐζαον
838 1675 1001 1742 καὶκατὰ
1025 1681 1144 1760 κρᾶσιν

66 1776 130 1858 ἔζων.
156 1781 339 1857 Alterum,
375 1801 442 1865 quo
473 1789 594 1866 poetae
622 1787 757 1843 utuntur
785 1776 862 1855 soli,
895 1776 1043 1863 plerique
1070 1799 1144 1842 cum

65 1879 146 1962 ἔγνων
163 1881 387 1967 similibusque
420 1890 622 1969 componunt
653 1904 685 1948 v.
718 1879 762 1944 ad
792 1880 915 1945 Buttm.
945 1902 979 1966 p.
1008 1881 1058 1944 12.
1096 1879 1143 1946 Τὸ

66 1980 176 2066 ἐξαιρεῖν
199 1983 241 2050 τὰ
268 1985 396 2071 βραχέα
419 1989 491 2050 »τῶν
508 1977 669 2050 Ἀττικῶν
689 1981 780 2050 ἐστιν
801 1977 918 2064 οἴομαι
943 1975 1040 2065 οἶμαι
1061 1979 1143 2046 Plu·

64 2083 136 2149 luch.
155 2087 194 2151 de
213 2086 316 2152 Poes.
340 2087 441 2150 Hom.
463 2107 492 2151 ο.
514 2084 598 2151 XII.
623 2079 800 2165 Ἐλούομεν
828 2081 884 2148 καὶ
910 2081 997 2150 κατὰ
1023 2107 1142 2167 συγκο-

67 2185 113 2270 σλν
126 2183 253 2274 ἐλοομεν
275 2188 388 2256 Schol.
409 2187 512 2253 Arist
532 2187 622 2253 Plut.
644 2185 719 2252 657.
739 2187 846 2271 aquo
869 2177 964 2270 οἶμαι
985 2185 1143 2254 lruoteutrs

66 2287 153 2368 differt‚'
177 2291 269 2376 quod
298 2290 382 2355 hoec
408 2288 477 2355 sive
506 2288 606 2354 erasis
636 2288 705 2354 sive
727 2310 872 2375 syncope
902 2287 1040 2374 primum
1066 2309 1142 2375 per·

61 2413 144 2457 sonan
168 2416 233 2459 non
267 2393 406 2459 excedit.
455 2390 646 2458 Poetelius
667 2391 798 2456 vocales
821 2399 855 2456 et
876 2379 1143 2476 diphthongos}

59 2493 151 2560 nicron
170 2495 334 2584 supprimi
355 2517 455 2583 posse
475 2495 578 2560 lixum
600 2493 663 2558 fuit
683 2491 915 2560 Grammaticis
935 2491 1002 2577 qui,
1024 2504 1062 2557 ut
1071 2493 1142 2560 He·

57 2596 180 2676 resides,
212 2595 252 2688 ἡν
284 2619 372 2665 erum
402 2619 444 2663 ex
474 2589 533 2685 ἦον
559 2594 727 2662 concisum
757 2617 830 2661 esse
862 2603 1018 2682 putarunt
1048 2595 1142 2660 Eust.

58 2697 126 2777 1892,
143 2703 193 2767 32.
212 2701 428 2785 mediumque
451 2691 536 2789 ἥμην
556 2720 598 2763 ex
615 2692 724 2787 ἧόμην
751 2698 831 2764 ΕΜ.
856 2696 931 2774 430,
955 2696 1007 2761 11.
1032 2695 1142 2783 Epim.

56 2797 161 2868 11374.
182 2816 216 2869 et
235 2802 363 2890 puriter
382 2800 634 2890 praecipitatum
658 2795 730 2868 ἀπὸ
752 2802 813 2866 τοῦ
834 2795 969 2876 κελομαι
991 2803 1142 2886 συγκοαῇ

56 2910 142 2985 κεῖμαι
159 2906 239 2972 ΕΜ.
268 2905 347 2983 523,
372 2905 423 2970 18.
446 2903 598 2989 Theogn.
620 2900 703 2968 Can.
727 2901 799 2966 146.
819 2923 850 2965 v.
873 2897 999 2966 Techn.
1019 2899 1079 2964 191
1093 2921 1142 2983 sq.

56 3000 238 3095 Participium
262 3004 420 3089 σεύμενος
441 3004 498 3092 qui
519 3006 682 3070 linxerunt
706 3004 751 3090 (v.
770 3004 813 3068 ad
827 3004 950 3069 Buttm.
968 3001 1014 3080 6.)
1032 3022 1142 3065 exem·
1219 3039 1222 3046 -

56 3105 122 3188 plum
145 3110 184 3175 ab
209 3108 390 3176 indicativo
419 3113 535 3176 σεῦται
566 3107 722 3172 sumsisse
751 3105 918 3180 videntum
949 3101 1142 3168 insolentius

55 3220 90 3271 tat
110 3212 287 3300 σολανμένη
303 3211 396 3297 quoti
414 3208 578 3296 Bergkius
598 3210 633 3274 in
651 3207 777 3274 Archil.
799 3208 855 3273 Fr.
877 3203 1009 3272 XCIII.
1032 3203 1144 3292 posuit

56 3329 99 3392 pro
123 3315 340 3399 σαλευομένη·
369 3335 444 3378 nam
474 3311 626 3377 deriuatio
652 3309 760 3376 verbis
788 3331 856 3374 non
882 3307 970 3372 idem
992 3307 1142 3373 licentiae

56 3411 127 3477 latur
155 3439 254 3500 quam
285 3414 467 3502 primitivis.
529 3413 568 3481 si
600 3413 748 3478 vocalem
779 3410 948 3497 fugitivam
980 3409 1144 3476 antecedit

56 3535 187 3595 consona,
216 3540 270 3582 res
301 3515 406 3582 omnis
431 3516 475 3580 ad
504 3536 673 3602 syncopen
699 3514 795 3580 redit.
848 3513 972 3581 Verum
1005 3511 1144 3610 duorum

54 3617 215 3698 verborum,
247 3641 334 3706 quse
359 3619 395 3684 iu
421 3619 502 3685 ΕΜ.
529 3620 609 3696 253,
639 3619 692 3684 23.
722 3616 928 3704 proferuntur
956 3612 997 3680 τὰ
1016 3610 1065 3692 εἷς
1083 3639 1143 3698 μιν

55 3719 238 3806 σληθυντικὰ
257 3719 399 3809 καθαρὰ
418 3720 514 3787 θέλει
534 3715 637 3787 ε1ναι·
662 3719 721 3787 ἐὰν
741 3720 778 3787 δέ
799 3721 866 3784 πον
889 3712 1066 3806 σύμφωνον
1088 3716 1142 3803 γέ·

55 3841 139 3903 ντται,
160 3822 248 3890 κατὰ
268 3818 386 3901 stultos
407 3822 537 3906 λέγεται
560 3815 644 3888 εἶναι
665 3817 712 3900 ὡς
734 3820 930 3902 δεδοίκαμεν
955 3816 1040 3884 κατὰ
1063 3834 1142 3903 συγ*

55 3922 137 4012 rosis
163 3923 353 4012 ds'rlocypser,
385 3918 473 3990 viltro
495 3922 640 4010 φέρομεν
662 3924 799 4010 φέρμεν,
829 3917 1043 4004 &montuosam
1063 3918 1142 3986 ἐντέ-

53 4031 171 4103 utpote,
204 4021 301 4114 prins
328 4045 396 4089 non
422 4021 584 4088 invenitur
614 4023 674 4088 sed
700 4023 800 4089 modo
825 4023 970 4110 persone
999 4018 1142 4084 secunda
1184 4067 1188 4072 »

53 4123 144 4207 φέρτε,
171 4129 324 4206 alterum,
354 4126 446 4212 quod
474 4125 574 4190 etiam
601 4123 713 4192 Schol.
738 4125 824 4193 Viot.
845 4125 888 4188 ad
908 4123 948 4188 Il.
970 4121 1068 4187 XIV.
1089 4117 1142 4183 55.

52 4225 149 4291 aoristo
170 4230 335 4308 attribuit,
357 4227 553 4315 significatio
574 4229 682 4313 arguit
699 4223 1053 4315 plusquamperfectum
1070 4241 1142 4286 esse

52 4322 118 4392 sicut
141 4330 194 4396 ille
223 4354 356 4417 quoqne
379 4332 612 4418 interpretatur
638 4327 931 4411 ἐπεσιστεύκειμεν
960 4323 1001 4392 ci.
1024 4322 1141 4394 Lehrs.
1237 4357 1245 4373 .

90 4430 214 4483 tonsor,
233 4435 322 4475 resnou
891 4429 931 4494 21
