<?xml version="1.0" encoding="UTF-8"?>
<!DOCTYPE html PUBLIC "-//W3C//DTD XHTML 1.0 Transitional//EN"
    "http://www.w3.org/TR/xhtml1/DTD/xhtml1-transitional.dtd">
<html xmlns="http://www.w3.org/1999/xhtml" xml:lang="en" lang="en">
 <head>
  <title>
</title>
<meta http-equiv="Content-Type" content="text/html;charset=utf-8" />
  <meta name='ocr-system' content='tesseract 3.04.00' />
  <meta name='ocr-capabilities' content='ocr_page ocr_carea ocr_par ocr_line ocrx_word'/>
</head>
<body>
  <div class='ocr_page' id='page_1' title='image "./pathologiaegrae01lobegoog/pathologiaegrae01lobegoog_0175.png"; bbox 0 0 2825 4809; ppageno 0'>
   <div class='ocr_carea' id='block_1_1' title="bbox 123 311 1126 398">
    <p class='ocr_par' dir='ltr' id='par_1_1' title="bbox 123 311 1126 398">
     <span class='ocr_line' id='line_1_1' title="bbox 123 311 1126 398; baseline -0.005 -5"><span class='ocrx_word' id='word_1_1' title='bbox 123 328 174 393; x_wconf 83' lang='lat' dir='ltr'>DE</span> <span class='ocrx_word' id='word_1_2' title='bbox 186 315 435 388; x_wconf 84' lang='lat' dir='ltr'>PROSTHESI</span> <span class='ocrx_word' id='word_1_3' title='bbox 448 313 512 381; x_wconf 85' lang='lat' dir='ltr'>ET</span> <span class='ocrx_word' id='word_1_4' title='bbox 526 312 792 383; x_wconf 78' lang='lat' dir='ltr'><strong>APHAERESI.</strong></span> <span class='ocrx_word' id='word_1_5' title='bbox 810 312 953 381; x_wconf 72' lang='lat' dir='ltr'>cvm.</span> <span class='ocrx_word' id='word_1_6' title='bbox 965 311 1028 398; x_wconf 67' lang='lat' dir='ltr'>§.a</span> <span class='ocrx_word' id='word_1_7' title='bbox 1055 315 1126 387; x_wconf 80' lang='grc'>1613</span> 
     </span>
    </p>
   </div>
   <div class='ocr_carea' id='block_1_2' title="bbox 46 497 1207 3610">
    <p class='ocr_par' dir='ltr' id='par_1_2' title="bbox 56 497 1207 2404">
     <span class='ocr_line' id='line_1_2' title="bbox 66 497 1129 592; baseline -0.015 -15"><span class='ocrx_word' id='word_1_8' title='bbox 66 523 102 578; x_wconf 85' lang='lat' dir='ltr'>est</span> <span class='ocrx_word' id='word_1_9' title='bbox 125 508 204 574; x_wconf 86' lang='lat' dir='ltr'>verbo</span> <span class='ocrx_word' id='word_1_10' title='bbox 235 499 420 592; x_wconf 77' lang='grc' dir='ltr'><strong><em>κεκροφόω,</em></strong></span> <span class='ocrx_word' id='word_1_11' title='bbox 458 500 549 587; x_wconf 92' lang='lat' dir='ltr'>quod</span> <span class='ocrx_word' id='word_1_12' title='bbox 580 499 855 585; x_wconf 72' lang='lat' dir='ltr'><strong>wyttenbachius</strong></span> <span class='ocrx_word' id='word_1_13' title='bbox 889 497 984 563; x_wconf 87' lang='lat' dir='ltr'>linxit</span> <span class='ocrx_word' id='word_1_14' title='bbox 1015 507 1129 562; x_wconf 86' lang='lat' dir='ltr'>contra</span> 
     </span>
     <span class='ocr_line' id='line_1_3' title="bbox 65 594 1127 696; baseline -0.013 -19"><span class='ocrx_word' id='word_1_15' title='bbox 65 610 205 696; x_wconf 84' lang='lat' dir='ltr'>analogiam</span> <span class='ocrx_word' id='word_1_16' title='bbox 223 605 262 669; x_wconf 86' lang='lat' dir='ltr'>ad</span> <span class='ocrx_word' id='word_1_17' title='bbox 280 603 493 690; x_wconf 74' lang='lat' dir='ltr'>Eunap.242.</span> <span class='ocrx_word' id='word_1_18' title='bbox 539 602 608 670; x_wconf 85' lang='lat' dir='ltr'>Sed</span> <span class='ocrx_word' id='word_1_19' title='bbox 628 601 699 668; x_wconf 86' lang='lat' dir='ltr'>lieri</span> <span class='ocrx_word' id='word_1_20' title='bbox 720 611 831 689; x_wconf 83' lang='lat' dir='ltr'>potest</span> <span class='ocrx_word' id='word_1_21' title='bbox 851 607 888 664; x_wconf 92' lang='lat' dir='ltr'>ut</span> <span class='ocrx_word' id='word_1_22' title='bbox 908 594 1127 687; x_wconf 78' lang='grc' dir='ltr'><strong><em>κεκούφαλος,</em></strong></span> 
     </span>
     <span class='ocr_line' id='line_1_4' title="bbox 65 699 1128 797; baseline -0.011 -21"><span class='ocrx_word' id='word_1_23' title='bbox 65 711 129 797; x_wconf 89' lang='lat' dir='ltr'>quod</span> <span class='ocrx_word' id='word_1_24' title='bbox 148 706 300 772; x_wconf 76' lang='lat' dir='ltr'>interdum&#39;</span> <span class='ocrx_word' id='word_1_25' title='bbox 318 702 507 794; x_wconf 74' lang='grc' dir='ltr'><strong><em>κορυφαίαν</em></strong></span> <span class='ocrx_word' id='word_1_26' title='bbox 533 704 602 768; x_wconf 87' lang='lat' dir='ltr'>sive</span> <span class='ocrx_word' id='word_1_27' title='bbox 631 705 865 791; x_wconf 77' lang='grc' dir='ltr'><strong><em>κορυφιστῆρα</em></strong></span> <span class='ocrx_word' id='word_1_28' title='bbox 895 699 1074 786; x_wconf 84' lang='lat' dir='ltr'>significat,</span> <span class='ocrx_word' id='word_1_29' title='bbox 1107 721 1128 764; x_wconf 80' lang='lat' dir='ltr'>a</span> 
     </span>
     <span class='ocr_line' id='line_1_5' title="bbox 66 800 1129 897; baseline -0.013 -19"><span class='ocrx_word' id='word_1_30' title='bbox 66 805 159 897; x_wconf 80' lang='grc' dir='ltr'><strong><em>κορυφή</em></strong></span> <span class='ocrx_word' id='word_1_31' title='bbox 182 805 350 872; x_wconf 84' lang='lat' dir='ltr'>derivatum</span> <span class='ocrx_word' id='word_1_32' title='bbox 380 805 423 871; x_wconf 91' lang='lat' dir='ltr'>sit</span> <span class='ocrx_word' id='word_1_33' title='bbox 449 827 523 870; x_wconf 87' lang='lat' dir='ltr'>cum</span> <span class='ocrx_word' id='word_1_34' title='bbox 544 825 691 891; x_wconf 80' lang='lat' dir='ltr'>syncope</span> <span class='ocrx_word' id='word_1_35' title='bbox 715 800 942 888; x_wconf 77' lang='lat' dir='ltr'><strong>productionis</strong></span> <span class='ocrx_word' id='word_1_36' title='bbox 964 801 1129 866; x_wconf 74' lang='lat' dir='ltr'>effecti-icc</span> 
     </span>
     <span class='ocr_line' id='line_1_6' title="bbox 65 901 1128 992; baseline -0.008 -18"><span class='ocrx_word' id='word_1_37' title='bbox 65 937 84 975; x_wconf 85' lang='grc' dir='ltr'>ι.</span> <span class='ocrx_word' id='word_1_38' title='bbox 98 909 175 974; x_wconf 85' lang='lat' dir='ltr'>Proll.</span> <span class='ocrx_word' id='word_1_39' title='bbox 194 906 303 992; x_wconf 78' lang='lat'><strong>90.²³)</strong></span> <span class='ocrx_word' id='word_1_40' title='bbox 333 906 496 991; x_wconf 87' lang='lat' dir='ltr'>Lelegum</span> <span class='ocrx_word' id='word_1_41' title='bbox 512 927 634 971; x_wconf 90' lang='lat' dir='ltr'>nomen</span> <span class='ocrx_word' id='word_1_42' title='bbox 655 928 675 969; x_wconf 93' lang='lat' dir='ltr'>a</span> <span class='ocrx_word' id='word_1_43' title='bbox 694 903 795 969; x_wconf 85' lang='lat' dir='ltr'>verbo</span> <span class='ocrx_word' id='word_1_44' title='bbox 818 903 926 990; x_wconf 79' lang='grc' dir='ltr'><strong>λέγειν</strong></span> <span class='ocrx_word' id='word_1_45' title='bbox 949 901 1128 966; x_wconf 82' lang='lat' dir='ltr'>derivatum</span> 
     </span>
     <span class='ocr_line' id='line_1_7' title="bbox 64 1001 1207 1076; baseline -0.01 0"><span class='ocrx_word' id='word_1_46' title='bbox 64 1033 112 1076; x_wconf 86' lang='lat' dir='ltr'>esse</span> <span class='ocrx_word' id='word_1_47' title='bbox 132 1009 210 1074; x_wconf 85' lang='lat' dir='ltr'>licuit</span> <span class='ocrx_word' id='word_1_48' title='bbox 231 1008 380 1074; x_wconf 83' lang='lat' dir='ltr'>Hesiodo</span> <span class='ocrx_word' id='word_1_49' title='bbox 409 1007 542 1073; x_wconf 85' lang='lat' dir='ltr'>eredere</span> <span class='ocrx_word' id='word_1_50' title='bbox 570 1031 600 1073; x_wconf 87' lang='lat' dir='ltr'>v.</span> <span class='ocrx_word' id='word_1_51' title='bbox 619 1005 739 1073; x_wconf 79' lang='lat' dir='ltr'>Parall.</span> <span class='ocrx_word' id='word_1_52' title='bbox 764 1005 836 1069; x_wconf 87' lang='lat'><strong>101.</strong></span> <span class='ocrx_word' id='word_1_53' title='bbox 879 1001 987 1069; x_wconf 79' lang='lat' dir='ltr'><strong>Piscis</strong></span> <span class='ocrx_word' id='word_1_54' title='bbox 1007 1023 1128 1068; x_wconf 88' lang='lat' dir='ltr'>nomen</span> <span class='ocrx_word' id='word_1_55' title='bbox 1202 1051 1207 1064; x_wconf 91' lang='lat'><strong>.</strong></span> 
     </span>
     <span class='ocr_line' id='line_1_8' title="bbox 63 1106 1128 1196; baseline -0.001 -21"><span class='ocrx_word' id='word_1_56' title='bbox 63 1107 170 1196; x_wconf 75' lang='grc' dir='ltr'><strong><em>αραδίλη</em></strong></span> <span class='ocrx_word' id='word_1_57' title='bbox 194 1123 224 1174; x_wconf 87' lang='lat' dir='ltr'>et</span> <span class='ocrx_word' id='word_1_58' title='bbox 247 1107 441 1195; x_wconf 79' lang='grc' dir='ltr'><strong><em>πεπραόίλη</em></strong></span> <span class='ocrx_word' id='word_1_59' title='bbox 467 1130 488 1171; x_wconf 88' lang='lat' dir='ltr'>a</span> <span class='ocrx_word' id='word_1_60' title='bbox 512 1109 655 1193; x_wconf 77' lang='grc' dir='ltr'>προιδεῖν</span> <span class='ocrx_word' id='word_1_61' title='bbox 684 1106 881 1193; x_wconf 86' lang='lat' dir='ltr'>productum</span> <span class='ocrx_word' id='word_1_62' title='bbox 911 1106 1065 1174; x_wconf 74' lang='lat' dir='ltr'>adnotavi</span> <span class='ocrx_word' id='word_1_63' title='bbox 1093 1109 1128 1174; x_wconf 92' lang='lat' dir='ltr'>in</span> 
     </span>
     <span class='ocr_line' id='line_1_9' title="bbox 62 1207 1128 1298; baseline -0.001 -23"><span class='ocrx_word' id='word_1_64' title='bbox 62 1211 130 1275; x_wconf 88' lang='lat' dir='ltr'>Proll.</span> <span class='ocrx_word' id='word_1_65' title='bbox 148 1211 210 1275; x_wconf 90' lang='lat'>108.</span> <span class='ocrx_word' id='word_1_66' title='bbox 251 1211 326 1276; x_wconf 86' lang='lat' dir='ltr'>Iota</span> <span class='ocrx_word' id='word_1_67' title='bbox 349 1208 492 1295; x_wconf 77' lang='lat' dir='ltr'>syllabae</span> <span class='ocrx_word' id='word_1_68' title='bbox 514 1209 631 1274; x_wconf 83' lang='lat' dir='ltr'>affixae</span> <span class='ocrx_word' id='word_1_69' title='bbox 650 1209 809 1273; x_wconf 89' lang='lat' dir='ltr'>insertum</span> <span class='ocrx_word' id='word_1_70' title='bbox 834 1207 979 1274; x_wconf 81' lang='lat' dir='ltr'>ostendit</span> <span class='ocrx_word' id='word_1_71' title='bbox 1005 1208 1128 1298; x_wconf 77' lang='grc' dir='ltr'><strong>τιθήνη</strong></span> 
     </span>
     <span class='ocr_line' id='line_1_10' title="bbox 63 1301 1129 1399; baseline 0.005 -25"><span class='ocrx_word' id='word_1_72' title='bbox 63 1311 125 1396; x_wconf 73' lang='grc' dir='ltr'><strong><em>παρὰ</em></strong></span> <span class='ocrx_word' id='word_1_73' title='bbox 146 1310 179 1376; x_wconf 81' lang='grc' dir='ltr'>τὸ</span> <span class='ocrx_word' id='word_1_74' title='bbox 202 1315 254 1377; x_wconf 73' lang='grc' dir='ltr'>θῶ</span> <span class='ocrx_word' id='word_1_75' title='bbox 282 1307 383 1398; x_wconf 75' lang='grc' dir='ltr'><em>θήσω</em></span> <span class='ocrx_word' id='word_1_76' title='bbox 408 1309 448 1377; x_wconf 85' lang='grc' dir='ltr'>τὸ</span> <span class='ocrx_word' id='word_1_77' title='bbox 475 1309 589 1398; x_wconf 79' lang='grc' dir='ltr'><em>τρέφω</em></span> <span class='ocrx_word' id='word_1_78' title='bbox 619 1309 804 1398; x_wconf 72' lang='grc' dir='ltr'><strong><em>ῥηματικὸν</em></strong></span> <span class='ocrx_word' id='word_1_79' title='bbox 831 1301 938 1393; x_wconf 72' lang='grc' dir='ltr'><strong><em>ὄνομα</em></strong></span> <span class='ocrx_word' id='word_1_80' title='bbox 959 1308 1048 1399; x_wconf 78' lang='grc' dir='ltr'>θήκη</span> <span class='ocrx_word' id='word_1_81' title='bbox 1072 1313 1129 1379; x_wconf 76' lang='grc' dir='ltr'><strong><em>καὶ</em></strong></span> 
     </span>
     <span class='ocr_line' id='line_1_11' title="bbox 62 1406 1128 1500; baseline 0 -24"><span class='ocrx_word' id='word_1_82' title='bbox 62 1408 316 1498; x_wconf 73' lang='grc' dir='ltr'><strong><em>ιὀοδιαλααιααμῷ</em></strong></span> <span class='ocrx_word' id='word_1_83' title='bbox 337 1407 468 1499; x_wconf 72' lang='grc' dir='ltr'>θιθήκη</span> <span class='ocrx_word' id='word_1_84' title='bbox 492 1411 549 1476; x_wconf 78' lang='grc' dir='ltr'><strong><em>καὶ</em></strong></span> <span class='ocrx_word' id='word_1_85' title='bbox 567 1414 681 1500; x_wconf 74' lang='grc' dir='ltr'><strong><em>τροπῇ</em></strong></span> <span class='ocrx_word' id='word_1_86' title='bbox 708 1412 769 1477; x_wconf 78' lang='grc' dir='ltr'>τοῦ</span> <span class='ocrx_word' id='word_1_87' title='bbox 796 1410 918 1487; x_wconf 77' lang='grc' dir='ltr'><strong><em>δασέος</em></strong></span> <span class='ocrx_word' id='word_1_88' title='bbox 946 1406 994 1488; x_wconf 81' lang='grc' dir='ltr'>εἷς</span> <span class='ocrx_word' id='word_1_89' title='bbox 1023 1407 1128 1498; x_wconf 76' lang='grc' dir='ltr'><strong>ψιλὸν</strong></span> 
     </span>
     <span class='ocr_line' id='line_1_12' title="bbox 62 1507 1129 1600; baseline 0.003 -27.037"><span class='ocrx_word' id='word_1_90' title='bbox 62 1513 97 1574; x_wconf 77' lang='lat' dir='ltr'>dra</span> <span class='ocrx_word' id='word_1_91' title='bbox 88 1507 256 1578; x_wconf 74' lang='grc' dir='ltr'><strong><em>καλλίονα</em></strong></span> <span class='ocrx_word' id='word_1_92' title='bbox 281 1507 395 1600; x_wconf 73' lang='grc' dir='ltr'><em>φωνήν</em></span> <span class='ocrx_word' id='word_1_93' title='bbox 423 1512 519 1576; x_wconf 84' lang='lat' dir='ltr'>Eust.</span> <span class='ocrx_word' id='word_1_94' title='bbox 550 1509 1129 1597; x_wconf 76' lang='lat' dir='ltr'>650‚17.erEM.758‚23.qui</span> 
     </span>
     <span class='ocr_line' id='line_1_13' title="bbox 60 1610 1128 1702; baseline 0.007 -29.053"><span class='ocrx_word' id='word_1_95' title='bbox 60 1611 116 1674; x_wconf 83' lang='lat' dir='ltr'>idon</span> <span class='ocrx_word' id='word_1_96' title='bbox 138 1610 276 1676; x_wconf 82' lang='lat' dir='ltr'>aliam</span> <span class='ocrx_word' id='word_1_97' title='bbox 245 1635 334 1676; x_wconf 84' lang='lat' dir='ltr'>vram</span> <span class='ocrx_word' id='word_1_98' title='bbox 355 1620 458 1676; x_wconf 87' lang='lat' dir='ltr'>tentat</span> <span class='ocrx_word' id='word_1_99' title='bbox 478 1612 539 1677; x_wconf 86' lang='lat' dir='ltr'>sed</span> <span class='ocrx_word' id='word_1_100' title='bbox 559 1613 666 1677; x_wconf 92' lang='lat' dir='ltr'>minus</span> <span class='ocrx_word' id='word_1_101' title='bbox 692 1611 984 1678; x_wconf 88' lang='lat' dir='ltr'>commendabilem</span> <span class='ocrx_word' id='word_1_102' title='bbox 1005 1613 1128 1702; x_wconf 71' lang='grc' dir='ltr'><strong>τιθήνη</strong></span> 
     </span>
     <span class='ocr_line' id='line_1_14' title="bbox 61 1707 1128 1802; baseline 0.007 -28"><span class='ocrx_word' id='word_1_103' title='bbox 61 1711 122 1796; x_wconf 78' lang='grc' dir='ltr'><strong><em>καρὰ</em></strong></span> <span class='ocrx_word' id='word_1_104' title='bbox 147 1711 196 1778; x_wconf 78' lang='grc' dir='ltr'>τὸν</span> <span class='ocrx_word' id='word_1_105' title='bbox 224 1711 344 1780; x_wconf 67' lang='grc' dir='ltr'><strong>τιτθόν</strong></span> <span class='ocrx_word' id='word_1_106' title='bbox 376 1707 534 1802; x_wconf 75' lang='grc' dir='ltr'><strong><em>ἀποβολῇ</em></strong></span> <span class='ocrx_word' id='word_1_107' title='bbox 567 1718 629 1780; x_wconf 79' lang='grc' dir='ltr'>τοῦ</span> <span class='ocrx_word' id='word_1_108' title='bbox 661 1739 690 1780; x_wconf 74' lang='lat' dir='ltr'>a.</span> <span class='ocrx_word' id='word_1_109' title='bbox 753 1709 937 1794; x_wconf 76' lang='grc' dir='ltr'><strong><em>Κόσκυλμα</em></strong></span> <span class='ocrx_word' id='word_1_110' title='bbox 968 1716 1128 1782; x_wconf 79' lang='lat' dir='ltr'>decermm</span> 
     </span>
     <span class='ocr_line' id='line_1_15' title="bbox 57 1809 1128 1900; baseline 0.005 -25.042"><span class='ocrx_word' id='word_1_111' title='bbox 57 1811 116 1875; x_wconf 85' lang='lat' dir='ltr'>iden</span> <span class='ocrx_word' id='word_1_112' title='bbox 134 1812 250 1878; x_wconf 88' lang='lat' dir='ltr'>videtur</span> <span class='ocrx_word' id='word_1_113' title='bbox 277 1823 377 1900; x_wconf 87' lang='lat' dir='ltr'>atque</span> <span class='ocrx_word' id='word_1_114' title='bbox 410 1811 543 1898; x_wconf 83' lang='grc' dir='ltr'><strong><em>σκι3λμα</em></strong></span> <span class='ocrx_word' id='word_1_115' title='bbox 571 1836 592 1877; x_wconf 84' lang='lat' dir='ltr'>a</span> <span class='ocrx_word' id='word_1_116' title='bbox 616 1810 757 1882; x_wconf 71' lang='lat' dir='ltr'>ondita).</span> <span class='ocrx_word' id='word_1_117' title='bbox 801 1809 968 1880; x_wconf 78' lang='grc' dir='ltr'>Κόσκικον</span> <span class='ocrx_word' id='word_1_118' title='bbox 990 1813 1128 1880; x_wconf 79' lang='lat' dir='ltr'>fortasse</span> 
     </span>
     <span class='ocr_line' id='line_1_16' title="bbox 59 1905 1130 2000; baseline 0.007 -26"><span class='ocrx_word' id='word_1_119' title='bbox 59 1905 105 1978; x_wconf 78' lang='lat' dir='ltr'>riri</span> <span class='ocrx_word' id='word_1_120' title='bbox 124 1918 298 2000; x_wconf 24' lang='grc' dir='ltr'>τοῦοκινειν</span> <span class='ocrx_word' id='word_1_121' title='bbox 326 1923 476 2000; x_wconf 85' lang='lat' dir='ltr'>correpto</span> <span class='ocrx_word' id='word_1_122' title='bbox 502 1914 571 1978; x_wconf 82' lang='lat' dir='ltr'>iota</span> <span class='ocrx_word' id='word_1_123' title='bbox 591 1925 628 1980; x_wconf 88' lang='lat' dir='ltr'>ut</span> <span class='ocrx_word' id='word_1_124' title='bbox 646 1912 766 1994; x_wconf 76' lang='grc' dir='ltr'><strong><em>σκίναξ</em></strong></span> <span class='ocrx_word' id='word_1_125' title='bbox 786 1911 859 1977; x_wconf 87' lang='lat' dir='ltr'>et’</span> <span class='ocrx_word' id='word_1_126' title='bbox 839 1909 1015 1996; x_wconf 79' lang='grc' dir='ltr'><strong><em>ακίναγμα.</em></strong></span> <span class='ocrx_word' id='word_1_127' title='bbox 1059 1921 1130 1982; x_wconf 85' lang='grc' dir='ltr'>Κο-</span> 
     </span>
     <span class='ocr_line' id='line_1_17' title="bbox 56 2010 1131 2102; baseline 0.006 -28"><span class='ocrx_word' id='word_1_128' title='bbox 56 2013 131 2088; x_wconf 77' lang='grc' dir='ltr'><strong>χυὸιῖι</strong></span> <span class='ocrx_word' id='word_1_129' title='bbox 149 2010 320 2097; x_wconf 79' lang='grc' dir='ltr'>ὗαερχὲεικ</span> <span class='ocrx_word' id='word_1_130' title='bbox 341 2017 425 2080; x_wconf 87' lang='lat' dir='ltr'>Hcs.</span> <span class='ocrx_word' id='word_1_131' title='bbox 449 2015 590 2081; x_wconf 84' lang='lat' dir='ltr'>Guietus</span> <span class='ocrx_word' id='word_1_132' title='bbox 616 2038 637 2079; x_wconf 90' lang='lat' dir='ltr'>a</span> <span class='ocrx_word' id='word_1_133' title='bbox 657 2010 727 2096; x_wconf 89' lang='grc' dir='ltr'><strong>χι3ω</strong></span> <span class='ocrx_word' id='word_1_134' title='bbox 748 2014 858 2096; x_wconf 81' lang='grc' dir='ltr'><strong><em>χαδεῖκ</em></strong></span> <span class='ocrx_word' id='word_1_135' title='bbox 880 2014 1014 2079; x_wconf 85' lang='lat' dir='ltr'>ductum</span> <span class='ocrx_word' id='word_1_136' title='bbox 1036 2025 1131 2102; x_wconf 86' lang='lat' dir='ltr'>putat</span> 
     </span>
     <span class='ocr_line' id='line_1_18' title="bbox 58 2109 1128 2202; baseline 0.01 -31"><span class='ocrx_word' id='word_1_137' title='bbox 58 2109 137 2175; x_wconf 82' lang='lat' dir='ltr'>addita</span> <span class='ocrx_word' id='word_1_138' title='bbox 158 2116 431 2202; x_wconf 80' lang='lat' dir='ltr'>reduplicatione3</span> <span class='ocrx_word' id='word_1_139' title='bbox 466 2138 507 2180; x_wconf 81' lang='lat' dir='ltr'>ea</span> <span class='ocrx_word' id='word_1_140' title='bbox 535 2126 623 2182; x_wconf 84' lang='lat' dir='ltr'>certe</span> <span class='ocrx_word' id='word_1_141' title='bbox 648 2137 717 2180; x_wconf 91' lang='lat' dir='ltr'>non</span> <span class='ocrx_word' id='word_1_142' title='bbox 745 2115 891 2198; x_wconf 82' lang='lat' dir='ltr'>sejuncta</span> <span class='ocrx_word' id='word_1_143' title='bbox 920 2127 970 2180; x_wconf 88' lang='lat' dir='ltr'>est</span> <span class='ocrx_word' id='word_1_144' title='bbox 996 2115 1038 2182; x_wconf 86' lang='lat' dir='ltr'>ab</span> <span class='ocrx_word' id='word_1_145' title='bbox 1068 2117 1128 2182; x_wconf 89' lang='lat' dir='ltr'>ad-</span> 
     </span>
     <span class='ocr_line' id='line_1_19' title="bbox 56 2211 1129 2304; baseline 0.01 -30"><span class='ocrx_word' id='word_1_146' title='bbox 56 2211 132 2277; x_wconf 83' lang='lat' dir='ltr'>verbio</span> <span class='ocrx_word' id='word_1_147' title='bbox 149 2217 236 2298; x_wconf 82' lang='grc' dir='ltr'><strong><em>κοχύ,</em></strong></span> <span class='ocrx_word' id='word_1_148' title='bbox 267 2218 362 2303; x_wconf 87' lang='lat' dir='ltr'>quod</span> <span class='ocrx_word' id='word_1_149' title='bbox 383 2215 573 2302; x_wconf 81' lang='lat' dir='ltr'>Hesychius</span> <span class='ocrx_word' id='word_1_150' title='bbox 596 2213 685 2284; x_wconf 80' lang='grc' dir='ltr'><strong><em>πολύ</em></strong></span> <span class='ocrx_word' id='word_1_151' title='bbox 714 2217 944 2304; x_wconf 80' lang='lat' dir='ltr'>interpretatur</span> <span class='ocrx_word' id='word_1_152' title='bbox 967 2227 1005 2282; x_wconf 90' lang='lat' dir='ltr'>ut</span> <span class='ocrx_word' id='word_1_153' title='bbox 1027 2215 1129 2301; x_wconf 85' lang='grc' dir='ltr'><strong><em>Χύμα</em></strong></span> 
     </span>
     <span class='ocr_line' id='line_1_20' title="bbox 57 2312 323 2404; baseline 0.038 -28"><span class='ocrx_word' id='word_1_154' title='bbox 57 2312 108 2397; x_wconf 81' lang='lat' dir='ltr'>(rio)</span> <span class='ocrx_word' id='word_1_155' title='bbox 124 2318 323 2404; x_wconf 62' lang='lat' dir='ltr'>utqsngu).</span> 
     </span>
    </p>

    <p class='ocr_par' dir='ltr' id='par_1_3' title="bbox 46 2417 1132 3608">
     <span class='ocr_line' id='line_1_21' title="bbox 109 2417 1128 2502; baseline 0.003 -20"><span class='ocrx_word' id='word_1_156' title='bbox 109 2419 129 2499; x_wconf 76' lang='grc'>1.</span> <span class='ocrx_word' id='word_1_157' title='bbox 146 2417 173 2482; x_wconf 78' lang='lat'>5.</span> <span class='ocrx_word' id='word_1_158' title='bbox 214 2420 322 2502; x_wconf 81' lang='lat' dir='ltr'>Quod</span> <span class='ocrx_word' id='word_1_159' title='bbox 348 2429 449 2486; x_wconf 86' lang='lat' dir='ltr'>restat</span> <span class='ocrx_word' id='word_1_160' title='bbox 469 2418 629 2485; x_wconf 88' lang='lat' dir='ltr'>sermonis</span> <span class='ocrx_word' id='word_1_161' title='bbox 650 2417 910 2484; x_wconf 88' lang='lat' dir='ltr'>consumendum</span> <span class='ocrx_word' id='word_1_162' title='bbox 931 2418 992 2482; x_wconf 88' lang='lat' dir='ltr'>erit</span> <span class='ocrx_word' id='word_1_163' title='bbox 1012 2418 1046 2483; x_wconf 90' lang='lat' dir='ltr'>in</span> <span class='ocrx_word' id='word_1_164' title='bbox 1067 2442 1128 2485; x_wconf 90' lang='lat' dir='ltr'>no-</span> 
     </span>
     <span class='ocr_line' id='line_1_22' title="bbox 53 2513 1129 2606; baseline 0.008 -28"><span class='ocrx_word' id='word_1_165' title='bbox 53 2513 167 2597; x_wconf 84' lang='lat' dir='ltr'>minibus,</span> <span class='ocrx_word' id='word_1_166' title='bbox 193 2543 280 2606; x_wconf 88' lang='lat' dir='ltr'>qnae</span> <span class='ocrx_word' id='word_1_167' title='bbox 309 2544 377 2587; x_wconf 94' lang='lat' dir='ltr'>non</span> <span class='ocrx_word' id='word_1_168' title='bbox 406 2544 427 2585; x_wconf 90' lang='lat' dir='ltr'>a</span> <span class='ocrx_word' id='word_1_169' title='bbox 457 2521 564 2588; x_wconf 88' lang='lat' dir='ltr'>verbis</span> <span class='ocrx_word' id='word_1_170' title='bbox 591 2520 651 2585; x_wconf 84' lang='lat' dir='ltr'>sed</span> <span class='ocrx_word' id='word_1_171' title='bbox 676 2519 717 2584; x_wconf 86' lang='lat' dir='ltr'>ab</span> <span class='ocrx_word' id='word_1_172' title='bbox 740 2519 812 2584; x_wconf 86' lang='lat' dir='ltr'>aliis</span> <span class='ocrx_word' id='word_1_173' title='bbox 835 2518 946 2605; x_wconf 86' lang='lat' dir='ltr'>potius</span> <span class='ocrx_word' id='word_1_174' title='bbox 971 2521 1129 2587; x_wconf 86' lang='lat' dir='ltr'>orationis</span> 
     </span>
     <span class='ocr_line' id='line_1_23' title="bbox 54 2616 1130 2707; baseline 0.007 -27"><span class='ocrx_word' id='word_1_175' title='bbox 54 2616 159 2696; x_wconf 82' lang='lat' dir='ltr'>partibus</span> <span class='ocrx_word' id='word_1_176' title='bbox 178 2622 329 2707; x_wconf 79' lang='lat' dir='ltr'>proiecta</span> <span class='ocrx_word' id='word_1_177' title='bbox 346 2621 507 2688; x_wconf 80' lang='lat' dir='ltr'>videntur.</span> <span class='ocrx_word' id='word_1_178' title='bbox 551 2621 621 2689; x_wconf 86' lang='lat' dir='ltr'>Sed</span> <span class='ocrx_word' id='word_1_179' title='bbox 649 2620 703 2685; x_wconf 88' lang='lat' dir='ltr'>hic</span> <span class='ocrx_word' id='word_1_180' title='bbox 732 2621 828 2706; x_wconf 85' lang='lat' dir='ltr'>plura</span> <span class='ocrx_word' id='word_1_181' title='bbox 857 2620 954 2684; x_wconf 88' lang='lat' dir='ltr'>etiam</span> <span class='ocrx_word' id='word_1_182' title='bbox 975 2643 1074 2706; x_wconf 83' lang='lat' dir='ltr'>quem</span> <span class='ocrx_word' id='word_1_183' title='bbox 1095 2623 1130 2687; x_wconf 89' lang='lat' dir='ltr'>in</span> 
     </span>
     <span class='ocr_line' id='line_1_24' title="bbox 52 2716 1129 2809; baseline 0.007 -27"><span class='ocrx_word' id='word_1_184' title='bbox 52 2716 127 2798; x_wconf 86' lang='lat' dir='ltr'>priore</span> <span class='ocrx_word' id='word_1_185' title='bbox 149 2733 239 2807; x_wconf 84' lang='lat' dir='ltr'>parte</span> <span class='ocrx_word' id='word_1_186' title='bbox 264 2724 484 2788; x_wconf 71' lang='lat' dir='ltr'>intercursant</span> <span class='ocrx_word' id='word_1_187' title='bbox 504 2722 661 2808; x_wconf 84' lang='lat' dir='ltr'>ambigua</span> <span class='ocrx_word' id='word_1_188' title='bbox 682 2731 716 2788; x_wconf 91' lang='lat' dir='ltr'>et</span> <span class='ocrx_word' id='word_1_189' title='bbox 737 2721 927 2808; x_wconf 80' lang='lat' dir='ltr'>opinabilis.</span> <span class='ocrx_word' id='word_1_190' title='bbox 966 2716 1129 2809; x_wconf 80' lang='grc' dir='ltr'><strong><em>Ἀγαγύρ-</em></strong></span> 
     </span>
     <span class='ocr_line' id='line_1_25' title="bbox 52 2815 1130 2910; baseline -0.005 -17"><span class='ocrx_word' id='word_1_191' title='bbox 52 2839 89 2898; x_wconf 64' lang='grc'>111</span> <span class='ocrx_word' id='word_1_192' title='bbox 104 2815 232 2907; x_wconf 74' lang='grc' dir='ltr'><strong><em>ἀγύρτης</em></strong></span> <span class='ocrx_word' id='word_1_193' title='bbox 252 2826 339 2889; x_wconf 88' lang='lat' dir='ltr'>Hes.</span> <span class='ocrx_word' id='word_1_194' title='bbox 362 2823 454 2909; x_wconf 90' lang='lat' dir='ltr'>quod</span> <span class='ocrx_word' id='word_1_195' title='bbox 480 2847 501 2889; x_wconf 89' lang='lat' dir='ltr'>a</span> <span class='ocrx_word' id='word_1_196' title='bbox 520 2823 665 2909; x_wconf 80' lang='lat' dir='ltr'>perlecto</span> <span class='ocrx_word' id='word_1_197' title='bbox 689 2816 876 2910; x_wconf 73' lang='grc' dir='ltr'><strong><em>ἇγὴγερμαι</em></strong></span> <span class='ocrx_word' id='word_1_198' title='bbox 899 2824 989 2888; x_wconf 89' lang='lat' dir='ltr'>flexu</span> <span class='ocrx_word' id='word_1_199' title='bbox 1008 2825 1130 2890; x_wconf 83' lang='lat' dir='ltr'>vocalis</span> 
     </span>
     <span class='ocr_line' id='line_1_26' title="bbox 53 2913 1131 3010; baseline 0.006 -26"><span class='ocrx_word' id='word_1_200' title='bbox 53 2913 198 2987; x_wconf 74' lang='lat' dir='ltr'>distinctim</span> <span class='ocrx_word' id='word_1_201' title='bbox 230 2935 294 2990; x_wconf 84' lang='lat' dir='ltr'>est.</span> <span class='ocrx_word' id='word_1_202' title='bbox 349 2925 417 2990; x_wconf 88' lang='lat' dir='ltr'>Pro</span> <span class='ocrx_word' id='word_1_203' title='bbox 441 2921 657 3001; x_wconf 69' lang='grc' dir='ltr'><strong><em>’Λπόλλωνος</em></strong></span> <span class='ocrx_word' id='word_1_204' title='bbox 685 2918 831 3010; x_wconf 74' lang='grc' dir='ltr'><strong><em>ἀγαυγή,</em></strong></span> <span class='ocrx_word' id='word_1_205' title='bbox 864 2925 955 3008; x_wconf 94' lang='lat' dir='ltr'>quod</span> <span class='ocrx_word' id='word_1_206' title='bbox 980 2926 1060 2998; x_wconf 85' lang='lat' dir='ltr'>EM.</span> <span class='ocrx_word' id='word_1_207' title='bbox 1089 2947 1131 2990; x_wconf 89' lang='lat' dir='ltr'>ex</span> 
     </span>
     <span class='ocr_line' id='line_1_27' title="bbox 52 3012 1131 3112; baseline 0.005 -28"><span class='ocrx_word' id='word_1_208' title='bbox 52 3012 130 3097; x_wconf 69' lang='lat' dir='ltr'>ignoto</span> <span class='ocrx_word' id='word_1_209' title='bbox 149 3036 248 3108; x_wconf 89' lang='lat' dir='ltr'>poeta</span> <span class='ocrx_word' id='word_1_210' title='bbox 271 3027 376 3105; x_wconf 82' lang='lat' dir='ltr'>affert,</span> <span class='ocrx_word' id='word_1_211' title='bbox 395 3025 569 3091; x_wconf 84' lang='lat' dir='ltr'>Heckerus</span> <span class='ocrx_word' id='word_1_212' title='bbox 590 3025 625 3089; x_wconf 92' lang='lat' dir='ltr'>in</span> <span class='ocrx_word' id='word_1_213' title='bbox 648 3022 777 3091; x_wconf 79' lang='lat' dir='ltr'>callim.</span> <span class='ocrx_word' id='word_1_214' title='bbox 798 3047 832 3111; x_wconf 91' lang='lat' dir='ltr'>p.</span> <span class='ocrx_word' id='word_1_215' title='bbox 855 3025 927 3090; x_wconf 87' lang='grc'><strong>118.</strong></span> <span class='ocrx_word' id='word_1_216' title='bbox 950 3024 1131 3112; x_wconf 85' lang='lat' dir='ltr'>probabili-</span> 
     </span>
     <span class='ocr_line' id='line_1_28' title="bbox 51 3122 1129 3214; baseline 0.006 -28"><span class='ocrx_word' id='word_1_217' title='bbox 51 3124 81 3178; x_wconf 73' lang='lat' dir='ltr'>ter</span> <span class='ocrx_word' id='word_1_218' title='bbox 93 3122 254 3209; x_wconf 84' lang='lat' dir='ltr'>corrigit&#39;</span> <span class='ocrx_word' id='word_1_219' title='bbox 232 3127 384 3214; x_wconf 75' lang='grc' dir='ltr'><strong><em>απαυγή.</em></strong></span> <span class='ocrx_word' id='word_1_220' title='bbox 421 3123 590 3212; x_wconf 58' lang='lat' dir='ltr'>trama</span> <span class='ocrx_word' id='word_1_221' title='bbox 609 3125 768 3190; x_wconf 89' lang='lat' dir='ltr'>Mercurii</span> <span class='ocrx_word' id='word_1_222' title='bbox 795 3147 979 3210; x_wconf 85' lang='lat' dir='ltr'>cognomen</span> <span class='ocrx_word' id='word_1_223' title='bbox 1001 3127 1059 3212; x_wconf 92' lang='lat' dir='ltr'>qui</span> <span class='ocrx_word' id='word_1_224' title='bbox 1079 3127 1129 3192; x_wconf 90' lang='lat' dir='ltr'>in-</span> 
     </span>
     <span class='ocr_line' id='line_1_29' title="bbox 50 3222 1129 3314; baseline 0.012 -30"><span class='ocrx_word' id='word_1_225' title='bbox 50 3224 178 3301; x_wconf 75' lang='lat' dir='ltr'>terpreuti</span> <span class='ocrx_word' id='word_1_226' title='bbox 205 3235 285 3291; x_wconf 89' lang='lat' dir='ltr'>sunt</span> <span class='ocrx_word' id='word_1_227' title='bbox 312 3224 560 3312; x_wconf 70' lang='grc' dir='ltr'><strong><em>θεραπευτικόν</em></strong></span> <span class='ocrx_word' id='word_1_228' title='bbox 581 3227 649 3291; x_wconf 89' lang='lat' dir='ltr'>sive</span> <span class='ocrx_word' id='word_1_229' title='bbox 671 3222 813 3314; x_wconf 79' lang='grc' dir='ltr'><strong><em>ἅκεστήν</em></strong></span> <span class='ocrx_word' id='word_1_230' title='bbox 835 3226 946 3294; x_wconf 89' lang='lat' dir='ltr'>Schol.</span> <span class='ocrx_word' id='word_1_231' title='bbox 970 3228 1009 3293; x_wconf 90' lang='grc' dir='ltr'>Π.</span> <span class='ocrx_word' id='word_1_232' title='bbox 1030 3227 1129 3297; x_wconf 86' lang='lat' dir='ltr'><strong>XVI.</strong></span> 
     </span>
     <span class='ocr_line' id='line_1_30' title="bbox 50 3313 1132 3418; baseline 0.01 -32.02"><span class='ocrx_word' id='word_1_233' title='bbox 50 3313 96 3383; x_wconf 78' lang='grc'>385</span> <span class='ocrx_word' id='word_1_234' title='bbox 120 3322 211 3390; x_wconf 89' lang='lat' dir='ltr'>deum</span> <span class='ocrx_word' id='word_1_235' title='bbox 238 3326 405 3392; x_wconf 89' lang='lat' dir='ltr'>medicum</span> <span class='ocrx_word' id='word_1_236' title='bbox 427 3327 565 3412; x_wconf 84' lang='lat' dir='ltr'>intelligi</span> <span class='ocrx_word' id='word_1_237' title='bbox 588 3329 778 3406; x_wconf 86' lang='lat' dir='ltr'>voluerunt,</span> <span class='ocrx_word' id='word_1_238' title='bbox 807 3329 913 3413; x_wconf 89' lang='lat' dir='ltr'>qualis</span> <span class='ocrx_word' id='word_1_239' title='bbox 934 3329 1058 3418; x_wconf 87' lang='lat' dir='ltr'>Apollo</span> <span class='ocrx_word' id='word_1_240' title='bbox 1081 3343 1132 3397; x_wconf 89' lang='lat' dir='ltr'>est</span> 
     </span>
     <span class='ocr_line' id='line_1_31' title="bbox 46 3409 1132 3516; baseline 0.01 -31"><span class='ocrx_word' id='word_1_241' title='bbox 46 3409 157 3501; x_wconf 68' lang='grc' dir='ltr'><strong>Ἀιέσιος</strong></span> <span class='ocrx_word' id='word_1_242' title='bbox 177 3435 210 3491; x_wconf 92' lang='lat' dir='ltr'>et</span> <span class='ocrx_word' id='word_1_243' title='bbox 224 3422 406 3511; x_wconf 71' lang='grc' dir='ltr'>Ἀκέστωρ,</span> <span class='ocrx_word' id='word_1_244' title='bbox 430 3428 490 3493; x_wconf 90' lang='lat' dir='ltr'>sed</span> <span class='ocrx_word' id='word_1_245' title='bbox 505 3451 622 3516; x_wconf 86' lang='lat' dir='ltr'>parum</span> <span class='ocrx_word' id='word_1_246' title='bbox 639 3429 783 3516; x_wconf 85' lang='lat' dir='ltr'>probant</span> <span class='ocrx_word' id='word_1_247' title='bbox 783 3451 830 3494; x_wconf 89' lang='lat' dir='ltr'>ur.</span> <span class='ocrx_word' id='word_1_248' title='bbox 846 3426 992 3496; x_wconf 76' lang='grc' dir='ltr'><strong><em>Ἀκακιά</em></strong></span> <span class='ocrx_word' id='word_1_249' title='bbox 1016 3431 1132 3497; x_wconf 89' lang='lat' dir='ltr'>eadem</span> 
     </span>
     <span class='ocr_line' id='line_1_32' title="bbox 47 3509 1129 3610; baseline 0.014 -25"><span class='ocrx_word' id='word_1_250' title='bbox 47 3509 146 3589; x_wconf 67' lang='lat' dir='ltr'>decada</span> <span class='ocrx_word' id='word_1_251' title='bbox 174 3527 296 3592; x_wconf 88' lang='lat' dir='ltr'>dicitur</span> <span class='ocrx_word' id='word_1_252' title='bbox 323 3537 356 3591; x_wconf 91' lang='lat' dir='ltr'>et</span> <span class='ocrx_word' id='word_1_253' title='bbox 384 3523 536 3608; x_wconf 68' lang='grc' dir='ltr'><strong><em>ἄκανθος</em></strong></span> <span class='ocrx_word' id='word_1_254' title='bbox 564 3540 602 3594; x_wconf 89' lang='lat' dir='ltr'>ut</span> <span class='ocrx_word' id='word_1_255' title='bbox 629 3553 650 3594; x_wconf 88' lang='lat' dir='ltr'>a</span> <span class='ocrx_word' id='word_1_256' title='bbox 678 3541 755 3595; x_wconf 88' lang='lat' dir='ltr'>nost</span> <span class='ocrx_word' id='word_1_257' title='bbox 742 3529 877 3596; x_wconf 88' lang='lat' dir='ltr'>tratibus</span> <span class='ocrx_word' id='word_1_258' title='bbox 901 3531 1129 3610; x_wconf 77' lang='lat' dir='ltr'>Stactelbaam,</span> 
     </span>
    </p>
   </div>
   <div class='ocr_carea' id='block_1_3' title="bbox 46 3656 348 3676">
    <p class='ocr_par' dir='ltr' id='par_1_4' title="bbox 46 3656 348 3676">
     <span class='ocr_line' id='line_1_33' title="bbox 46 3656 348 3676; baseline 0.013 -4"><span class='ocrx_word' id='word_1_259' title='bbox 46 3656 348 3676; x_wconf 27' lang='lat'>3——</span> 
     </span>
    </p>
   </div>
   <div class='ocr_carea' id='block_1_4' title="bbox 43 3741 1171 4337">
    <p class='ocr_par' dir='ltr' id='par_1_5' title="bbox 43 3741 1171 4337">
     <span class='ocr_line' id='line_1_34' title="bbox 91 3741 1131 3822; baseline 0.011 -27"><span class='ocrx_word' id='word_1_260' title='bbox 91 3743 131 3811; x_wconf 77' lang='lat' dir='ltr'>li)</span> <span class='ocrx_word' id='word_1_261' title='bbox 148 3741 302 3818; x_wconf 75' lang='grc' dir='ltr'><strong><em>Κρύφαλος</em></strong></span> <span class='ocrx_word' id='word_1_262' title='bbox 319 3745 469 3818; x_wconf 86' lang='lat' dir='ltr'>aliquoties</span> <span class='ocrx_word' id='word_1_263' title='bbox 488 3746 620 3802; x_wconf 81' lang='lat' dir='ltr'>scribitur</span> <span class='ocrx_word' id='word_1_264' title='bbox 639 3753 671 3801; x_wconf 87' lang='lat' dir='ltr'>ut</span> <span class='ocrx_word' id='word_1_265' title='bbox 687 3745 854 3821; x_wconf 75' lang='grc' dir='ltr'><strong><em>Κρυφάλεια</em></strong></span> <span class='ocrx_word' id='word_1_266' title='bbox 871 3748 902 3803; x_wconf 88' lang='grc' dir='ltr'>ἰιι</span> <span class='ocrx_word' id='word_1_267' title='bbox 920 3751 984 3804; x_wconf 89' lang='lat' dir='ltr'>cod.</span> <span class='ocrx_word' id='word_1_268' title='bbox 999 3749 1131 3822; x_wconf 86' lang='lat' dir='ltr'>Thucyd.</span> 
     </span>
     <span class='ocr_line' id='line_1_35' title="bbox 46 3819 1132 3908; baseline 0.016 -34"><span class='ocrx_word' id='word_1_269' title='bbox 46 3819 61 3870; x_wconf 90' lang='lat' dir='ltr'>l.</span> <span class='ocrx_word' id='word_1_270' title='bbox 69 3824 111 3879; x_wconf 76' lang='grc'><strong>165.</strong></span> <span class='ocrx_word' id='word_1_271' title='bbox 121 3846 169 3898; x_wconf 83' lang='lat' dir='ltr'>per</span> <span class='ocrx_word' id='word_1_272' title='bbox 178 3831 288 3886; x_wconf 84' lang='lat' dir='ltr'>vitium.</span> <span class='ocrx_word' id='word_1_273' title='bbox 314 3830 398 3895; x_wconf 87' lang='lat' dir='ltr'>Quod</span> <span class='ocrx_word' id='word_1_274' title='bbox 408 3831 599 3887; x_wconf 85' lang='lat' dir='ltr'>Doederlinus</span> <span class='ocrx_word' id='word_1_275' title='bbox 614 3833 857 3905; x_wconf 80' lang='lat' dir='ltr'>deRedupl.1te.</span> <span class='ocrx_word' id='word_1_276' title='bbox 873 3834 942 3892; x_wconf 84' lang='lat' dir='ltr'>dicit</span> <span class='ocrx_word' id='word_1_277' title='bbox 956 3833 1132 3908; x_wconf 72' lang='grc' dir='ltr'><strong><em>κεκρύφαλος</em></strong></span> 
     </span>
     <span class='ocr_line' id='line_1_36' title="bbox 44 3913 1171 3992; baseline 0.013 -30"><span class='ocrx_word' id='word_1_278' title='bbox 44 3921 99 3964; x_wconf 73' lang='lat' dir='ltr'>ane</span> <span class='ocrx_word' id='word_1_279' title='bbox 113 3913 261 3972; x_wconf 85' lang='lat' dir='ltr'>barbarum</span> <span class='ocrx_word' id='word_1_280' title='bbox 278 3917 387 3984; x_wconf 84' lang='lat' dir='ltr'>vocari,</span> <span class='ocrx_word' id='word_1_281' title='bbox 412 3917 544 3988; x_wconf 88' lang='lat' dir='ltr'>equidem</span> <span class='ocrx_word' id='word_1_282' title='bbox 564 3936 623 3972; x_wconf 91' lang='lat' dir='ltr'>non</span> <span class='ocrx_word' id='word_1_283' title='bbox 647 3921 684 3971; x_wconf 91' lang='lat' dir='ltr'>de</span> <span class='ocrx_word' id='word_1_284' title='bbox 705 3920 761 3974; x_wconf 86' lang='lat' dir='ltr'>hoc</span> <span class='ocrx_word' id='word_1_285' title='bbox 784 3920 917 3992; x_wconf 86' lang='lat' dir='ltr'>loquutus</span> <span class='ocrx_word' id='word_1_286' title='bbox 937 3941 998 3976; x_wconf 82' lang='lat' dir='ltr'>sum</span> <span class='ocrx_word' id='word_1_287' title='bbox 1021 3925 1074 3976; x_wconf 85' lang='lat' dir='ltr'>sed</span> <span class='ocrx_word' id='word_1_288' title='bbox 1093 3925 1134 3976; x_wconf 85' lang='lat' dir='ltr'>do</span> <span class='ocrx_word' id='word_1_289' title='bbox 1162 3957 1171 3967; x_wconf 41' lang='grc' dir='ltr'>κ</span> 
     </span>
     <span class='ocr_line' id='line_1_37' title="bbox 46 3996 1083 4067; baseline 0.011 -22"><span class='ocrx_word' id='word_1_290' title='bbox 46 3996 141 4067; x_wconf 70' lang='grc' dir='ltr'>Κέκροψ,</span> <span class='ocrx_word' id='word_1_291' title='bbox 1080 4051 1083 4056; x_wconf 90' lang='grc'><strong>.</strong></span> 
     </span>
     <span class='ocr_line' id='line_1_38' title="bbox 90 4083 1131 4163; baseline 0.006 -23"><span class='ocrx_word' id='word_1_292' title='bbox 90 4083 130 4152; x_wconf 73' lang='grc'>21)</span> <span class='ocrx_word' id='word_1_293' title='bbox 146 4086 227 4141; x_wconf 90' lang='lat' dir='ltr'>Idem</span> <span class='ocrx_word' id='word_1_294' title='bbox 245 4087 320 4159; x_wconf 79' lang='grc' dir='ltr'>Κοχύ</span> <span class='ocrx_word' id='word_1_295' title='bbox 341 4088 368 4144; x_wconf 89' lang='lat' dir='ltr'>d&#39;</span> <span class='ocrx_word' id='word_1_296' title='bbox 391 4091 464 4162; x_wconf 76' lang='grc' dir='ltr'><strong>ἔρῥει-</strong></span> <span class='ocrx_word' id='word_1_297' title='bbox 486 4085 557 4158; x_wconf 74' lang='grc' dir='ltr'>μετὰ</span> <span class='ocrx_word' id='word_1_298' title='bbox 583 4084 682 4162; x_wconf 73' lang='grc' dir='ltr'><strong><em>ψόφου</em></strong></span> <span class='ocrx_word' id='word_1_299' title='bbox 707 4093 754 4144; x_wconf 79' lang='grc' dir='ltr'>καὶ</span> <span class='ocrx_word' id='word_1_300' title='bbox 777 4089 892 4163; x_wconf 74' lang='grc' dir='ltr'>λάβρως.</span> <span class='ocrx_word' id='word_1_301' title='bbox 927 4090 1003 4146; x_wconf 87' lang='lat' dir='ltr'>Hinc</span> <span class='ocrx_word' id='word_1_302' title='bbox 1026 4088 1131 4161; x_wconf 76' lang='grc' dir='ltr'><strong><em>κοχύζω</em></strong></span> 
     </span>
     <span class='ocr_line' id='line_1_39' title="bbox 43 4172 1133 4244; baseline 0.009 -22"><span class='ocrx_word' id='word_1_303' title='bbox 43 4172 113 4222; x_wconf 81' lang='lat' dir='ltr'>astum</span> <span class='ocrx_word' id='word_1_304' title='bbox 129 4180 183 4237; x_wconf 87' lang='lat' dir='ltr'>est,</span> <span class='ocrx_word' id='word_1_305' title='bbox 206 4177 286 4244; x_wconf 89' lang='lat' dir='ltr'>quod</span> <span class='ocrx_word' id='word_1_306' title='bbox 300 4174 462 4230; x_wconf 87' lang='lat' dir='ltr'>Meinekius</span> <span class='ocrx_word' id='word_1_307' title='bbox 481 4176 612 4230; x_wconf 84' lang='lat' dir='ltr'>Strattidi</span> <span class='ocrx_word' id='word_1_308' title='bbox 627 4176 750 4232; x_wconf 86' lang='lat' dir='ltr'>restituit</span> <span class='ocrx_word' id='word_1_309' title='bbox 768 4175 832 4231; x_wconf 90' lang='lat' dir='ltr'>Vol.</span> <span class='ocrx_word' id='word_1_310' title='bbox 847 4177 884 4230; x_wconf 86' lang='lat'>11.</span> <span class='ocrx_word' id='word_1_311' title='bbox 900 4177 958 4229; x_wconf 84' lang='grc'><strong>188.</strong></span> <span class='ocrx_word' id='word_1_312' title='bbox 977 4183 1006 4230; x_wconf 84' lang='lat' dir='ltr'>et</span> <span class='ocrx_word' id='word_1_313' title='bbox 1022 4178 1059 4232; x_wconf 83' lang='lat' dir='ltr'>ab</span> <span class='ocrx_word' id='word_1_314' title='bbox 1075 4177 1133 4232; x_wconf 87' lang='lat' dir='ltr'>boc</span> 
     </span>
     <span class='ocr_line' id='line_1_40' title="bbox 43 4252 668 4337; baseline 0.014 -29"><span class='ocrx_word' id='word_1_315' title='bbox 43 4252 135 4321; x_wconf 65' lang='lat' dir='ltr'>ampliu</span> <span class='ocrx_word' id='word_1_316' title='bbox 149 4261 279 4330; x_wconf 76' lang='grc' dir='ltr'><strong><em>κοχυδεῖν</em></strong></span> <span class='ocrx_word' id='word_1_317' title='bbox 295 4270 328 4317; x_wconf 88' lang='lat' dir='ltr'>ut</span> <span class='ocrx_word' id='word_1_318' title='bbox 343 4263 442 4335; x_wconf 70' lang='grc' dir='ltr'>ἰρίζεικ</span> <span class='ocrx_word' id='word_1_319' title='bbox 459 4259 668 4337; x_wconf 71' lang='grc' dir='ltr'>ἔριδδῆσααθαι.</span> 
     </span>
    </p>
   </div>
   <div class='ocr_carea' id='block_1_5' title="bbox 0 0 1418 4809">
    <p class='ocr_par' dir='ltr' id='par_1_6' title="bbox 0 0 1418 4809">
     <span class='ocr_line' id='line_1_41' title="bbox 0 0 1418 4809; baseline 0 2"><span class='ocrx_word' id='word_1_320' title='bbox 0 0 1418 4809; x_wconf 95' lang='lat' dir='ltr'> </span> 
     </span>
    </p>
   </div>
  </div>
 </body>
</html>
