2825 4809
138 436 142 444 A
248 344 326 419 375
498 336 857 409 :DISSERTATIO
879 337 929 403 Π.
970 337 1012 404 Ρ.
1033 338 1081 405 II.

249 510 396 619 diceros
424 523 503 595 seh.
529 524 569 589 Il.
594 525 638 591 A.
664 524 709 589 ad
731 523 772 590 ll.
793 524 893 612 XIV.
916 524 992 591 387.
1020 522 1063 591 τὰ
1088 519 1138 603 είς
1163 462 1331 607 &effla

250 628 345 716 ὑπὲρ.
363 626 444 711 μίαν
472 624 720 725 “malitis-ds&
740 631 801 695 τοῦ
820 616 883 707 'dms
903 628 1050 693 κλινεται
1071 627 1145 704 doec
1167 628 1270 707 δαιδος
1288 630 1332 697 καὶ

147 803 154 811 ,
251 729 337 802 κατὰ
362 725 613 817 συγκοπηντῆς
641 730 677 793 δι
706 726 748 795 ἐν
774 728 847 795 δαῒ
873 729 1005 818 λυγρῇ
1038 727 1147 815 Epim.
1167 729 1194 794 1.
1217 729 1332 815 11511)
1374 803 1375 820 η

250 833 308 921 qui
336 852 501 919 syncopae
526 828 660 899 nominc
687 850 863 917 apocopen
888 830 1070 917 significan
1099 849 1202 917 nsque
1224 830 1335 897 aliaest

249 936 333 1003 ratio
350 956 416 1021 qua
434 932 596 998 anomalia
613 930 712 1017 hujus
728 932 819 999 vocis
841 932 998 1019 explicari
1015 932 1122 1021 possit
1137 956 1166 999 s.
1179 934 1284 999 Parall
1294 934 1334 1001 89.
1374 933 1375 942 ’

250 1038 320 1109 Sed
342 1060 383 1103 ex
405 1034 535 1101 duobus
557 1034 701 1101 consiliis
723 1056 810 1120 quae
828 1033 1083 1102 Choeroboscus
1105 1034 1252 1124 proponit
1270 1034 1335 1103 Can
1375 1117 1376 1132 ρ

248 1139 324 1207 416.
352 1133 519 1227 ὀιχομήνηι
552 1135 612 1205 καί
643 1138 730 1203 κατὰ
757 1136 1005 1222 μεταπλαομὸν
1031 1135 1199 1225 διχόμηνι·
1224 1131 1336 1203 δύναται
1375 1199 1376 1202 ,

251 1241 289 1312 δὲ
310 1238 367 1309 καί
388 1233 457 1309 ἀπὸ
486 1242 546 1307 νοῦ
572 1234 744 1325 διχόμηνις
762 1233 902 1317 εὐθείας
927 1234 1115 1326 διχομήνκδι
1138 1237 1194 1305 καί
1212 1241 1336 1325 σνγκοκῇ

249 1349 310 1413 τοῦ
333 1344 353 1411 d
374 1342 432 1410 καὶ
449 1330 536 1425 ἶῑῑ)
563 1334 715 1427 διχόμηνι
743 1340 911 1427 proevalet
932 1339 1040 1426 prius,
1062 1348 1243 1425 quanquam
1261 1339 1336 1405 etiam

250 1440 387 1530 ὀιχόμην
412 1442 447 1507 in
468 1440 661 1508 nominandi
683 1463 762 1507 casu
785 1441 851 1507 dici
876 1440 1031 1527 analogia
1055 1462 1124 1507 uon
1145 1440 1287 1529 prohibet
1306 1441 1335 1506 cl.

248 1544 369 1614 Parall.
393 1544 465 1611 171.
497 1553 531 1611 et
559 1542 631 1609 195.
674 1543 893 1610 Accusativus
924 1542 1009 1632 νίφα
1040 1543 1076 1609 iu
1107 1543 1252 1629 ejusdem
1275 1542 1336 1608 (lm.

250 1672 284 1735 p.
308 1646 385 1730 118,
413 1645 464 1711 10.
493 1666 665 1732 apocopae
692 1645 891 1724 vindicatur,
922 1655 1000 1732 post
1029 1667 1108 1711 vero
1135 1645 1213 1723 419,
1238 1644 1283 1711 25.
1305 1644 1336 1709 ob

249 1748 495 1817 anabibaamum
510 1756 662 1813 accentus
679 1768 857 1834 syncopae,
873 1750 1014 1834 quorum
1026 1757 1181 1815 neutrum
1195 1770 1273 1835 opus
1283 1768 1334 1812 esse
1377 1789 1378 1794 κ

250 1851 470 1921 demonstravi
488 1851 523 1917 in
539 1850 661 1921 Puell.
674 1849 748 1915 114.
776 1846 903 1935 Φρόνιν
924 1844 942 1917 ὁ
960 1849 1022 1934 μὲν
1038 1848 1250 1933 Ἡρωδιανὸς
1267 1847 1337 1933 παρὰ

248 1960 309 2044 την
338 1949 502 2043 φρόνησιν
534 1951 620 2020 κατὰ
652 1946 840 2039 συγκοπήν·
872 1946 892 2019 ὁ
921 1952 960 2019 ὀί
983 1946 1084 2038 Ὦρος
1114 1951 1155 2019 ἐκ
1182 1955 1239 2019 τοῦ
1267 1945 1339 2039 specis

249 2050 376 2147 φρονός
402 2051 520 2144 φρόνις
542 2055 623 2121 ΕΜ.
647 2053 726 2131 800,
749 2053 804 2118 48.
831 2048 870 2120 οὗ
898 2049 987 2121 πάνυ
1013 2054 1116 2142 δῆλον
1143 2049 1212 2119 ei‘es
1232 2045 1340 2138 πρωιίν
1378 2077 1380 2092 ·

248 2180 353 2225 anuos
382 2154 420 2223 τὸ
455 2154 575 2244 φρόνις
605 2151 627 2245 ἢ
660 2155 887 2239 συγκέκοπται
918 2153 956 2220 ἐν
987 2159 1049 2221 τοῦ
1079 2150 1242 2245 φρόνησις
1268 2156 1339 2221 Euat
1378 2171 1379 2236 l

250 2258 344 2336 1465,
366 2257 420 2323 42.
466 2257 551 2340 Quis
578 2278 655 2323 vero
682 2256 746 2322 sibi
770 2255 968 2343 persuadeat
993 2262 1131 2345 φρονεῖν
1153 2267 1187 2321 et
1207 2251 1342 2346 φρόνιμος
1378 2247 1379 2272 ’

249 2359 291 2425 ab
307 2358 493 2427 accusativo
510 2382 656 2447 syncope
674 2369 825 2425 contacto
839 2357 932 2424 nasci
950 2358 1099 2445 potuisse
1117 2380 1159 2424 ac
1175 2381 1242 2424 non
1255 2357 1341 2445 polius
1379 2397 1381 2450 η

248 2462 410 2529 concedat
435 2459 555 2551 φρόνις
577 2473 610 2529 et
631 2460 769 2551 φροντίς
792 2460 846 2527 via
869 2460 1014 2546 quadam
1041 2460 1202 2547 singulari
1228 2459 1343 2525 deduco
1379 2453 1380 2526 l

249 2586 322 2631 esse
344 2588 364 2630 a
385 2563 549 2651 primitivo
571 2562 669 2653 φρήν,
692 2562 785 2648 quod
804 2563 915 2649 ipsum
936 2561 1017 2627 nulli
1037 2584 1232 2649 graecarum
1250 2583 1343 2629 vocum
1379 2541 1380 2564 ί

249 2666 471 2755 comparabile
494 2675 553 2733 eat.
596 2664 807 2731 Incredibilia
826 2674 939 2729 namet
957 2663 1069 2751 Epim.
1087 2665 1115 2729 I.
1136 2664 1192 2730 46.
1211 2661 1343 2737 Ἡσίοδος

247 2765 285 2836 τὸ
309 2762 452 2855 πρόκριν
472 2766 567 2853 παρὰ
592 2764 631 2835 τὸ
653 2763 765 2853 κρίσις
785 2764 969 2854 πρόκρισις
988 2762 1176 2853 πρόκρισιν
1200 2765 1257 2833 καί
1279 2760 1346 2830 κατὰ

248 2868 419 2956 σνγκοπην
440 2865 593 2957 πρόκριν,
617 2869 677 2933 aed
698 2892 789 2935 error
810 2868 897 2936 clare
917 2868 1065 2955 arguitur
1080 2891 1101 2932 a
1116 2867 1344 2936 Schneidewino

249 2994 302 3059 ap.
324 2967 537 3044 Markaoheffi
561 2969 605 3036 ad
625 2972 708 3037 Hes.
730 2972 786 3037 Fr.
809 2995 843 3059 p.
864 2972 939 3036 321.
965 2970 1154 3036 Hesiodum
1177 2970 1262 3037 enim
1279 2970 1345 3037 Pro·

250 3073 348 3139 cridia
379 3094 500 3137 nomen
532 3095 552 3137 a
581 3072 759 3160 προκηίσει
794 3073 928 3138 duxisse
956 3073 1048 3159 quod
1077 3096 1182 3139 uuum
1213 3097 1233 3140 e
1258 3072 1345 3161 procis

250 3174 394 3260 clegerit.
426 3169 480 3239 Ἐκ
498 3178 557 3241 τοῦ
576 3171 752 3263 ἐπίκλησιν
768 3171 807 3240 τὸ
826 3172 965 3263 ἐπίκλην
979 3172 1152 3263 ἐπίρρημα
1172 3171 1347 3242 inadustis

249 3273 439 3362 συνέκοψαν
469 3273 500 3343 oi
531 3268 614 3360 μεθ’
642 3270 792 3361 Ὅμηρον
822 3276 917 3341 Eunt.
942 3274 1041 3353 1053,
1068 3276 1121 3341 28.
1154 3276 1215 3342 sed
1246 3284 1346 3341 mutata

249 3375 411 3443 sententia
434 3376 526 3455 1255,
551 3376 601 3443 15.
624 3373 663 3445 τὸ
686 3375 825 3463 ἐπίκλην
846 3376 1012 3462 συγκοπὲν
1033 3375 1069 3444 ἐκ
1091 3381 1152 3444 τοῦ
1176 3374 1346 3464 ἐπικλήδην,

250 3488 365 3545 contra
387 3499 473 3562 quae
498 3477 561 3543 alio
584 3478 660 3543 loco
688 3477 918 3564 disputabitur.
968 3478 1066 3544 Nunc
1093 3501 1279 3565 percurram
1299 3499 1346 3540 no·

248 3580 337 3647 mina
352 3580 486 3667 pluralis
503 3580 639 3645 numeri.
675 3578 810 3645 Bibrevi
827 3578 910 3664 κρέα
925 3602 993 3645 uon
1009 3588 1158 3666 quartam
1174 3592 1209 3647 et
1224 3580 1347 3667 quintam

248 3682 375 3749 litarem
390 3682 450 3747 aed
466 3682 546 3747 duas
563 3691 746 3769 postremas
762 3679 889 3745 ablatas
904 3703 977 3747 ease
993 3682 1206 3747 consentiunt
1219 3691 1346 3747 auctores

249 3806 351 3872 supra
372 3783 450 3849 dicti
469 3783 510 3847 P.
530 3782 558 3848 I.
581 3803 608 3848 c.
627 3783 655 3847 I.
678 3784 704 3866 ξ.
720 3781 753 3847 5.
796 3781 866 3849 Sed
887 3782 1046 3848 dubitatio
1063 3783 1127 3848 fuit
1147 3785 1191 3850 de
1215 3778 1277 3874 ἦρα
1296 3764 1348 3845 sive

251 3885 430 3974 ίπίηρα-
444 3879 515 3951 ἔστι
534 3880 634 3970 ,παρὰ
658 3882 695 3951 τὸ
723 3881 789 3970 ἔριν
808 3879 914 3971 (ἐρῶ)
941 3881 1059 3968 ἔρανον
1081 3885 1138 3952 καί
1162 3883 1228 3969 ἔχω
1249 3878 1348 3968 dyonea

318 4060 362 4128 30)
381 4058 569 4111 Buttmannus
591 4056 615 4122 ξ.
630 4055 672 4107 56.
691 4052 766 4106 Ado.
786 4054 812 4105 8.
832 4054 869 4106 ad
889 4052 1050 4125 synaeresin
1070 4052 1214 4109 aberravit
1232 4056 1349 4122 deceptus

207 4177 218 4190 ι
248 4162 336 4215 pravo
354 4148 473 4199 accentu
492 4142 579 4197 dativi
598 4137 682 4196 ἄπολι
695 4157 746 4222 pp.
759 4139 868 4223 ngod.
889 4138 937 4212 qui
954 4157 1029 4203 nuno
1047 4148 1189 4196 correctus
1209 4148 1262 4196 cst.

318 4231 365 4299 31)
378 4229 511 4287 Scribere
519 4227 623 4290 ,debuit
639 4231 687 4285 τοῦ
702 4250 711 4281 ι
728 4230 776 4282 καὶ
789 4229 822 4283 el·
837 4244 903 4283 uam
915 4229 952 4281 ds
962 4244 1086 4302 syncope
1098 4228 1152 4283 hoc
1163 4227 1231 4284 loco
1244 4223 1352 4297 loquitar

250 4328 308 4367 nou
327 4316 363 4371 de
381 4332 517 4389 apocope.
