2825 4809
254 333 356 408 ιιι.
411 331 416 336 ’
548 317 871 390 uuauurnnro
900 317 946 385 11.
989 319 1029 386 r.
1052 321 1079 386 1.
1182 345 1185 352 ·
1267 285 1268 292 ‘

254 513 410 580 adversus
438 509 623 576 criticorum
647 494 867 572 cavillationes
891 505 1117 572 defenduntur.
1167 506 1229 572 Pro
1262 502 1334 596 ἀπή·
1372 545 1373 558 .

255 617 361 681 dator
381 614 502 679 πλοῖον
522 611 660 676 Aristot.
684 610 725 674 de
746 609 869 674 Incess.
892 607 1003 672 Anim.
1015 608 1061 672 X.
1074 608 1143 672 710.
1165 630 1191 672 a.
1212 609 1239 674 8.
1259 611 1335 676 codd
1372 647 1373 662 ι

255 716 383 801 aliquot
400 705 589 799 ἇιιηδάλιον
609 709 769 798 praebent
791 719 917 776 servato
939 707 1008 772 iota
1028 708 1118 792 quod
1132 705 1166 774 iu
1180 708 1337 793 hujusmodi
1372 743 1373 786 ς

255 815 417 902 syntbetis
427 812 584 877 retinetur
594 808 804 900 πλησίστιος,
828 803 987 896 ιιλήτριος,
1010 802 1160 890 εὐίσχιος,
1179 805 1336 898 astamus

258 917 362 1000 Quod
381 915 550 1000 vulgatum
575 923 635 990 est,
662 933 736 976 cum
758 909 929 976 obliterato
953 907 1086 974 nomine
1109 903 1252 994 πήδαλον
1269 933 1338 976 eon-

257 1019 402 1108 positum
420 1015 560 1081 videtur.
580 1049 619 1064 -·
640 1011 825 1099 Aethiopes
843 1009 1021 1097 Oppianus
1042 1009 1171 1095 saepius
1190 1011 1242 1090 sic,
1262 1015 1339 1078 semel

256 1116 423 1196 Αἴθοιιις
442 1127 538 1182 vocat
558 1115 642 1202 Cyn.
662 1115 724 1182 lV.
748 1113 820 1180 199.
843 1112 981 1178 fortasse
1003 1111 1047 1174 ad
1064 1113 1338 1198 repraesentandum

257 1231 391 1306 etymon
419 1239 555 1304 graecae
589 1215 786 1282 inventionis
816 1209 942 1302 αἶ’θιιψ.
998 1212 1180 1297 Dionysius
1211 1213 1277 1278 Per.
1299 1215 1337 1282 38.

256 1316 439 1389 Αἱθόιιιον
460 1318 609 1404 πέλαγος
631 1317 723 1403 quod
743 1316 778 1380 in
799 1315 896 1380 codd.
918 1313 1085 1378 nonnullis
1109 1314 1203 1400 plene
1221 1314 1338 1380 scribitur

259 1416 457 1488 Αἰθιόπων
482 1420 551 1484 iota
573 1417 745 1483 obscurius
773 1426 902 1504 promto
931 1414 1024 1479 utin
1057 1414 1215 1500 bisyllabo
1235 1411 1336 1503 Πηλιάς

259 1532 293 1587 et
315 1519 484 1591 similibus.
535 1518 663 1585 Eadem
692 1518 835 1604 synizesi
859 1537 980 1582 nomen
1007 1509 1238 1604 ὀργιασιήριον
1257 1518 1336 1582 versui

254 1623 392 1688 beroico
414 1620 519 1706 aptari
539 1630 669 1706 poterat
697 1621 758 1685 sed
774 1619 942 1684 Nicander
966 1618 1081 1684 maluit
1110 1617 1243 1684 scribere
1260 1611 1335 1703 ὀργα-

259 1713 401 1810 στήριὸν.
455 1720 623 1787 Gentilicii
658 1714 860 1798 Ἐλευσίνιος
882 1742 977 1786 casus
1004 1721 1029 1784 ii
1057 1720 1115 1806 qui
1141 1719 1175 1784 iu
1194 1710 1242 1784 ab
1256 1706 1334 1796 stu}

257 1821 479 1900 terminantur,
499 1843 736 1906 nonnunquam
759 1843 797 1890 eo
819 1843 932 1887 versus
955 1823 1028 1888 loeo
1051 1821 1153 1908 positi
1175 1829 1336 1885 suntutaut

258 1926 351 2012 prius
370 1924 441 1990 iota
461 1922 705 2010 corripiendum
727 1922 770 1987 sit
788 1946 817 1988 v.
828 1923 930 1988 Proll.
942 1925 1016 1988 242.
1035 1934 1092 1987 aut
1109 1922 1240 1986 alterum
1251 1941 1337 2005 synec-

258 2026 399 2114 phonesi
419 2023 610 2101 levandum,
641 2024 732 2108 quod
756 2024 898 2111 praefert
922 2024 1054 2090 Ahrens
1080 2022 1170 2090 Dial.
1194 2025 1267 2089 Dor.
1285 2023 1337 2086 lta.

181 2153 192 2175 ⁰
259 2129 335 2193 adn.
360 2129 393 2193 3.
423 2126 617 2198 Dindorfius
643 2148 722 2190 vero
751 2126 794 2190 ad
822 2125 896 2212 Iph.
925 2128 969 2191 A.
996 2126 1068 2190 194.
1099 2145 1143 2190 ne
1170 2123 1339 2190 scribendum

259 2228 394 2313 quidem
420 2238 541 2293 censet.
591 2227 696 2314 Apud
725 2226 962 2292 Grammaticos
990 2227 1172 2312 Byzantios
1207 2248 1267 2292 non
1288 2245 1339 2288 raro

258 2323 456 2415 παιγνήμων
492 2327 644 2394 scribitur
681 2329 751 2394 iota
784 2340 858 2394 ante
889 2329 1025 2414 longam
1064 2327 1210 2394 vocalem
1239 2323 1339 2394 omissi.

259 2423 549 2517 Cum—dpomidpg,
571 2423 758 2518 λειριώδης,
781 2425 990 2518 salmacidae
1016 2440 1077 2494 etc.
1103 2429 1262 2494 discordat
1278 2433 1340 2493 θια-

259 2526 377 2622 φώδης
393 2529 519 2614 (omiss.
531 2529 567 2593 in
581 2529 699 2611 Thes.)
713 2530 851 2595 Aristot.
874 2531 915 2596 de
926 2531 1034 2596 Plant.
1051 2532 1130 2599 VII.
1146 2530 1218 2608 826,
1235 2531 1262 2594 2.
1275 2549 1340 2592 cum-

259 2655 325 2719 que
336 2626 489 2721 ὀφιιόδης
503 2641 654 2718 pugnant
662 2626 849 2718 μανιώδης,
865 2627 1093 2718 παρδαλώδης
1105 2644 1138 2698 et
1147 2627 1341 2697 nonnullaalis

113 2737 122 2746 ’
258 2755 344 2819 quac
364 2733 419 2797 hie
432 2755 560 2818 repono
581 2732 666 2796 infra
685 2741 896 2797 resumtums.
909 2769 951 2782 --
965 2734 1020 2799 De
1033 2734 1142 2800 verbis
1153 2735 1216 2799 huc
1237 2731 1342 2797 refertur

258 2829 347 2912 εἰλνος
373 2829 494 2913 triadica
520 2827 659 2917 βάκχιος
686 2826 859 2917 βακχιάζω
893 2831 961 2898 ιιιιιὶΔ
982 2829 1088 2916 εὐάζω
1119 2839 1264 2922 comanti
1284 2830 1340 2896 EM.

256 2935 332 3015 388,
352 2934 406 3001 35.
429 2944 462 2998 et
483 2933 575 3018 quod
596 2955 701 3018 aeque
730 2933 871 2998 alienum
903 2944 954 3000 cst
982 2932 1076 3003 ἔσθω
1100 2929 1341 3021 nordanymbris

258 3032 409 3106 ἀπὸτοῦ
434 3031 545 3101 ἐσθίω
573 3034 650 3101 Sch.
684 3033 753 3101 Od.
776 3033 836 3103 Vl.
863 3035 937 3100 249.
956 3029 1183 3124 Ἠπήσασθαι
1209 3047 1240 3102 et
1262 3029 1342 3121 ἧιιιᾷι

258 3137 287 3203 si
318 3136 467 3222 ejusdem
499 3135 611 3223 stirpis
648 3147 751 3213 suut‚·
786 3145 894 3202 tamen
935 3159 1003 3202 non
1040 3137 1129 3204 idem
1161 3138 1294 3204 indicant
1320 3142 1343 3196 et

258 3241 383 3326 φνσιᾷν
412 3259 545 3323 quoque
580 3237 816 3324 significantius
847 3249 897 3306 est
930 3259 1028 3324 quam
1064 3243 1175 3330 φνιιᾷν
1205 3238 1342 3319 simileque

259 3337 483 3403 desiderativis
504 3362 536 3404 v.
557 3340 600 3404 ad
620 3341 743 3405 Buttm.
768 3341 842 3406 390.

201 3425 208 3438 ⁵
342 3441 368 3523 ξ.
390 3439 422 3503 3.
465 3440 540 3504 Iota
561 3441 652 3525 quod
676 3441 711 3506 in
731 3441 956 3526 synthetorum
977 3452 1069 3528 parte
1091 3443 1201 3530 priore
1219 3459 1340 3508 nonnun-

257 3539 498 3625 quam‘deficit,
521 3551 577 3605 ant
598 3542 692 3607 litera
717 3543 897 3608 connexiva
920 3553 1032 3609 estex
1054 3532 1197 3611 omicro
1218 3559 1342 3609 contusa

257 3651 314 3706 aut
345 3641 390 3706 ad
419 3641 681 3709 terminationem
713 3643 866 3730 primitivi
899 3643 1052 3734 pertinet.
1100 3645 1188 3712 Illud
1216 3644 1299 3710 nobis
1319 3639 1342 3701 in

256 3742 489 3828 cogitationem
513 3745 602 3809 venit
634 3755 771 3831 propter
801 3741 1050 3833 Κάλλαισχρος,
1088 3744 1300 3826 καλλωπίζειν
1321 3749 1343 3802 et

255 3844 507 3929 aalisspeivst)
533 3867 616 3930 quae
637 3867 738 3930 quum
751 3845 792 3910 ab
811 3846 881 3910 aliis
901 3846 948 3911 sic
960 3847 1150 3933 compositis
1168 3840 1340 3926 κιδιάνιιρι,

255 3937 482 4032 deiciemus
518 3957 578 4013 etc.
621 3947 823 4034 discrepant,
859 3957 928 4011 tum
961 3949 1058 4014 etia‘m
1095 3972 1114 4014 a
1148 3941 1341 4034 congermanis

255 4041 447 4134 Καλλιόπη,
466 4051 704 4134 καλλιοιργεῖν,
731 4041 969 4132 καλλιώνυμος.
1013 4050 1077 4115 His
1094 4051 1219 4118 accedit
1231 4041 1341 4130 Κιλρμθ·

328 4273 373 4340 lt)
387 4274 448 4328 Iota
467 4279 555 4330 breve
568 4294 699 4331 essenon
712 4279 888 4332 coustatsed
903 4277 960 4332 veri
975 4263 1065 4332 simile
1077 4285 1128 4333 est.
1179 4309 1181 4312 ·
