2825 4809
236 341 312 422 tot
588 333 909 443 nrssnarnmo
937 333 999 408 ιιι.
1069 375 1072 392 .

237 531 369 618 quidem
394 528 458 594 hoc
482 526 725 594 conciliatorem
747 523 909 614 significat
931 525 1015 602 sive,
1040 535 1077 589 ιιι
1097 517 1268 610 germanice
1284 526 1322 592 di·

236 636 328 710 citur,
350 629 573 716 copulatorem
595 629 790 715 (Kuppler),
810 629 901 713 quod
923 649 1017 694 secus
1038 627 1166 692 videtur
1182 627 1324 694 Mciuckio

235 735 344 804 Auall.
366 733 439 799 267.
484 731 554 797 sed
573 730 654 795 nihil
672 731 911 796 controversiae
933 729 1055 794 habent
1075 727 1174 794 haec:
1196 731 1280 814 παρὰ
1297 729 1325 796 oi
1386 723 1387 796 l

236 840 343 924 τέραα
359 831 476 920 reposci
492 833 551 900 καὶ
565 830 686 919 ταρσιά
699 833 796 918 παρὰ
807 827 976 920 ΣιμωνίδῃΙ
990 829 1207 915 (Schneideva
1218 831 1325 917 pult)
1386 817 1387 824 ἵ

217 940 292 1006 Χκαὶ
311 933 392 1003 καθ’
423 931 608 1018 ὑπέρθεσιν
634 931 758 1018 τρασιά
783 935 864 998 ΕΜ.
889 933 961 1010 764,
980 933 1032 998 26.
1063 932 1153 1018 quod
1177 932 1216 998 ab
1238 944 1325 1017 etymo

235 1042 328 1125 θέρω
350 1048 458 1105 torreo
476 1035 607 1122 longius
630 1033 770 1100 discedit
795 1057 892 1120 quam
914 1031 1039 1120 ιαρσός
1065 1044 1098 1098 et
1117 1034 1241 1124 θαῤῥία
1261 1036 1327 1100 Hes.
1387 1053 1388 1060 ¹

236 1162 343 1228 eoque
365 1139 474 1204 differt
495 1135 537 1202 ab
559 1146 634 1201 ante
656 1136 763 1215 dictis,
786 1159 926 1223 quorum
942 1136 1053 1202 nativa
1067 1136 1173 1202 forma
1190 1138 1328 1202 communi
1388 1174 1389 1238 t

234 1244 310 1310 usui
331 1237 578 1308 accommodata
599 1247 663 1314 est,
686 1239 886 1326 transposita
906 1238 1002 1326 poesi
1023 1239 1131 1304 cessit.
1162 1238 1218 1304 Ab
1235 1240 1329 1305 eodem
1388 1239 1389 1256 ¹

236 1357 345 1412 autem
373 1341 473 1408 verbo
499 1340 632 1405 ductum
660 1339 790 1404 videtur
815 1331 1007 1405 cremiorum
1039 1363 1160 1408 nomen
1195 1339 1329 1428 Γάραιαα

234 1443 388 1536 φρύγανα
412 1448 538 1531 Κρῆτες
558 1443 641 1506 Hes.
670 1441 706 1506 id
737 1451 786 1506 est
807 1441 957 1527 τάρσανα
981 1451 1013 1506 et
1039 1437 1233 1528 Τραύσαναν
1253 1440 1332 1530 ξηρὸν

235 1551 305 1614 πᾶν
325 1542 347 1634 ἢ
368 1540 545 1634 φρύγανον,
570 1543 661 1627 quod
683 1543 776 1630 apud
796 1542 877 1608 alios
903 1542 1229 1630 Glossographorum
1244 1541 1330 1607 minus

234 1659 321 1714 recte
343 1642 525 1730 corrigeros
547 1645 708 1710 scribitur.
751 1645 871 1730 Aeque
893 1655 1015 1710 certum
1038 1647 1203 1731 estquod
1227 1645 1331 1710 deno-

233 1749 321 1815 mino
337 1747 464 1812 insulae
486 1746 638 1811 traditur:
663 1741 856 1830 Κράπαθας
877 1739 950 1813 cirri
970 1751 1027 1814 τοῦ
1051 1744 1246 1834 Κάρπαθος
1263 1748 1331 1814 κατὰ
1390 1784 1391 1808 ι

233 1846 575 1934 praedecessio.
599 1848 646 1913 11.
668 1846 742 1913 676.
766 1847 859 1932 cujus
888 1848 931 1912 ad
959 1849 1145 1936 exemplum
1170 1849 1332 1934 Dionysius

234 1954 269 2018 in
289 1949 470 2018 Bassaricis
490 1949 605 2014 urbem
629 1947 733 2035 Cypri
758 1948 951 2036 Carpasium
971 1950 1242 2016 transnominavit
1255 1956 1331 2034 Κρι-

234 2052 388 2121 πάσειαν.
421 2050 515 2117 Idem
536 2052 719 2130 Homerus,
740 2063 839 2137 prout
856 2061 986 2139 tempus
1001 2052 1079 2129 fert,
1101 2053 1205 2118 modo
1221 2051 1334 2136 dripere
1391 2090 1392 2110 ι

234 2155 313 2221 (licit
340 2153 441 2220 modo
463 2148 610 2238 θράσος,
643 2152 703 2216 sed
733 2153 950 2239 posteriorum
982 2154 1180 2240 scriptorum
1206 2152 1334 2219 nonnulli
1391 2175 1392 2207 1

234 2257 297 2324 hac
318 2254 562 2344 opportunitate
582 2253 630 2317 ita
647 2253 699 2318 usi
721 2265 796 2320 sunt
812 2265 849 2319 ut
867 2254 914 2319 illi
929 2253 1068 2321 fiduciae
1085 2256 1256 2322 notionem
1272 2254 1334 2320 sub·

228 2359 385 2444 jicerent‚
407 2357 499 2422 alteri
521 2354 739 2421 confidentiae
759 2379 789 2421 v.
814 2356 952 2423 Gesner.
981 2359 1024 2424 ad
1051 2357 1193 2424 Lucian.
1215 2359 1334 2424 Enoom.
1392 2403 1393 2413 .

233 2461 342 2525 Musc.
374 2462 399 2544 ξ.
427 2457 458 2523 6.
491 2468 525 2522 et
545 2458 684 2544 Interpr.
715 2459 758 2522 ad
780 2455 886 2524 Thus.
908 2459 973 2524 111.
1000 2460 1051 2538 12,
1075 2461 1104 2525 1.
1147 2461 1193 2525 Id
1213 2459 1336 2546 igitura

234 2558 456 2648 superioribus
477 2559 563 2624 hanc
586 2557 683 2624 habet
698 2559 916 2624 differentiam
931 2562 1021 2645 quod
1042 2559 1076 2624 in
1097 2561 1248 2647 pedestri
1268 2581 1335 2645 quo·
1392 2583 1393 2586 ¹

234 2684 298 2749 que
319 2682 469 2728 sermone
491 2661 665 2747 dupliciter
683 2660 810 2726 dicitur.
853 2661 959 2748 Origo
977 2673 1086 2727 tamen
1108 2663 1241 2748 utrique
1263 2681 1335 2726 com-

231 2764 340 2830 munis
361 2786 380 2828 a
401 2761 500 2829 verbo
520 2765 614 2848 θέρω
635 2786 665 2828 v,
688 2761 815 2827 Techn.
836 2763 909 2828 292.
930 2765 1022 2847 cujus
1043 2764 1184 2828 iormam
1207 2763 1337 2849 sequitur

233 2864 392 2932 aeolicum
416 2866 542 2950 θάρσος
563 2875 595 2928 et
616 2863 692 2929 hinc
720 2865 902 2951 composita
926 2863 1143 2950 Θερσίλοχος,
1180 2861 1338 2950 Θερσαγό-

233 2991 296 3052 ρας
330 2989 390 3055 pro
422 2963 662 3053 Θαρααγάρας,
695 2987 804 3051 neque
835 2965 955 3032 deserit
985 2965 1181 3050 adjectivum
1211 2960 1337 3051 θερμάς,

232 3069 322 3156 quod
351 3091 451 3158 saepe
477 3066 533 3134 eda
555 3063 687 3153 θρασύν
713 3068 877 3155 significat
901 3077 938 3133 ut
964 3071 1084 3134 calidus
1112 3069 1271 3133 audacem
1298 3076 1337 3129 at·

232 3193 297 3256 que
318 3167 486 3258 θαλπωρή
510 3191 603 3256 spem
623 3169 765 3235 fiduciae
786 3169 986 3256 genitricem.
1023 3168 1077 3246 Ex
1098 3168 1274 3235 verborum
1295 3188 1338 3232 or·

233 3272 309 3336 dine
330 3269 394 3335 huc
415 3269 556 3357 pertinet
576 3267 713 3358 μάρψαι
737 3281 769 3337 et
789 3267 941 3360 βράψαι,
972 3291 1056 3354 quac
1077 3269 1270 3356 Hesychius
1291 3291 1337 3334 eo·
1390 3341 1391 3346 .

232 3373 307 3438 dem
334 3373 434 3437 modo
460 3372 689 3460 interpretatur
720 3373 905 3456 collaticia.
959 3371 1048 3436 Illud
1079 3371 1179 3438 habet
1207 3373 1339 3457 aliquan
1391 3395 1393 3472 p

231 3495 305 3541 cum
330 3471 485 3561 άρπάσαι
515 3487 548 3539 et
573 3493 684 3558 rapere
713 3472 956 3538 similitudinem
984 3475 1043 3540 sed
1069 3497 1137 3540 non
1164 3485 1286 3540 tantam
1309 3483 1338 3536 ut
1391 3475 1393 3542 l

230 3577 319 3643 idem
341 3597 413 3642 esse
433 3575 598 3652 videatur,
621 3597 729 3660 neque
752 3585 838 3640 certa
863 3586 913 3640 est
933 3574 989 3640 illa-
1014 3574 1054 3640 ab
1077 3575 1193 3664 ignoto
1218 3575 1338 3643 nomine
1391 3547 1393 3674 ξ

229 3678 323 3766 μάρη
366 3677 522 3744 derivatio
567 3688 600 3742 et
636 3687 800 3764 repugnat
841 3675 970 3762 utrique
1014 3678 1154 3744 coriatus
1193 3679 1335 3762 μαπέειν.
1391 3677 1393 3748 l

233 3779 455 3864 Quamobrem
483 3779 518 3843 in
545 3778 671 3844 Techn.
704 3780 758 3844 47.
787 3779 829 3843 ad
856 3777 939 3843 hanc
965 3777 1120 3845 descendi
1143 3779 1338 3852 sententiam,

230 3884 341 3950 literas
363 3881 491 3948 illorum
513 3880 684 3946 verborum
702 3879 899 3970 principales
918 3903 990 3946 esse
1008 3891 1072 3948 tres
1089 3907 1175 3964 μαπ,
1190 3882 1254 3948 rho
1271 3899 1336 3945 vero
1391 3919 1393 3964 ρ

230 3984 447 4051 adventicium
468 3981 580 4049 haberi
604 3995 755 4070 oportere
776 3983 919 4071 ideoque
944 3983 1113 4072 transponi
1141 3981 1287 4072 μάρπτω
1313 3991 1339 4044 ot
1392 4033 1393 4038 ,

228 4087 380 4175 βράπτω.
402 4085 491 4150 Hinc
508 4084 757 4151 existimandum
774 4097 824 4151 est
839 4087 880 4152 de
898 4087 1064 4172 adjectivis
1079 4084 1336 4172 dvgssoipxorog‘)

299 4257 327 4322 6)
344 4255 430 4310 Pselli
447 4273 543 4312 versus
559 4273 630 4327 quos
646 4253 804 4310 Koesterus
824 4253 890 4312 citat
910 4254 1043 4312 adsciti.
1064 4275 1085 4312 s.
1099 4251 1307 4330 Δυςβράκανος,
1325 4269 1338 4306 ιι

231 4327 394 4387 Τίιιιιιιιιιιιο
412 4331 479 4386 editi
498 4342 563 4388 sunt
580 4342 646 4388 aute
665 4333 803 4388 Zonaram
821 4352 849 4408 p.
866 4333 965 4389 CXVI.
982 4353 1007 4389 v.
1020 4337 1062 4390 ιι.
