2825 4809
281 361 345 427 ua
367 354 643 425 annnorum.
688 353 728 423 o.
750 356 797 422 ιι.
829 360 855 443 ι.
877 359 908 422 3.
1062 360 1149 431 aar

84 555 139 623 mni
156 549 244 616 simile
264 544 462 631 significatur
484 542 542 608 sed
566 541 658 627 quod
685 540 795 606 melini
821 542 965 628 speeiem
989 540 1153 625 habet¹¹)

85 668 110 722 ut
128 648 339 737 ιινπρινέλαιον
366 646 484 709 dicitur
514 667 573 731 pro
604 643 764 729 κύπρινον
794 640 908 709 ἔλαιον
924 643 987 727 ¹²).
1036 642 1155 725 Itaque

83 760 131 823 fere
157 770 333 839 persuasum
366 756 416 811 est
443 740 685 829 χαλκεοθώραξ
715 763 783 809 non
813 742 906 807 aliter
936 743 1155 829 compositum

81 878 134 923 osse
154 874 239 937 quarn
257 844 489 930 χαλκοθιάραξ.
536 846 605 913 Sed
626 868 646 909 ιι
668 844 878 943 substantivis
897 845 932 908 in
955 844 1056 909 altera
1078 866 1155 929 syn·

81 956 139 1023 theti
162 962 244 1039 parte
265 948 431 1015 oollooatis
453 946 539 1011 huno
561 946 788 1033 pleonasmum
809 946 1049 1030 abjudioamus,
1081 968 1157 1011 nam

79 1054 265 1140 παγχάλκεος,
290 1047 499 1136 παγχρύσεος
520 1070 561 1113 ex
581 1048 748 1133 adjectivis
766 1049 912 1114 'conflata
927 1059 1019 1124 sunt3
1041 1048 1158 1133 πενίης

79 1152 206 1236 ἀχάλκεος
230 1146 327 1228 οάἀάς
357 1151 393 1214 in
419 1150 559 1215 Luciani
587 1149 703 1236 Epigr.
732 1171 923 1235 expressum
948 1150 1081 1233 quidem
1109 1157 1159 1212 est

77 1280 107 1321 τι
121 1253 268 1319 homerico
289 1247 427 1332 χάλκεος
449 1244 548 1329 οάἀός
569 1252 628 1316 sed
653 1251 818 1316 intellectu
838 1251 945 1316 facete
965 1259 1089 1315 mutato
1111 1249 1158 1313 sio

78 1368 103 1419 ut
122 1378 178 1419 non
202 1349 324 1435 χαλκός
348 1350 549 1436 significetur
577 1352 635 1417 sed
656 1354 807 1434 χαλκοῦς.
851 1351 1038 1434 Είιττίχεος,
1068 1350 1159 1437 quod

76 1457 151 1521 multo
173 1453 332 1539 antiquius
355 1462 405 1517 est
431 1474 528 1538 qnam
552 1446 712 1535 εάτειχος,
740 1454 951 1521 Grammatioi
974 1476 992 1519 e
1014 1453 1159 1539 genitivo

77 1558 304 1632 manserunt,
334 1556 406 1641 sad·
414 1555 536 1639 justius
564 1555 865 1641 paraschematismi
894 1577 1014 1621 nomen
1040 1554 1161 1640 aooipit

75 1670 101 1723 ut
116 1654 248 1736 ἀνείδεος
270 1669 304 1723 et
322 1656 469 1721 similiter
488 1655 579 1721 finita
603 1678 686 1741 quae
708 1657 743 1720 in
762 1657 881 1722 Parall.
899 1658 972 1722 245.
995 1656 1138 1721 traotavi.

137 1796 158 1879 ξ.
180 1794 208 1858 3.
251 1790 311 1857 Ad
339 1792 563 1878 pleonasmos,
598 1790 654 1875 qui
684 1792 719 1855 in
747 1792 912 1856 declinatu
943 1791 1080 1856 existere
1110 1785 1160 1853 di-

74 1906 177 1972 turtur,
198 1892 335 1959 transire
356 1891 485 1979 paranti
508 1914 613 1978 pauca
629 1894 866 1979 praemittenda
884 1904 959 1958 sunt
978 1892 1018 1957 de
1036 1915 1160 1979 prono·

75 1995 204 2061 minibus:
228 1991 246 2083 ἡ
272 1992 343 2060 τεΐν
366 1989 552 2072 ἀντωνυμία
573 1992 698 2081 ἀωρικη
727 1988 811 2061 οάοα
839 1995 923 2062 κατὰ
954 1992 1163 2075 πλεονασμὸν

72 2086 342 2183 τοῖιῖἒξηνίχθη,
372 2089 453 2159 ὅθεν
484 2089 692 2181 φυλάσσεται
720 2088 738 2160 ὁ
765 2090 866 2173 αὐτὸς
891 2094 987 2173 τόνος
1013 2092 1091 2161 Sch.
1118 2094 1161 2157 A.

74 2194 104 2259 Il.
120 2196 170 2261 XI.
196 2196 271 2261 201.
316 2196 393 2259 Hoc
423 2193 589 2257 tamenin
613 2194 872 2280 Epim.1.409.
896 2219 915 2258 a
937 2194 1098 2283 pareotasi
1120 2192 1164 2257 ad

73 2294 139 2361 aliud
157 2320 260 2383 genus
284 2294 468 2384 pleonasini
485 2294 682 2374 transfertur,
708 2297 760 2362 oui
782 2297 951 2385 proprium
974 2308 1023 2361 est
1045 2319 1164 2361 nomen

69 2397 267 2481 parenthesis;
298 2392 317 2485 ἦ
346 2394 400 2463 τοί
429 2391 616 2481 ἀντωνυμία
646 2396 769 2483 γίνεται
800 2396 897 2481 παρὰ
917 2401 1087 2483 Δωριεῦσι
1113 2394 1165 2462 τίν

70 2499 112 2563 κοί
134 2499 225 2583 παρὰ
256 2502 305 2585 τῷ
335 2501 461 2586 ποιητῇ
491 2498 693 2585 πλεονασμῷ
717 2501 776 2565 τοῦ
798 2486 914 2564 {salv
937 2497 992 2563 καί
1015 2497 1164 2565 διαλύσει

67 2596 129 2676 τείν,
157 2600 215 2664 sed
243 2596 508 2683 monosyllabum
537 2598 618 2663 illud
645 2622 712 2664 non
733 2596 862 2684 legitur.
906 2597 1065 2683 Ejusdem
1087 2622 1164 2685 pro-

67 2700 185 2764 nominis
205 2721 321 2765 oasum
344 2698 523 2765 seeundum
548 2706 638 2766 τεοῖο
665 2711 697 2763 et
717 2697 855 2763 Homeri
883 2700 1075 2787 interpretes
1104 2700 1164 2763 im-

66 2798 185 2883 probant
212 2802 256 2865 ad
279 2802 320 2865 Il.
342 2800 440 2868 VIII.
463 2800 516 2864 28.
547 2810 579 2865 et
605 2801 805 2889 Apollonius
828 2801 921 2885 Synt.
949 2800 994 2865 II.
1018 2801 1070 2878 21,
1094 2800 1165 2865 164.

65 2918 87 2962 ν.
111 2902 298 2966 Buttmann.
333 2900 476 2967 Gramm.
505 2899 532 2965 Ι.
563 2902 636 2967 288.
671 2904 782 2967 adnot.
847 2902 1007 2985 Quaestio
1043 2914 1092 2967 est
1126 2901 1168 2966 de

65 3006 241 3085 pronomine
264 3008 432 3090 personae
449 3002 579 3067 tertiae:
602 3006 641 3070 τὸ
662 3005 769 3093 σφέας
790 3001 934 3087 πότερον
955 3002 1041 3069 κατὰ
1065 3005 1168 3068 πλεο-

65 3102 171 3185 νοομάν
197 3104 273 3170 ἐστι
297 3108 357 3171 τοῦ
369 3091 397 3170 ἶ
417 3097 438 3190 ἢ
457 3104 495 3168 τί)
521 3106 610 3190 σφᾶς
628 3100 714 3170 κατά
735 3104 939 3191 συναίρεσιν,·
962 3103 1018 3169 καί
1033 3104 1170 3187 λέγομεν

62 3196 103 3265 ἀιι
127 3204 210 3273 κατὰ
241 3202 493 3287 πλεονασμόν..
523 3201 684 3271 Καθόλου
711 3202 774 3292 γὰρ
813 3204 847 3270 ἕν
880 3206 1121 3292 πληθυντικῶς
1149 3188 1165 3267 i

64 3305 109 3366 toi
137 3304 254 3387 τρίτου
288 3302 473 3387 προςώνιοιι
505 3300 690 3389 ἀντωνυμία
730 3301 891 3393 ἀρχομένη
928 3301 996 3371 ἀπὸ
1030 3308 1089 3372 τοῦ
1116 3289 1170 3395 'up

63 3398 135 3470 aaz
161 3408 336 3491 συλλαβῆς
362 3408 419 3471 τοῦ
450 3400 585 3491 πρώτου
615 3404 670 3472 καί
700 3407 855 3493 δευτέρου
882 3402 1067 3493 προςιάπου
1098 3397 1170 3470 οἷον

64 3496 142 3587 ημεῖς
162 3500 263 3590 ὑμεῖς
281 3512 390 3593 σφεῖς,
418 3500 510 3593 ἡμῶν
529 3501 618 3588 ὑμῶν
636 3512 745 3595 σφῶν,
769 3503 847 3595 ἡμῖν
867 3502 945 3591 ὑμῖν
969 3504 1058 3593 οφίν,
1083 3500 1170 3595 ημᾶς

118 3758 161 3823 ΙΙ)
182 3758 218 3815 Ιιι
238 3759 339 3815 Dioso.
357 3758 427 3813 Mat.
441 3757 475 3811 V.
491 3759 532 3812 97.
553 3776 605 3828 pro
624 3755 771 3831 μηλαειδίις
790 3760 827 3828 τῷ
839 3754 968 3830 χρώματι
987 3760 1172 3831 Sprengelim

61 3855 112 3893 oum
129 3843 225 3900 Sarac.
248 3842 363 3916 scripsit
379 3841 568 3915 μηιινοειδης,
589 3862 661 3917 quae
681 3843 842 3899 necessaria
862 3853 938 3901 asset
957 3847 1097 3904 correctio
1116 3846 1172 3904 nisi

60 3926 173 3982 additum
192 3938 274 3985 esset
291 3934 329 3999 τῷ
341 3927 477 4003 χρώματι.

119 4032 162 4098 m)
184 4032 235 4086 Sic
258 4030 315 4085 alia
335 4030 460 4085 oleorum
480 4049 585 4100 genera
605 4034 639 4085 ab
660 4032 783 4103 antiquis
802 4035 981 4106 appellantur
1004 4038 1097 4090 ἔλαιον
1121 4014 1173 4089 τλά-

60 4130 151 4182 ηνινον
169 4116 199 4171 τὸ
220 4113 281 4171 ἀπὸ
301 4120 355 4172 τῶν
373 4118 530 4189 tumultur,
549 4116 626 4172 aliud
644 4124 768 4173 κνίκιναν
780 4119 839 4173 sive
853 4115 991 4189 νινήκννον,
1010 4122 1088 4175 aliud
1099 4117 1173 4194 μύρ-

58 4215 136 4270 σινον,
160 4206 215 4259 aad
234 4220 254 4258 a
273 4201 478 4259 recentioribus
499 4204 678 4275 δαφνέλαιαν,
698 4208 860 4275 minitatur,
876 4210 1082 4278 μυρσινίλαιον,
1108 4226 1174 4263 πισ-

56 4288 167 4344 atteror.
