2825 4809
262 351 338 432 602
622 343 943 419 DISSERTATIO
966 346 1010 422 V.

262 533 391 605 ἐπίπαν
420 530 545 626 τόλμης
576 534 692 626 ἥκουσι
728 539 846 606 Galen.
873 539 963 626 Iseg.
989 537 1054 605 IX.
1081 537 1132 605 98.
1161 539 1198 607 Τ.
1217 541 1242 607 Ι.
1262 542 1323 610 ratio

261 639 369 727 ponoit
390 638 449 706 ἐπὶ
472 643 563 719 πᾶν,
596 640 686 725 quod
717 641 942 709 Blomfieldiue
976 641 1115 709 renotuit
1152 641 1184 708 in
1214 665 1325 732 σπαρτα

262 742 321 808 etio
346 740 468 808 Aeeoh.
497 742 591 808 Pers.
613 743 666 808 42.
694 765 755 830 pro
784 742 914 810 ἐπίπαν
940 739 1151 834 ἠπειρογενὲς
1174 746 1327 827 κατέχουσιν

261 839 362 921 ἔθνος
393 843 452 910 sed
476 843 557 908 fnlso
580 843 643 910 hoo
665 845 765 933 alpha
786 845 884 912 breve
908 846 1028 912 habere
1050 847 1150 912 eredit
1163 855 1197 910 nt
1211 845 1326 932 τρύπα,

261 942 397 1028 σύμπαν
425 942 559 1030 (δίπαν).
614 947 745 1013 Etenim
774 949 856 1015 hoec
888 959 964 1016 eunt
993 959 1108 1014 neutro
1139 947 1328 1032 adjectivorum

262 1068 321 1133 per
342 1067 454 1113 omnen
476 1067 570 1114 oenus
592 1048 837 1129 declinatorum,
859 1049 990 1119 ἐπίπαν
1013 1073 1089 1117 vero
1112 1072 1227 1116 merum
1244 1051 1329 1115 adver·

261 1146 352 1213 bium
379 1171 419 1214 ex
452 1147 578 1214 duobus
604 1151 753 1237 portibus
774 1154 952 1220 oonflotum
981 1162 1118 1220 oooentu
1140 1152 1264 1234 onom).
1289 1152 1329 1217 Ad

261 1244 450 1333 σόμπάντες
481 1251 561 1317 nihil
602 1255 730 1320 aceedit
759 1256 897 1342 propius
934 1276 1034 1340 quom
1066 1252 1245 1339 σύμπολλα
1269 1253 1330 1317 Pht

262 1349 481 1434 συμπλείσυες
502 1354 639 1422 Aristot.
663 1357 763 1422 Polio.
787 1359 851 1424 111.
876 1356 926 1423 15.
953 1381 986 1444 p.
1011 1352 1103 1423 1286.
1126 1355 1159 1421 b.
1180 1354 1227 1421 36.
1246 1364 1273 1419 et
1287 1377 1330 1418 nn·

157 1465 159 1470 '
261 1453 395 1519 morolio
416 1475 489 1520 oum
511 1455 573 1521 hoo
594 1460 840 1545 praepositione
861 1460 1036 1544 conjuncte
1062 1458 1124 1524 sed
1150 1457 1225 1522 haee
1240 1479 1331 1541 nequo

263 1577 361 1642 quam
392 1557 506 1624 eedem
538 1558 720 1646 scripturae
749 1562 948 1628 constantin:
980 1555 1100 1628 σύνδυο
1132 1554 1289 1647 γράφουσιν
1309 1553 1332 1622 οἱ

253 1651 401 1725 Ἀττικοί
433 1656 514 1727 καθ’
549 1655 735 1749 ὁμοιότητα
768 1667 831 1729 τοῦ
862 1658 1010 1750 σύντρεις
1043 1663 1140 1728 Euet.
1171 1661 1243 1737 800,
1261 1660 1285 1723 4
1303 1656 1330 1724 τό

263 1754 410 1847 σύντρεις
433 1755 568 1829 σἰττικὸν
596 1761 689 1829 καθὰ
723 1763 782 1831 καὶ
807 1758 945 1832 σύνδυο·
984 1763 1044 1833 σὺν
1077 1767 1170 1850 τρεῖς
1199 1760 1234 1826 δι’
1256 1757 1333 1826 εἰπεῖν

263 1863 321 1949 τῆς
342 1867 455 1951 κοινῆς
478 1861 550 1931 ἐστι
575 1860 744 1953 φράσειας·
769 1864 857 1932 ούτω
884 1867 1038 1933 λαλεῖται
1056 1865 1114 1932 καί
1139 1861 1178 1931 τδ
1197 1858 1335 1943 ξυνεείκοσι

265 1963 357 2042 1638,
379 1966 431 2031 21.
453 1961 578 2034 Σύνδυσ
599 1977 729 2054 praeter
749 1966 831 2033 alios
853 1967 888 2033 in
909 1965 974 2032 Th.
997 1967 1064 2033 oio.
1085 1965 1206 2053 legitur
1223 1964 1336 2030 Dono

262 2067 347 2132 Mid.
375 2065 456 2146 564,
485 2069 537 2134 22.
563 2069 722 2158 Xenoph.
750 2068 943 2137 Αοο6.1ῙΙ.
966 2070 1003 2147 3,
1031 2070 1060 2134 1.
1087 2078 1124 2133 et
1154 2068 1202 2133 oio
1225 2065 1255 2130 in
1278 2063 1337 2128 Plo

263 2169 373 2236 Porm.
403 2171 474 2236 143.
496 2171 542 2236 D.
568 2171 674 2259 Hipp.
695 2171 745 2236 M.
769 2171 843 2236 282.
865 2171 906 2237 E.
934 2191 996 2258 pro
1021 2169 1080 2239 σὺν
1109 2166 1172 2235 δύο
1200 2165 1340 2232 seeundum

266 2271 469 2360 Stephanum
502 2273 702 2362 seripserunt
734 2273 850 2350 oeteri3
890 2273 1006 2338 eodem
1040 2269 1200 2337 oorreotio
1230 2264 1341 2332 adhibita

266 2383 314 2438 eet
341 2373 439 2439 Pind.
465 2375 506 2441 P.
528 2375 589 2443 IV.
619 2375 690 2442 159.
719 2375 842 2440 Athen.
870 2373 1067 2443 17111337.
1094 2374 1141 2439 D.
1175 2366 1281 2439 σύνδυο
1303 2365 1344 2433 καὶ

265 2470 414 2563 σύντρεις
436 2477 556 2544 Jambl.
580 2480 621 2546 V.
649 2476 749 2564 Pyth.
770 2475 872 2542 XXI.
895 2477 947 2542 97.
978 2499 1012 2563 p.
1037 2475 1112 2541 212.
1141 2475 1202 2539 ned
1228 2473 1280 2539 σύν
1303 2464 1345 2533 δύο

263 2575 382 2664 Polyb.
406 2577 501 2645 VIII.
527 2578 564 2657 6,
593 2580 624 2645 2.
652 2580 744 2666 quod
771 2578 912 2645 correxit
931 2577 1120 2654 Bekkerne,
1152 2574 1210 2642 σὺν
1230 2567 1283 2640 δύο
1306 2569 1346 2636 καί

266 2679 327 2746 σδν
345 2685 433 2766 τρεῖς
452 2680 574 2746 Moloh.
596 2681 729 2748 Philnd.
751 2681 839 2746 Hin.
870 2702 904 2768 p.
927 2679 979 2744 90.
1002 2677 1042 2746 C.
1071 2665 1221 2761 σύντρεις
1238 2673 1347 2740 Luoian.

264 2782 346 2847 Euo.
368 2781 464 2848 Dem.
490 2786 515 2866 ς.
538 2783 590 2848 21.
613 2777 672 2848 σόν
693 2780 794 2850 πέντε
814 2781 873 2848 καὶ
893 2780 953 2849 σύν
974 2775 1083 2848 πλείω
1097 2778 1235 2844 Ασὶούδ.
1254 2801 1284 2863 p.
1296 2775 1347 2840 156.

266 2881 307 2947 Τ.
329 2881 357 2947 Ι.
379 2881 571 2950 Dindorfius
595 2882 729 2970 hyphen
751 2881 900 2970 scripsit3
931 2881 990 2950 σύν
1018 2882 1116 2949 πέντε
1148 2879 1262 2966 (Bekk.
1286 2873 1348 2960 σύμ-

266 2985 382 3069 πεντε)
410 2984 469 3050 καὶ
502 2980 599 3064 σόυεξ
626 2987 791 3073 Harpoor.
822 3009 849 3050 ε.
879 2982 1068 3068 Συμμσρία,
1107 3005 1171 3069 pro
1206 2979 1262 3046 σύν
1284 2971 1349 3045 όκτύ

267 3086 389 3153 Athen.
411 3085 491 3155 XV.
515 3088 587 3152 702.
608 3089 648 3154 Β.
675 3087 870 3154 Βὶσδσσίίιιε
896 3084 994 3152 tooite
1020 3081 1184 3163 σονόκτω,
1212 3091 1348 3169 postremo

266 3209 327 3275 pro
343 3189 402 3255 σύν
420 3184 522 3277 ύμφισ
540 3187 697 3280 Apollon.
715 3189 776 3257 lv.
797 3188 868 3254 134.
893 3209 934 3252 ex
959 3209 1026 3252 uno
1048 3185 1122 3252 ood.
1145 3195 1303 3270 receptum
1316 3189 1351 3244 eet

267 3284 439 3376 συνάμφω,
462 3289 552 3374 quod
570 3313 731 3378 persaepe
749 3290 870 3378 legitur
876 3314 886 3368 3
904 3286 1095 3356 συνδώδεκα
1113 3288 1195 3352 Eur.
1212 3285 1265 3349 Tr.
1282 3281 1349 3347 1083.

268 3403 400 3458 auctore
415 3393 590 3470 Bornesi03
610 3390 847 3460 συνεκκαίδεκα
866 3391 964 3458 Dem.
984 3388 1061 3456 cor.
1077 3389 1150 3455 266.
1168 3392 1290 3454 Horum
1305 3385 1350 3448 duo

266 3519 333 3561 non
344 3494 449 3560 solum
460 3493 668 3561 anabibnemo
688 3503 841 3560 acoentuo
859 3492 1103 3579 distinguuntur
1114 3492 1175 3557 sed
1193 3490 1283 3556 etiam
1292 3484 1350 3551 σσοί-

266 3595 433 3663 milatione
452 3619 626 3676 consonae,
646 3594 809 3681 σύμπεντε
828 3605 862 3660 et
878 3589 1076 3681 σύμπαντες,
1096 3593 1138 3660 de
1154 3615 1222 3679 quo
1237 3589 1352 3676 loquitur

267 3700 479 3766 Herodianus
500 3701 534 3765 in
556 3699 633 3768 seh.
655 3699 695 3764 Il.
717 3698 798 3765 XV.
821 3697 895 3762 248.
919 3693 1044 3763 ἐνθάδε
1064 3694 1125 3781 μὲν
1146 3691 1167 3782 ἦ
1190 3691 1293 3781 γραφὴ
1310 3685 1349 3755 διό

267 3809 326 3874 σού
350 3792 506 3890 μ’ίστίν,
529 3800 605 3868 ἐπεὶ
628 3797 715 3868 κατὰ
736 3795 907 3866 σύνθεσιν·
934 3797 969 3865 όν
997 3796 1036 3865 δὲ
1067 3801 1116 3885 τῷ
1139 3794 1302 3878 τεύχεσι
1321 3812 1351 3855 τε

269 3905 336 3988 ξύν
357 3907 459 3971 πᾶσι
482 3898 623 3990 φυλάξει
647 3900 687 3968 τὸ
709 3891 735 3967 ἶ
756 3895 875 3987 ἑαυτῆς
897 3893 917 3987 ἡ
942 3895 1111 3986 πρόθεσις
1139 3896 1199 3964 διὰ
1229 3895 1283 3983 τὴν
1301 3915 1350 3960 πα·
1383 3860 1384 3953 λ

269 4004 421 4095 ρόθεσιν.
460 4005 528 4073 Sed
549 4013 664 4068 notum
693 4013 744 4068 est
763 4023 926 4068 consonae
957 4000 1055 4065 etiam
1078 3999 1114 4065 in
1141 3997 1299 4086 paratheei
1316 3994 1350 4058 io·
1383 4052 1384 4093 ρ

269 4110 396 4178 tendum
417 4106 586 4174 assimilari
606 4104 740 4192 ε’μμὲσφ
762 4114 823 4170 ete.
845 4126 874 4170 v.
893 4103 936 4168 οδ
952 4103 1008 4189 Aj.
1030 4126 1064 4192 p.
1083 4102 1155 4169 348.
1179 4112 1213 4169 et
1232 4101 1265 4166 in
1283 4091 1352 4164 hnesi

340 4331 386 4400 86)
396 4328 560 4389 Ἐπίπαντες
571 4333 600 4382 et
612 4327 750 4398 ἓμπαντες
760 4330 841 4380 extro
852 4323 939 4380 Ineor.
952 4340 1009 4380 non
1020 4321 1209 4380 inveniuntur.
