2825 4809
218 345 296 443 σε
570 337 890 406 consummo
916 342 981 407 111.

216 522 458 591 materiantium
488 532 663 609 putescunt
690 522 732 589 ol.
761 524 886 590 Techn.
914 526 988 591 294.
1018 528 1093 593 adn.
1124 528 1177 593 10.
1218 528 1329 613 Neque

222 638 330 693 umen
351 624 625 712 praetereundum
647 634 697 691 est
723 626 863 691 eundem
888 638 1024 713 poetam
1050 630 1144 715 ligna
1160 641 1228 694 non
1250 632 1329 717 κῆλα
1392 670 1393 695 i

221 730 332 799 dicere
362 728 421 793 sed
450 730 548 793 κᾶλα.
593 728 635 793 ln
670 726 808 791 uansitu
834 749 901 791 non
927 728 1114 796 omittemus
1142 730 1331 815 adjectivum

219 830 312 915 quod
334 830 414 895 EM.
433 827 505 904 510,
520 826 572 896 26.
597 826 638 892 ab
662 828 777 893 cadem
800 828 928 915 origine
948 832 1084 896 arcessit
1104 833 1189 920 κῆλα
1203 830 1329 920 veeste

219 930 315 1019 παρὰ
336 930 375 999 τὸ
400 929 497 1007 καίιο,
524 924 605 993 ὅθεν
627 928 710 1012 περὶ
732 930 839 1015 κηλέῳ
865 929 1017 997 τουτέστι
1040 937 1211 1019 καοστικῷ
1232 934 1328 999 πλεο-

215 1035 334 1121 νασμῷ
357 1036 416 1099 τοῦ
435 1016 469 1109 ε’,
486 1028 545 1095 ubi
567 1028 692 1113 aliquid
713 1031 875 1099 excidisse
895 1032 1026 1098 videtur
1041 1032 1231 1115 hujusmodi
1252 1031 1330 1099 uses
1372 1063 1374 1066 ·

218 1132 336 1209 καὶτὸ
364 1130 562 1199 iustissimis
591 1131 691 1218 κηλός
716 1126 734 1197 ὃ
755 1127 933 1209 καυστικός
959 1134 1016 1201 καὶ
1044 1136 1247 1220 πλεονασμῷ
1274 1158 1329 1220 κη·
1392 1142 1393 1205 l

217 1229 303 1313 λαός.
357 1231 576 1318 Bisyllabum‚
614 1231 705 1316 quod
735 1231 923 1317 Hesychius
962 1231 1062 1323 ξηρόν
1095 1236 1329 1321 interpretatur,
1392 1252 1393 1301 3

218 1335 427 1423 Chrysippus
451 1332 589 1399 inseruit
614 1332 739 1416 Odyss.
756 1334 799 1401 V.
818 1334 893 1400 240.
915 1358 978 1421 pro
998 1335 1164 1421 περίκηλα
1189 1335 1331 1400 scribens

217 1437 298 1525 περὶ
329 1438 415 1526 κῆλα
445 1429 545 1522 ἤγουν
574 1437 741 1519 περισσῶς
769 1431 875 1520 ξηρά,
907 1435 1067 1501 incertum
1098 1459 1165 1521 quo
1187 1447 1330 1502 accentus.
1392 1464 1393 1469 ¹

217 1540 306 1620 Nam
329 1538 369 1603 ll.
392 1535 489 1603 VIII.
515 1533 589 1599 217.
613 1532 668 1597 alii
690 1535 797 1622 κηλέῳ
819 1536 983 1621 jubebant
1008 1549 1166 1623 tanquam
1186 1537 1228 1602 ab
1249 1537 1329 1603 inte-

216 1665 278 1729 gro
300 1633 449 1728 κήλειος,
482 1636 538 1701 alii
563 1637 671 1721 κηλεῴ
690 1646 847 1721 tanquam
865 1638 1029 1725 integruun
1051 1662 1073 1704 a
1090 1652 1180 1705 recto
1207 1635 1328 1726 κηλεός,

217 1742 310 1830 quod
335 1734 467 1829 κηλειός
495 1737 561 1803 dici
587 1736 696 1822 potuit
721 1747 758 1801 ut
784 1733 934 1820 ἕρεκειός.
983 1737 1145 1826 Οἰνάρεον
1166 1742 1324 1824 quomodo
1392 1734 1393 1815 l

216 1868 292 1911 oum
325 1840 457 1929 οἷ’καρον
491 1836 681 1905 commutari
714 1838 821 1925 possit
853 1840 1027 1927 explanavi
1065 1842 1100 1906 in
1130 1840 1233 1907 Proll.
1257 1842 1328 1905 280.

215 1945 396 2015 Nominum
425 1940 651 2007 tritoclitorum
687 1960 788 2005 unum
816 1962 922 2024 genus
951 1941 1016 2007 huc
1046 1942 1245 2028 applicatur:
1277 1966 1330 2007 κε-

213 2044 297 2115 νεών
318 2037 527 2131 περιεκτικόν
550 2040 638 2118 ἐστι,
669 2040 880 2122 πλεονασμὸν
907 2043 945 2107 δὲ
969 2040 1116 2123 ἔχειτοῦ
1141 2031 1332 2127 δευτέρου-ε
1392 2054 1393 2139 ]

217 2144 304 2215 κατὰ
329 2144 366 2209 τὸ
395 2137 581 2225 ἅνθερεών,
618 2135 810 2218 ἇκακθεών,
839 2139 982 2219 πσλεών,
1003 2140 1198 2228 χαρὰδρεώκ
1219 2143 1329 2209 Schol.
1392 2140 1393 2193 l

95 2298 105 2317 .
211 2246 311 2333 Lips.
334 2244 376 2307 ad
405 2242 444 2307 ΙΙ.
467 2242 511 2309 V.
532 2240 605 2305 284.
637 2251 670 2305 et
689 2242 784 2305 Euat.
802 2239 884 2319 547,
909 2242 962 2307 42.
992 2244 1052 2308 sed
1079 2242 1169 2307 idem
1190 2243 1273 2321 224,
1300 2246 1330 2309 3.

211 2340 334 2413 κενεῶν
356 2342 396 2407 ab
419 2342 578 2427 adjectivo
603 2335 714 2417 κενεός
734 2341 870 2429 repetit3
901 2366 1009 2428 neque
1032 2343 1141 2409 obstat
1159 2345 1252 2428 quod
1273 2367 1330 2429 pe-

211 2445 348 2512 ricotica
374 2442 416 2507 ab
445 2440 612 2527 adjectivis
642 2462 710 2506 non
740 2442 941 2520 derivantur3
971 2468 1047 2509 nam
1078 2445 1160 2509 illud
1189 2444 1332 2531 speciem

213 2547 316 2613 modo
352 2543 520 2632 periectici
553 2542 663 2607 habet.
715 2542 811 2625 Quae
841 2567 917 2610 vere
952 2545 1224 2633 comprehensiva
1259 2557 1331 2611 sunt

214 2652 300 2717 <luas
323 2646 566 2713 terminationes
588 2643 726 2723 habent,
756 2667 855 2709 unam
882 2646 1062 2712 solemnem
1089 2658 1122 2714 et
1146 2648 1279 2713 atticam
1297 2648 1331 2711 in

214 2738 278 2829 αἶ,
309 2750 442 2813 alteram
470 2747 577 2811 minus
599 2755 765 2831 receptam
789 2746 825 2811 in
840 2732 915 2812 ἐἰσ-ν’
929 2769 960 2811 v.
985 2748 1027 2811 ad
1055 2749 1179 2813 Buttm.
1202 2750 1278 2814 422.
1301 2759 1332 2812 et

213 2851 280 2923 hoc
305 2848 433 2936 epsilon
466 2856 503 2911 ut
530 2846 565 2911 in
594 2845 782 2912 nomInibus
809 2847 844 2912 in
864 2834 930 2927 m}
947 2847 1141 2913 exeuntibus
1180 2870 1242 2936 pro
1274 2872 1330 2913 cu-

205 2954 333 3037 jusque
354 2969 508 3015 mensura
536 2945 636 3011 modo
665 2959 791 3013 mutum
817 2959 866 3014 est
903 2951 1003 3017 modo
1030 2949 1190 3034 syllabam
1222 2951 1330 3027 efficit,

212 3054 261 3119 sic
286 3052 385 3116 etiam
404 3051 439 3115 in
458 3047 523 3115 hcc
544 3054 679 3133 genere3
700 3072 778 3115 nam
797 3047 943 3131 χαλκεών
966 3052 1058 3137 apud
1078 3063 1196 3138 poetas
1217 3052 1330 3138 epicos

200 3152 409 3238 ‘bisyllabum
441 3160 491 3217 cst
523 3148 583 3214 scd
615 3146 827 3234 παρθενεώκ,
867 3148 1048 3235 εὀχαρεών,
1072 3147 1253 3237 ἄμπελειόν
1285 3153 1330 3217 sic
1369 3232 1374 3237 ³

210 3253 471 3342 pronunciantur
499 3260 535 3315 ut
560 3258 699 3314 metrum
730 3250 849 3336 poscit.
899 3252 1024 3319 Verum
1047 3262 1178 3339 tempus
1203 3254 1329 3319 videtur

213 3375 399 3421 sermonem
423 3352 467 3417 ad
489 3351 569 3417 alias
595 3360 703 3437 partes
730 3352 886 3420 orationis
908 3353 1090 3448 transferre.
1134 3352 1328 3437 Βλεμεαίνα

214 3452 312 3537 παρὰ
331 3451 370 3519 τὸ
387 3450 502 3539 βρέμω
520 3447 690 3537 βρεμαίνισ
708 3456 819 3539 τροπῇ
834 3456 897 3519 τοῦ
913 3477 932 3539 ρ
950 3451 1010 3518 καὶ
1027 3455 1229 3540 πλεονασμῷ
1242 3442 1329 3520 τοῖσε

211 3555 294 3627 ΕΜ.
318 3552 390 3630 199,
412 3551 465 3617 45.
508 3551 562 3617 Illi
586 3551 782 3619 simillimum
806 3562 858 3618 est
883 3552 1079 3640 Βρεμεαίκω
1101 3551 1170 3641 ἦχῶ
1192 3556 1276 3619 Hes.
1298 3565 1327 3618 ct

211 3656 311 3739 hujus
341 3662 454 3740 aperta
482 3673 556 3716 oum
585 3651 696 3737 βρὲμω
724 3650 890 3737 βριμαίκω
917 3659 1128 3739 βριμσῦσθαι
1157 3654 1324 3741 cognatic;

212 3757 256 3827 dc
292 3754 348 3820 illo
380 3754 528 3819 nonnulli
560 3751 711 3817 dubitant
739 3776 769 3822 v.
800 3751 926 3820 Techn.
958 3754 1032 3821 237.
1065 3754 1195 3841 epsilon
1223 3767 1325 3821 autem

211 3857 343 3943 utrique
371 3867 438 3921 tam
465 3856 565 3921 fixum
596 3862 646 3918 est
671 3876 769 3939 quam
796 3854 897 3921 verbo
925 3854 1095 3933 μενεαίνω.
1150 3856 1323 3939 Quomodo

210 3980 235 4025 a
254 3964 362 4041 τεῖχος
383 3955 512 4039 τεεχίζω
538 3955 676 4032 ducitur,
703 3954 744 4019 ab
764 3948 871 4033 &song
894 3951 1033 4038 ἀνθίζο,
1056 3956 1104 4021 εἰσ
1121 3956 1162 4021 ab
1180 3958 1321 4023 obsoleto

212 4057 332 4147 κτέρος
353 4054 490 4143 κτερίζω
519 4068 552 4122 et
571 4056 648 4120 hinc
677 4055 832 4141 κτερεΐξω
854 4079 914 4143 per
934 4057 1118 4144 parectasin
1146 4069 1184 4122 ut
1203 4057 1321 4143 μελίζο

212 4153 250 4223 el
270 4157 409 4241 μελεΐζω
430 4146 504 4223 oum
526 4154 679 4221 adverbio
701 4153 851 4238 μελεϊστί
873 4158 964 4241 quod
984 4181 1083 4244 saepe
1104 4159 1238 4244 legitur,
1264 4182 1320 4243 με·

208 4256 304 4322 λισιί
337 4258 446 4322 semel.
510 4257 732 4323 Numeralium
765 4258 962 4323 mentionem
994 4260 1129 4326 facimus
1162 4283 1228 4325 non
1257 4270 1319 4321 tam
