2825 4809
239 313 314 392 550
357 359 361 365 ·
588 305 910 379 DISSERTATIO
936 301 1003 372 111.

240 494 391 586 ποκρήιη
422 499 476 564 ted
495 491 620 564 Ἵππου
651 492 753 584 κρήνη
782 497 891 562 dieunt
922 505 958 562 ut
984 493 1139 560 Hesiodus
1165 505 1191 560 et
1214 495 1314 562 Αιαλυι.

239 606 282 670 ln
308 603 433 668 Latinis
459 617 581 681 semper
609 599 807 664 uniendum
833 607 878 663 est
904 598 1015 680 Hippo
1036 615 1139 670 οιαιι,
1167 597 1318 664 Menandro

243 705 354 776 Tenis,
383 702 570 766 Annonem
591 698 779 782 Stephanus·
822 697 876 766 sir
896 695 1029 786 Μόψου
1053 692 1143 762 ἑστία
1167 695 1267 764 Gemi
1282 703 1318 764 dl-

240 815 332 878 runt,
354 822 422 868 non
441 797 668 888 Μοψοεοτία,
691 798 803 877 Κυνός
823 803 914 887 σῆμα
936 819 1002 864 non
1023 793 1214 886 Κυιόσημα,
1238 800 1320 877 Κυνὸς

242 899 389 988 κεφαλαί
408 923 475 968 nun
496 901 737 989 Κοιοκεφαλαί
764 914 793 970 αι
814 903 904 985 opud
932 899 1077 967 Solinurn
1098 901 1191 964 Helie
1210 911 1320 983 παραυ.
1374 953 1375 958 ι

238 1007 334 1070 Haeo
366 1002 561 1068 scribentem
590 1001 747 1067 memoria
780 1002 901 1068 destuit
931 1001 1146 1066 multifariam.
1194 1001 1232 1066 In
1254 1003 1320 1068 Plin.

239 1108 282 1172 1..
302 1107 383 1173 XV.
405 1105 457 1170 39.
480 1103 566 1170 clere
585 1105 742 1191 scriptum
761 1115 811 1170 est
826 1109 994 1189 stephanus
1010 1107 1194 1180 Alexandri,
1213 1105 1244 1168 in
1259 1105 1320 1169 duo-

241 1208 303 1275 bus
314 1206 416 1275 Nonii
428 1206 510 1272 locis
526 1229 551 1271 s.
563 1209 739 1272 Dimirsnm
754 1216 787 1271 et
805 1207 833 1272 Τ
830 1211 927 1273 unica
943 1229 977 1293 p.
998 1206 1069 1270 196.
1087 1205 1121 1272 b.
1140 1206 1190 1272 ed.
1202 1205 1320 1273 Gerlach.
1374 1187 1375 1210 ¹

243 1311 340 1376 Their
375 1310 563 1383 Menandri,
596 1329 664 1372 non
692 1317 731 1371 ut
762 1308 942 1378 Salmasius
973 1319 1098 1386 narrat,
1136 1309 1188 1374 cui
1211 1309 1320 1376 iortasse

240 1410 351 1497 graeei
369 1409 504 1496 genitivi
524 1410 707 1477 Menandre
731 1419 764 1474 et
784 1412 981 1492 Apollodoro
1007 1433 1049 1476 ex
1080 1410 1256 1477 didceceliis
1273 1413 1320 1477 Te·

240 1513 336 1578 rentii
358 1510 587 1576 obhaeserunt.
632 1510 822 1596 Synthesis,
855 1534 953 1595 quam
976 1511 1031 1578 ille
1052 1535 1094 1578 ex
1115 1533 1219 1578 rerum
1237 1524 1320 1578 netur

240 1614 341 1690 tollit,
363 1613 514 1701 exempla
531 1622 607 1676 sunt
624 1609 860 1691 ε’λαιόκλαόυς,
882 1609 1118 1702 κιτοόφυλλον,
1139 1613 1317 1703 συιόφυλλιι,

239 1712 457 1804 θηριόδηγμα
479 1723 577 1799 atque
599 1713 664 1778 ulie
683 1715 726 1778 ud
743 1713 822 1780 Phr.
838 1715 912 1780 304.
932 1725 1098 1802 congestu.
1115 1753 1160 1764 -
1176 1717 1320 1781 Acoeutun

241 1814 497 1902 compositorum
535 1814 658 1880 habent
697 1815 763 1880 duo
796 1816 913 1882 atticae
946 1817 1160 1883 declinationi
1195 1817 1323 1903 adscripta

239 1916 468 2001 Meruircvpnc
493 1916 581 1982 Plut.
610 1917 653 1984 V.
683 1917 784 1985 Thes.
811 1919 890 1986 XV.
923 1919 1027 2006 Gryll.
1059 1941 1087 1985 o.
1109 1921 1177 1986 IX.
1202 1919 1325 1986 Philostr.

239 2019 366 2105 Imsgg.
388 2018 416 2082 Ι.
440 2017 491 2095 16,
516 2018 588 2082 787.
609 2018 667 2083 ubi
690 2020 768 2084 olim
789 2017 1009 2102 Μιυόυαυρος
1033 2020 1220 2107 legebatur,
1248 2031 1274 2086 et
1290 2021 1325 2084 ull.
1374 2025 1375 2042 ³

239 2121 321 2185 loce.
341 2143 372 2184 v.
393 2119 541 2184 Fischer.
562 2119 637 2185 Ind.
659 2120 818 2209 Palaeph.
842 2131 875 2186 et
894 2119 954 2198 τὰς
973 2119 1167 2207 Λεωκόρας
1185 2123 1326 2190 Demosth.

239 2221 329 2307 Epit.
353 2219 446 2285 1398.
476 2220 579 2286 Diod.
600 2221 718 2289 XVII.
743 2223 793 2287 15.
836 2222 924 2288 Illud
953 2223 1142 2289 dissolvitur
1171 2225 1327 2312 parenthesi

241 2317 259 2389 ό
281 2320 383 2386 Μίνω
411 2317 615 2404 καλούμενος
638 2327 762 2411 ταῦρος
787 2326 887 2391 Pons.
909 2325 974 2390 Ill.
997 2325 1052 2404 18,
1077 2327 1106 2392 7.
1135 2327 1262 2393 alterius
1280 2327 1329 2390 dis·

233 2422 397 2509 junctioni
416 2422 595 2489 veliiicetur
614 2436 767 2492 accentus
787 2427 863 2492 olim
880 2427 1030 2512 vulgatus
1046 2427 1234 2513 Λεόκορας
1251 2429 1331 2493 idest

238 2525 323 2591 Λεώ
355 2519 476 2611 κόρας,
510 2527 602 2611 quod
630 2528 873 2615 Wesselingius
906 2529 1048 2615 praefert
1077 2530 1120 2594 ad
1150 2531 1250 2597 Diod.
1272 2531 1290 2596 l.
1312 2552 1331 2595 c.

241 2649 378 2713 eumque
400 2628 592 2714 scripturam
611 2629 704 2696 fulcit
719 2631 829 2718 Epim.
845 2633 872 2697 l.
889 2630 941 2696 59.
963 2628 995 2698 oi
1016 2633 1163 2699 παλαιοὶ
1185 2633 1273 2719 παρὰ
1289 2627 1332 2698 δύο

240 2729 347 2810 λέξεις
372 2728 628 2815 συνεζευγμένας
651 2730 734 2815 μίαν
759 2731 964 2821 παραγωγὴν
989 2735 1149 2800 ποιοῦσιν
1171 2725 1242 2802 οἷον
1261 2729 1333 2800 Νεό-

239 2832 342 2910 πολις
358 2829 448 2917 (Ne'u
463 2827 580 2916 πόλις)
600 2827 828 2924 Νεαπολίτης,
840 2828 977 2918 ’Ἀρειος
995 2835 1103 2920 πάγος
1113 2827 1334 2922 Ἀρεοπαγίτης

241 2934 317 3019 (scr.
339 2928 628 3021 Ἀρειοπαγίυης),
652 2934 866 3019 Λεωκόριον,
889 2933 1133 3024 Διαςπολίαης,
1161 2931 1334 3004 'Enerensi-

240 3059 329 3122 ριος,
357 3032 415 3098 ubi
442 3032 613 3100 inferenda
635 3046 712 3100 sunt
734 3037 883 3124 exempla
905 3034 966 3104 tto
992 3035 1250 3120 συνεζευγμένων
1268 3033 1333 3102 Arei

239 3133 397 3221 κόραιθ),
420 3136 507 3214 Διὸς
524 3133 638 3217 πόλις,
661 3136 720 3204 ἐπὶ
741 3136 907 3225 Ταινάρῳ.
940 3137 1004 3202 His
1024 3157 1132 3202 rerum
1150 3139 1335 3226 propriarum

239 3237 425 3304 nominibus
452 3240 613 3304 accedunt
640 3240 723 3318 duo,
752 3261 837 3325 quse
864 3261 916 3306 res
945 3261 1132 3306 communes
1163 3243 1334 3328 significent,

240 3335 440 3427 λαγώπυρος
467 3351 500 3429 et
525 3336 713 3422 υεῶςοικοι,
744 3341 824 3407 illud
851 3340 892 3406 ab
922 3340 1079 3407 berberiis
1106 3356 1262 3423 sumtum,
1288 3343 1335 3408 hoc

241 3464 262 3506 e
295 3441 458 3528 naupegie
494 3442 647 3529 idemque
684 3455 907 3532 opportunum
942 3444 1127 3510 diremtioni
1161 3441 1242 3524 υιώς
1270 3440 1334 3510 rien

198 3605 203 3609 .
241 3535 330 3610 οἶκοι
357 3544 460 3610 Pons.
481 3545 510 3609 I.
535 3546 571 3622 1,
594 3546 624 3611 2.
653 3555 687 3610 et
713 3546 770 3624 29,
797 3547 847 3612 16.
891 3546 1100 3632 Adjeotivum
1127 3548 1335 3636 λεωσφέτερος

239 3667 301 3712 nee
322 3645 454 3733 saepius
482 3669 580 3732 quam
605 3647 706 3714 semel
733 3649 853 3736 legitur
879 3647 1066 3714 nechabet
1093 3649 1146 3715 cui
1176 3643 1334 3736 comparui

240 3748 356 3837 possit.
401 3749 546 3816 Tantum
568 3748 609 3816 de
634 3750 786 3836 genitivis
807 3751 1093 3818 meorocateleetis.

308 4024 337 4094 6)
359 4024 511 4096 Suspectus
530 4027 573 4077 est
590 4022 664 4078 Leos
683 4023 767 4076 heros
786 4029 815 4076 et
832 4021 882 4076 ills
900 4023 936 4077 de
954 4022 1065 4078 filiabus
1087 4021 1147 4094 ejus
1165 4021 1262 4076 fabula
1279 4018 1334 4072 sicut

240 4111 334 4166 omnis
353 4129 426 4182 quse
446 4111 482 4165 de
502 4110 677 4165 Graecorum
696 4108 838 4164 sacrifieiis
858 4109 985 4164 humanis
1004 4109 1116 4181 prodite
1134 4117 1209 4164 sunt.
1245 4107 1334 4162 Nomen

240 4195 399 4251 Leucorion
424 4195 470 4250 vel
493 4195 615 4252 Leocori
641 4194 787 4267 cujusdam
813 4195 1012 4254 monimentum
1038 4199 1083 4252 vel
1105 4195 1216 4274 populi
1239 4197 1334 4250 cunam

240 4279 299 4333 sive
318 4278 410 4350 λήιτον
428 4281 543 4338 indicat.
