2825 4809
275 375 339 446 DE
360 375 637 446 PARECTASI.
681 377 721 446 O.
745 377 804 448 VI.
837 381 862 465 ξ.
885 375 915 446 5.
1077 383 1153 456 485

138 571 159 653 ξ.
178 569 206 633 5.
245 567 299 633 De
319 565 519 653 pleonasmis
540 587 675 630 casuum
694 565 906 631 nominalium
925 577 957 632 et
977 563 1155 632 verbalium

70 671 141 737 brevi
159 669 346 758 praecidam.
389 667 537 733 Primum
555 659 651 753 'quod
676 665 816 733 Taetzes
837 669 943 752 Exeg.
964 667 1016 744 66,
1039 669 1099 734 26.Υ
1122 679 1154 734 et

69 771 231 838 Eustathius
260 769 356 848 1412,
379 771 431 836 38.
458 769 626 856 proferunt
656 769 782 834 dativoa
813 765 937 846 κύνεσι,
970 764 1152 851 cooptari

68 873 194 938 insitione
218 871 360 958 syllabae
387 872 535 938 biliterae
561 872 717 950 crevisse,
755 865 850 936 nimis
879 893 977 955 quam
1004 869 1154 934 frivolum

69 975 113 1039 est.
148 974 333 1039 Attentione
362 975 512 1060 digniora
539 985 615 1038 sunt
632 993 717 1058 quae
739 971 938 1059 Apollonius
964 969 1005 1035 de
1027 993 1151 1057 prono·

66 1078 134 1142 nine
153 1077 260 1141 tertiae
283 1100 444 1163 personae
468 1077 615 1163 disputat
633 1077 674 1141 de
687 1076 789 1140 Pron.
803 1075 874 1141 125.
901 1069 920 1161 ἡ
944 1073 1060 1161 σφίσιν
1081 1066 1151 1140 dud

66 1182 110 1265 τῆς
124 1175 196 1264 opis
216 1177 436 1254 ε’σειιτέιαται
465 1189 498 1244 et
520 1179 630 1266 paullo
658 1189 735 1264 post
756 1173 932 1264 ἐσηυξήθη
957 1169 1027 1241 ἀπὸ
1050 1197 1152 1254 provo·

65 1276 204 1359 συλλάβοι)
223 1281 281 1366 τῆς
302 1277 398 1366 σφίν,
424 1303 490 1366 quo
512 1279 715 1367 improbatur
736 1301 848 1344 eorum
866 1276 1026 1342 sententia
1041 1274 1100 1360 qui
1116 1277 1154 1340 ut

65 1373 139 1466 ἡμῖν,
163 1373 239 1464 ἡμῖν
271 1401 312 1444 ex
341 1377 474 1467 ἥμασιν,
506 1379 623 1465 ὕμεσιν
652 1381 700 1446 sic
728 1377 808 1468 σφίν
835 1381 896 1464 per
917 1397 1088 1463 syncopen
1110 1398 1152 1440 ex

63 1476 155 1564 optor,
174 1479 236 1545 hoc
259 1491 367 1547 autem
389 1503 430 1545 ex
453 1482 552 1570 σφέσι
574 1491 687 1546 natum
711 1482 864 1546 dicerent.
912 1475 1007 1544 Idem
1032 1478 1155 1542 indicat

61 1579 124 1642 ΕΜ.
145 1579 222 1657 498,
256 1581 305 1647 14.
336 1581 375 1649 τὸ
402 1580 512 1660 „Korr'
533 1605 654 1672 oper„
686 1577 744 1648 οὐκ
768 1580 857 1648 ἔστιν
878 1573 949 1647 <ind
972 1584 1030 1646 τοῦ
1053 1577 1153 1664 aplos

61 1677 220 1763 βαρυτόνσυ
244 1675 321 1748 ἄλλ’
347 1676 416 1749 ἀπὸ
440 1685 498 1751 aod
519 1681 601 1773 σφίν
620 1684 731 1771 (opis)
758 1683 812 1748 καὶ
830 1680 915 1764 μετὰ
932 1679 991 1767 τὴν
1009 1678 1154 1764 ἔγκλισιν

61 1779 322 1869 παρηκολούθησε
342 1780 381 1850 τὸ
404 1780 533 1863 πάθας,
557 1783 620 1849 hoo
643 1796 692 1849 est
714 1782 849 1849 enelisin
867 1781 1013 1866 sequitur
1030 1779 1153 1864 systole

59 1881 158 1946 vocalis
186 1905 286 1968 quam
312 1908 345 1971 p.
370 1883 448 1963 738,
477 1885 527 1950 17.
558 1896 675 1950 natura
705 1885 838 1972 longam
864 1906 936 1948 esse
963 1881 1042 1947 dicit
1064 1877 1152 1967 ἡμῖν,

59 1977 132 2060 ὑμῖν,
154 1990 233 2071 σφῖν
247 1985 289 2068 ⁹).
311 2023 355 2034 —-
375 1985 563 2073 Imperfecti
586 1998 619 2052 et
638 1988 751 2054 aoristi
769 1987 889 2053 formas
910 1981 1153 2050 Alexandrinas

59 2079 231 2165 ἕσχάζσσαν,
263 2081 437 2166 ἕμάθσσαν
462 2088 657 2155 Heraclides
678 2090 772 2155 Euat.
791 2087 883 2164 1759,
906 2086 958 2153 36.
984 2081 1154 2173 epenthesi

57 2183 179 2267 syllabae
200 2173 256 2253 dor-
270 2199 382 2253 auotas
405 2199 517 2254 censet
538 2190 622 2255 sicut
643 2185 682 2278 ἦν
702 2183 797 2277 ἦσαν.
839 2191 912 2254 Has
932 2209 1009 2253 vero
1028 2187 1153 2252 Plana»

57 2283 102 2349 des
119 2288 245 2354 Anecd.
267 2289 401 2355 Bachm.
423 2289 469 2354 11.
489 2291 541 2356 40.
565 2302 598 2356 et
627 2284 928 2358 Grammaticus'in
958 2288 1030 2355 cod.
1054 2289 1153 2358 Voss.

55 2386 88 2449 ad
100 2387 173 2452 EM.
197 2412 222 2454 s.
242 2389 416 2474 Δαραξόσς
438 2412 512 2455 cum
535 2385 663 2458 aoristia¹
684 2393 857 2459 verborum
872 2394 907 2457 in
920 2379 972 2472 αἱ
987 2399 1156 2477 comparat

55 2482 158 2554 ἔδοσαν
184 2489 273 2557 κατὰ
300 2491 543 2576 proculcanda
572 2490 714 2573 ιἰσνικῶς
740 2491 786 2572 dg
807 2486 976 2582 ἤλθασαν,
1007 2489 1152 2568 dccccv,

53 2585 103 2653 hoc
124 2600 171 2656 est
193 2585 347 2682 ἇντὶσσῢ
369 2589 459 2671 ἔδον,
483 2587 598 2682 ἦλθαν.
645 2594 756 2677 Quam
776 2594 1019 2660 similitudinem
1037 2591 1152 2678 copio·
1221 2641 1224 2652 .

54 2689 107 2755 sius
133 2692 324 2778 exsequitur
345 2691 597 2760 Choeroboscus
620 2695 702 2762 Can.
721 2693 922 2762 535--537.
951 2693 1154 2776 eandemque

52 2791 193 2876 syllabam
220 2794 395 2861 verborum
423 2796 656 2881 barytonorum
684 2797 834 2885 personis
863 2796 965 2862 tertiis
991 2793 1086 2871 addi,
1118 2789 1154 2855 in

52 2893 137 2960 altero
148 2918 271 2981 genere
284 2897 409 2962 detrahi
421 2898 533 2978 docet,
551 2897 679 2985 ἔφαμεν
691 2898 790 2987 ἔφαν,
809 2895 921 2983 ἔλιγαν
934 2893 1100 2980 ἒλὲγασαι.
1110 2931 1154 2942 -

49 2993 92 3059 Ι)0
113 2997 267 3082 perfectis
290 2999 413 3065 activae
433 2999 556 3066 formae
575 3000 640 3066 duo
657 2999 840 3087 pleonasmi
859 2997 952 3062 titulo
970 2994 1153 3060 inscribun-

50 3104 104 3160 tur:
131 3099 163 3164 ἕν
192 3104 243 3187 τῷ
273 3093 419 3187 ἄγήγαχα
448 3100 507 3166 καὶ
535 3099 680 3190 ἐδήδοκα
704 3103 850 3189 συλλαβὴ
877 3093 1078 3166 ἐπλεόνασεν
1099 3097 1154 3162 ἵνα

50 3194 128 3287 ἒντῇ
145 3193 177 3284 ff
196 3197 257 3266 καὶ
274 3194 301 3284 y'
324 3202 474 3289 συλλαβῇ
493 3199 532 3266 τὸ
553 3197 633 3266 αὐτὸ
655 3201 834 3288 σύμφωνον
855 3198 971 3282 ἔχωσιν
989 3195 1099 3283 ὥςπερ
1115 3197 1153 3262 τὸ

50 3289 203 3386 divitense,
230 3293 394 3384 ὀμιόμσκα
418 3313 479 3368 eto.
506 3301 671 3369 Choerob.
693 3303 773 3380 570,
799 3301 848 3368 15.
892 3301 947 3366 De
967 3299 1072 3388 primo
1095 3297 1154 3363 ali·

49 3408 88 3463 ter
107 3401 296 3466 existimant
318 3411 467 3468 auctores
489 3405 514 3489 ξ.
539 3406 568 3469 1.
592 3406 755 3492 producti.
793 3403 847 3470 Ao
870 3404 897 3468 si
918 3403 1026 3467 futuro
1050 3401 1155 3467 ἐδὲσιυ

49 3521 222 3588 congruens
252 3502 431 3588 perfectum
460 3498 566 3591 ἤδεκα
594 3507 766 3592 fingimus,
797 3505 873 3572 hinc
905 3503 1062 3592 ἐδήδοκα·
1085 3500 1155 3567 deri

47 3605 142 3687 potuit
170 3603 280 3690 epsilo
311 3603 346 3668 in
373 3605 519 3672 omicron
547 3619 670 3674 mutato
699 3619 736 3673 ut
758 3607 903 3698 ἐνήνοχα.
946 3608 1001 3674 De
1023 3604 1154 3693 passim

48 3703 86 3768 sic
105 3706 299 3791 loquuntur:
321 3705 358 3772 ἐκ
374 3711 433 3772 τοῦ
457 3704 622 3795 ἐλήλαται,
637 3710 760 3795 γίνεται
779 3709 817 3778 τὸ
841 3705 1040 3798 ἒληλέὀαναι
1057 3706 1155 3802 dress:

46 3805 192 3885 τεθέντας
226 3805 296 3891 πρὸ
327 3811 388 3874 τοῦ
414 3795 525 3899 aalys·
552 3809 810 3899 παραληγσύσης
838 3815 895 3878 τοῦ
926 3799 1023 3878 suoi
1050 3811 1109 3874 τοῦ
1136 3809 1156 3872 δ

104 4011 133 4078 9)
146 4009 263 4066 Charax
276 4012 310 4067 in
322 4003 430 4068 14110οι1.
446 4015 522 4067 1153.
537 4013 567 4067 ἐν
584 4019 641 4075 τοῖς
657 4016 854 4082 νιληθυνιιιιοΐς
870 4018 964 4085 σφίσι,
983 4013 1073 4079 cocos
1086 4007 1157 4064 ἅνα-

43 4092 170 4160 βιβιὲζεται
190 4094 205 4151 ὃ
223 4097 301 4162 τόνος
321 4095 360 4155 οὔ
379 4115 517 4172 σφισιν,
536 4106 598 4154 καί
613 4115 738 4170 σφεας,
757 4099 868 4156 1αοὶού
888 4091 971 4170 φύσει
989 4092 1155 4165 &prodromo

42 4178 103 4235 dtr&
125 4181 197 4238 κατὰ
221 4181 328 4254 πάθας,
354 4192 426 4258 σφῖν
446 4192 559 4256 σφίσιν,
585 4189 660 4258 σφᾶς
681 4191 770 4258 audac
793 4187 843 4256 (es.
866 4183 1011 4240 Thierseh.
1032 4185 1170 4238 Gramm.'

43 4265 131 4329 8104.
147 4273 176 4323 n.
192 4271 241 4336 9.).
268 4272 343 4325 Illud
361 4277 411 4325 καί
425 4289 494 4343 σφιν
508 4280 628 4325 sumtum
647 4280 690 4326 eat
707 4290 743 4327 ex
761 4272 915 4326 Il.11.t70.
931 4272 988 4324 Od.
1001 4267 1079 4324 XVI.
1093 4271 1154 4324 252.

41 4349 108 4419 iota,
132 4362 165 4409 ut
188 4374 241 4426 par
263 4366 322 4425 est,
346 4357 441 4428 brevi3
465 4375 581 4413 mesura
600 4360 771 4433 productum
792 4357 888 4424 Quint.
904 4357 956 4414 XI.
977 4360 1017 4414 db.
1037 4355 1156 4414 removit

42 4438 216 4514 Spitznerus.
