2825 4809
185 292 281 421 'ouo
396 340 408 371 ·
559 334 880 408 mssnnunmo
909 334 974 403 111.
1100 278 1105 283 ’

202 527 374 611 βαβαιίτοα
393 548 481 592 ιιαια
471 517 723 640 πλεονασμὸν.
729 524 791 591 τού
813 547 835 587 α
856 513 1029 607 γεγόνασιν
1050 512 1123 587 άνιδ
1142 520 1203 587 τού
1219 514 1324 586 ἑστιά-

203 650 260 704 nac
281 624 339 696 καί
358 627 515 710 βεβῶτος.
546 624 581 691 N
582 645 621 693 eo
636 623 743 711 megia
759 622 965 691 ooneuderate
981 644 1015 709 p
1006 620 1105 687 ..860
1119 630 1153 687 et
1163 619 1326 707 Orthogr

205 728 287 807 224,
308 721 409 795 200²
391 726 460 795 απὸ
483 729 543 793 τοῦ
566 720 635 806 εἶμι
658 727 702 794 τὰ
724 723 935 814 πληθυντικά
956 722 1013 790 διὰ
1033 726 1094 790 τού
1123 749 1153 804 ι,
1180 746 1258 807 ιμον
1277 718 1329 788 ίτε

203 821 255 900 lot
285 829 343 898 καί
372 825 530 916 προςύδιμ
557 832 618 897 τοῦ
643 855 665 897 α
686 823 776 909 ἴασι,
803 850 881 893 uam
902 825 967 893 hoo
987 825 1124 911 longum
1143 825 1246 912 alpha
1265 846 1327 912 pro

204 952 355 1000 eonoone
375 957 394 1000 ν
415 929 649 1004 introduotum
660 939 711 995 est
726 939 764 996 ut
778 928 929 996 brevem
945 927 1098 1015 periendo
1119 923 1329 1015 βεβολήαται

203 1044 268 1101 ete.
311 1034 426 1120 Atque
448 1032 526 1099 hino
546 1032 694 1101 ιιο7ιίι
664 1054 718 1099 ναι
738 1032 922 1099 oetendimr
946 1031 990 1097 ad
1009 1052 1120 1097 veram
1140 1028 1330 1117 pareetaein

202 1135 267 1203 aed
290 1136 429 1204 eandem
452 1159 472 1202 a
494 1135 710 1222 synoodromo
725 1134 921 1223 prolectam:
943 1130 982 1200 ιδ
1004 1130 1098 1219 παρὰ
1117 1126 1330 1217 Καλλιμάχῳ

202 1234 326 1327 κούρη
347 1236 390 1305 δὲ
415 1236 615 1325 παροίατο
638 1234 916 1323 δακρυχέουσα
940 1226 1042 1322 ἤγουν
1060 1231 1330 1319 παρεκαθέζετο,

201 1340 291 1417 τινδς
312 1336 527 1419 πλιυναομδν
548 1333 722 1427 ἡγήσαντο.
769 1330 838 1405 Ouia
860 1333 932 1405 ἔστι
954 1337 994 1404 δὲ
1010 1332 1224 1418 πλεονασμὸς
1241 1328 1331 1401 ἀλλὰ

202 1434 434 1527 πληθυντικόν
455 1439 565 1526 Epim.
588 1440 617 1505 1.
638 1440 713 1506 373.
740 1439 799 1525 qui
827 1438 993 1519 schemate
1011 1435 1191 1502 Pindarico
1214 1434 1333 1500 nititur

202 1538 269 1623 gel.
285 1562 362 1607 vero
391 1536 488 1624 δμνοι
515 1540 681 1621 τίλλεται,
710 1541 763 1607 vel
783 1540 1010 1607 commenticio
1033 1544 1093 1626 τῆς
1119 1532 1151 1605 δ’
1175 1530 1216 1624 ἦν
1237 1544 1333 1625 τρεῖς

203 1639 364 1729 ιιιφαλαί.
408 1641 478 1711 Sed
507 1662 549 1707 ex
570 1641 642 1707 aliis
664 1642 842 1729 exemplis,
866 1664 950 1728 quae
975 1642 1019 1705 ad
1038 1643 1161 1708 Buten
1183 1663 1219 1726 p.
1241 1638 1272 1704 8.
1298 1648 1333 1703 et

201 1742 278 1811 487.
302 1742 409 1821 auidi,
431 1742 639 1811 menifestum
660 1745 697 1809 fit
722 1755 839 1832 poetae
858 1744 1103 1811 Alexandrinos
1128 1741 1330 1829 singularem

202 1844 343 1923 similem
373 1844 559 1911 reddidisse
595 1846 725 1932 plurali.
778 1847 856 1930 Quo
894 1858 993 1934 paeto
1022 1846 1122 1933 Epioi
1154 1846 1191 1911 in
1219 1843 1333 1914 verbis

204 1946 447 2034 periapomenis
470 1946 570 2034 alpha
592 1950 695 2034 longo
718 1948 928 2035 praemittant
946 1948 1046 2019 breve
1065 1945 1259 2034 singillatim
1271 1968 1334 2010 ex·

202 2049 303 2135 posui
323 2049 359 2115 in
378 2049 520 2115 Diaeert.
543 2048 585 2113 de
606 2049 743 2115 dieotaei
765 2050 893 2117 Techn.
917 2075 951 2138 p.
976 2051 1048 2117 173.
1084 2049 1141 2115 Ab
1164 2048 1336 2134 adjectivo

199 2148 343 2233 δίδυμος
372 2160 593 2238 propagatum
621 2161 671 2217 eet
692 2151 963 2237 andronymieum
982 2148 1143 2234 Διδύμων
1165 2161 1199 2217 et
1220 2152 1336 2217 Διδυ-

197 2247 316 2334 μίαν,
345 2254 438 2337 oujue
469 2252 594 2338 obliqui
626 2274 722 2320 oasue
749 2277 818 2319 non
843 2254 1000 2341 leguntur
1020 2254 1080 2320 aed
1102 2242 1201 2339 μοι-ο
1226 2252 1336 2318 deeli-

198 2360 314 2417 natum
337 2374 410 2419 esse
432 2354 616 2439 colligimus
641 2375 682 2419 ex
702 2356 863 2441 adjectivo
887 2352 1093 2440 διδυμάονος
1115 2350 1162 2433 ὡς
1176 2349 1336 2434 Μαχάο-

201 2473 278 2532 νος,
302 2452 377 2519 ἐπεὶ
408 2446 519 2534 άλλως
546 2450 675 2542 άίφειλο
701 2456 760 2523 διὰ
789 2444 901 2525 uod-‹o-
924 2452 971 2535 ὡς
991 2451 1194 2543 παρώνυμον
1214 2454 1337 2522 schot
1391 2530 1393 2537 ἲ

200 2550 241 2619 Il.
276 2553 318 2621 V.
347 2553 420 2619 548.
469 2556 601 2622 Nomen
630 2554 741 2621 herois
763 2554 920 2644 Ὠαρίων,
954 2557 1046 2643 quod
1074 2556 1243 2622 interdum
1276 2558 1337 2621 tri·

200 2652 365 2738 syllabam
386 2657 423 2721 fit
443 2657 544 2744 alpha
566 2667 693 2725 retento
712 2682 743 2725 v.
757 2658 1001 2727 Schneidewin.
1024 2659 1069 2723 ad
1083 2658 1182 2724 Pind.
1207 2682 1243 2744 p.
1257 2658 1337 2723 180.

201 2752 232 2821 ei
251 2777 294 2821 ex
316 2756 414 2836 urbe,
439 2757 497 2824 ubi
518 2771 614 2825 natue
635 2760 753 2838 fertur,
783 2762 892 2847 Hyria
911 2763 1026 2828 fiotum
1044 2772 1110 2838 eat,
1140 2760 1251 2825 vooali
1273 2760 1337 2825 nb-

198 2826 378 2923 undat-
406 2860 461 2925 Ex
486 2883 621 2928 numero
646 2862 928 2928 indeclinabilium
952 2862 1097 2949 primum
1115 2862 1340 2927 memoranda

200 2967 279 3025 eunt
305 2958 460 3027 adverbia
483 2959 628 3059 μιγάδην
655 2973 688 3029 et
713 2961 877 3052 ηυγάδην.
932 2964 996 3030 Illo
1024 2962 1192 3029 Nicander
1230 2962 1339 3027 semel

200 3058 303 3125 utitur
335 3060 408 3127 sine
438 3061 505 3128 ullo
537 3062 632 3129 metri
663 3063 866 3142 levamento,
899 3086 1001 3151 quare
1032 3063 1169 3129 dubium
1197 3087 1246 3129 an
1280 3066 1340 3129 ille

200 3160 370 3275 μίγδην
345 3185 392 3227 ιιο
413 3174 451 3229 nt
471 3164 542 3229 aliis
557 3165 639 3231 loeis
656 3165 839 3252 seripserit3
861 3168 999 3233 altorum
1015 3189 1035 3232 e
1054 3167 1129 3232 ood.
1145 3166 1340 3254 repositum

199 3268 254 3341 eet
281 3259 315 3325 in
345 3263 430 3329 Poll.
460 3266 520 3334 VI.
553 3266 625 3331 175.
654 3288 716 3353 pro
740 3268 779 3333 τὸ
806 3267 958 3356 φρούδην
987 3269 1045 3336 καί
1072 3270 1112 3335 τδ
1140 3263 1339 3354 ῥύδηνούκ

201 3352 332 3427 υίδα’
301 3385 333 3429 οι
356 3357 508 3432 άνεκτόν·
532 3367 589 3451 qui
611 3368 713 3456 ῥύδην
733 3391 801 3433 non
817 3370 863 3436 eb
878 3371 978 3437 adam
990 3392 1125 3437 cauam
1139 3370 1340 3457 improbare

198 3460 323 3545 potuit
332 3484 431 3547 quam
453 3467 530 3551 quia
551 3468 719 3554 poetioum
742 3479 809 3547 eet3
830 3469 986 3560 φοράδην
1009 3495 1088 3539 vero
1110 3470 1153 3537 ab
1175 3471 1341 3558 analogia

200 3554 371 3641 deeoisoit,
392 3588 467 3633 nam
489 3591 508 3634 a
529 3568 636 3635 verbis
659 3570 877 3637 circumflexis
901 3573 1057 3640 adverbia
1072 3572 1165 3639 nulla
1184 3594 1339 3639 naeoun·

197 3670 265 3727 tur.
316 3666 434 3751 Itaque
469 3667 597 3757 φύρδην
626 3671 746 3737 dicitur
769 3681 806 3737 ut
832 3665 953 3761 άρδην,
982 3675 1141 3763 κλίβδην,
1172 3670 1338 3763 κρύβδην,

198 3758 364 3853 στύγδην,
387 3763 555 3857 φράγδην,
581 3770 728 3857 ἑλίγδην,
756 3776 1002 3892 περιπλίγδην,
1025 3772 1166 3863 λύγδην,
1188 3771 1338 3862 φύρδην,

198 3884 287 3949 quw
309 3868 418 3935 omnia
440 3895 460 3937 a
481 3872 589 3939 verbio
610 3870 779 3958 berytonie
801 3876 950 3943 oriuntur
971 3877 1043 3942 eine
1061 3876 1252 3943 interventu
1273 3898 1338 3941 vo·

198 3966 282 4031 o'tlie
312 3970 419 4057 alpha.
464 3973 612 4039 Tertium
643 3984 693 4039 eet
715 3970 792 4055 dilen
811 4002 870 4046 και
863 3978 1096 4065 πλεοναομῳ
1119 3974 1276 4055 άλιας·
1261 3976 1341 4045 ἐστι

199 4064 241 4133 dd
257 4074 416 4193 μονηρες·
439 4068 535 4141 ουδὲν
557 4075 620 4163 γάρ
643 4072 692 4153 οἷς
714 4102 755 4155 ας
775 4078 1078 4168 προπαροξύτονον
1101 4071 1220 4146 άλλΗ
1207 4105 1228 4168 η
1221 4071 1341 4159 ὀξύ-

199 4188 296 4235 ῐθνθν
319 4166 410 4253 ἑκάς
433 4173 635 4263 ἕμνῑάς(ιυι·
648 4170 782 4263 άγκάς),
802 4175 1073 4269 ηπαροξύιονον
1096 4174 1206 4299 (deod
1232 4170 1343 4267 άιρέ-

200 4286 268 4345 δας
292 4268 392 4351 (udde
412 4300 467 4341 και
460 4271 640 4363 ἠρέμας).
672 4277 719 4343 Τὸ
746 4275 840 4347 δί’
806 4276 917 4347 αι’τιον
936 4285 996 4347 τοῦ
1017 4277 1118 4348 τόνου
1139 4274 1161 4346 ὁ
1183 4281 1343 4349 πλεονα-
