2825 4809
412 354 623 425 Part-101..
647 354 846 425 Ριοιιιιι.
1164 360 1189 441 ν

82 540 199 607 mutatis
224 540 410 620 adhibitae,
439 540 645 628 μετημβρίο,
668 536 806 631 ἀνδρός,
836 542 955 628 quibua
981 544 1189 631 eupcmcdcti

80 654 200 733 poterat
220 643 251 709 si
272 643 403 709 nativae
423 664 520 709 rooce
539 643 625 730 μέση
647 638 756 731 ἡμέρα
772 642 825 709 vet
841 647 1029 733 μεοημτρέο
1042 649 1096 733 (ut
1108 655 1190 735 θνρ·

77 745 227 831 μρμορίο,
244 743 447 830 μεσομηνιά)
464 754 496 810 et
513 740 630 828 ἀνέρος
647 755 794 813 semotae
807 745 954 813 miscent.
992 748 1075 815 Illac
1089 749 1190 835 igitur

78 845 279 913 continentur
295 845 476 913 rationibus
486 845 661 923 canonicis,
675 869 758 931 quaa
768 847 962 934 Artigraphi
977 847 1012 915 in
1022 849 1191 919 elementia

78 950 205 1024 doccnt;
227 948 305 1026 hae,
324 948 401 1033 quia
418 948 602 1035 praeceptis
620 948 854 1015 universalibus
872 949 1106 1036 comprehendi
1123 975 1191 1021 uon

76 1061 220 1137 possunt,
241 1050 418 1136 separatim
434 1059 612 1115 tractantur
629 1049 662 1115 in
678 1050 880 1137 pathologia.
915 1052 1039 1119 Verum
1056 1053 1091 1119 iu
1102 1054 1191 1123 Dio·

75 1152 171 1217 medie
196 1150 419 1237 explicatione
439 1151 521 1217 illud
542 1172 675 1237 quoque
695 1152 855 1238 displicet,
878 1154 970 1237 quod
989 1154 1107 1221 affectu
1126 1178 1190 1243 op·

76 1254 162 1340 ponit
179 1253 284 1317 rectia
304 1264 401 1337 atque
419 1254 533 1331 solitis,
549 1253 643 1339 quasi
659 1254 742 1319 haec
760 1254 826 1319 duo
843 1252 942 1321 verba
956 1254 1045 1321 idem
1064 1267 1191 1327 acuent.

75 1357 138 1421 Sed
157 1354 290 1421 rectum
312 1365 361 1419 eet
379 1356 486 1421 dicere
504 1356 666 1443 πατέρος,
691 1356 822 1421 solitum
839 1378 917 1423 vero
936 1354 1075 1442 πατρός,
1095 1358 1191 1427 ideo-

75 1481 134 1543 que
156 1458 394 1523 adnumeratur
414 1464 486 1536 τοῖς
506 1455 701 1525 πεπονθόσι
720 1458 801 1524 EM.
816 1458 888 1537 741,
903 1458 956 1525 48.
977 1458 1191 1547 Mouchopul.

74 1560 217 1627 Gramm.
242 1584 277 1645 p.
299 1559 351 1624 28.
369 1556 572 1644 Ἦδυνάμην,
601 1558 629 1623 ei
652 1581 694 1625 ex
714 1559 840 1625 ratione
862 1559 1089 1637 aeconomus.
1115 1558 1193 1628 bar·

74 1661 186 1727 barum
209 1671 278 1737 eet,
305 1669 342 1723 ut
363 1683 383 1724 a
403 1659 622 1727 Grammatico
643 1660 687 1727 de
700 1659 835 1727 Barbur.
857 1670 1006 1737 vocatum,
1026 1670 1062 1725 et
1078 1660 1192 1738 exitu

74 1764 121 1827 ein
142 1786 188 1827 cx
210 1762 459 1839 consuetudine,
483 1762 624 1827 atticum.
669 1761 739 1829 Sed
756 1762 961 1831 consuetudo
978 1784 1046 1831 nou
1063 1781 1193 1850 comper

74 1865 107 1929 in
135 1864 260 1931 eodem
291 1862 431 1948 vestigio
464 1862 561 1929 stetit.
616 1862 783 1947 Adjeotivi
813 1863 917 1930 forma
948 1863 1113 1948 antiquior
1142 1874 1194 1932 cst

75 1968 179 2045 ξεῖνος
210 1964 273 2029 eed
294 1964 335 2029 ab
356 1987 420 2029 ιιειι
440 1964 628 2051 repudiata,
657 1965 714 2049 qui
736 1976 845 2031 tumen
868 1964 961 2051 ponti
986 1985 1106 2031 nomen
1125 1988 1194 2033 uon

74 2067 219 2133 mutavit.
267 2066 344 2148 Quo
366 2065 501 2131 dubium
521 2066 558 2130 fit
577 2074 684 2131 utrum
699 2062 856 2146 Εὔξεινος
875 2065 1107 2153 interpolatum
1129 2063 1194 2135 dici

74 2178 228 2255 oporteat
249 2190 291 2232 cn
313 2178 436 2233 rectum
459 2178 492 2233 et
513 2166 703 2253 legitimum.
752 2168 870 2253 quue
892 2178 1053 2256 perpetue
1071 2177 1122 2235 cat
1143 2166 1194 2233 ui·

71 2271 254 2335 sectionum
279 2268 510 2334 contrariarum
535 2268 743 2335 concertatio.
786 2268 856 2334 Alii
876 2279 1022 2336 veterum
1042 2268 1195 2341 affatum

72 2372 184 2436 dicere
218 2370 326 2435 soient
356 2370 517 2455 quidquid
549 2394 568 2435 a
596 2370 760 2457 primitivo
789 2382 883 2458 parte
911 2372 1021 2458 aliqua
1051 2371 1194 2449 deflexit,

70 2474 137 2539 sive
155 2473 196 2537 id
214 2472 372 2537 usitatum
389 2482 439 2537 eet
454 2472 522 2537 aive
541 2471 582 2537 ab
599 2495 663 2536 usu
681 2472 898 2539 abalienatum
914 2473 983 2539 eive
999 2473 1097 2539 etium
1114 2494 1194 2539 con·

65 2575 227 2659 jactando
252 2574 410 2650 effictum3
440 2597 506 2659 quc
525 2573 560 2637 in
580 2596 616 2638 re
639 2596 740 2661 caepe
762 2576 898 2641 modum
921 2585 954 2641 et
971 2575 1070 2642 finem
1088 2587 1194 2641 nune-

70 2690 157 2744 eunt.
210 2676 425 2742 Herodianus
449 2677 543 2742 Mon.
567 2676 672 2799 p..41
704 2673 807 2755 μόνον
833 2677 870 2741 τὸ
895 2677 1015 2762 χείρων
1040 2676 1108 2765 πρὸ
1134 2678 1195 2745 τοῦ

70 2810 96 2847 ιο
119 2806 192 2863 εχει
218 2778 259 2843 τά
285 2799 320 2865 ρ·
344 2775 452 2846 αἴτιον
477 2778 515 2845 δέ
539 2802 577 2842 το
606 2775 738 2858 πάθος,
772 2777 958 2863 significant
985 2777 1038 2843 vel
1062 2774 1196 2865 χοιρίων

69 2892 280 2971 prototypon
302 2903 374 2945 ecoe
400 2882 492 2965 cujus
513 2878 638 2944 nullum
656 2878 831 2965 vestigium
852 2889 956 2956 extat,
983 2879 1036 2945 vel
1051 2879 1196 2965 χερείων,

67 2988 157 3051 unde
182 2983 307 3069 χείρων
328 2991 434 3047 ortum
456 3004 528 3047 eene
547 2981 637 3045 nullo
664 2982 816 3067 exemplo
842 2980 1056 3047 demonstrari
1072 2986 1195 3100 potest.

67 3090 136 3155 Sed
162 3086 274 3151 multo
304 3084 533 3149 audaoiuet
483 3094 533 3149 eat
556 3084 647 3167 quod
671 3083 760 3147 idem
783 3082 879 3167 fingit
905 3106 939 3168 p.
960 3082 1014 3147 22.
1036 3078 1138 3161 μόνον
1157 3075 1196 3145 νά

66 3191 160 3275 ὕψος
179 3186 255 3257 άπὸ
274 3192 336 3255 τοῦ
350 3213 371 3252 v
385 3180 567 3267 ἀρχόμενον
584 3182 650 3267 ἔχει
665 3182 911 3271 ἐπιφερόμενον
926 3183 1077 3249 διπλοῦν·
1086 3175 1198 3247 αἴτιον

66 3296 101 3362 δέ
122 3294 168 3360 τὸ
193 3288 331 3369 πάθος·
356 3288 480 3355 scilieet
503 3296 598 3373 trope
621 3284 781 3351 aeolioa‘
767 3284 858 3369 άιινος
879 3304 940 3369 pro
962 3276 1054 3369 άψος
1076 3280 1197 3347 fectum

65 3407 175 3483 putat,
199 3393 267 3459 hoc
290 3400 398 3455 autem
419 3382 502 3453 ab''
482 3414 576 3455 οπτω
598 3388 636 3453 τὸ
657 3389 773 3471 βλέπω
794 3395 831 3453 ut
846 3382 1011 3452 Choerob.
1027 3382 1197 3451 inPedm.

65 3500 114 3575 99,
142 3498 201 3563 22.
228 3494 327 3579 quod
349 3492 396 3555 illi
419 3512 586 3575 nunquam
612 3489 647 3553 in
667 3500 810 3555 mentem
829 3486 973 3553 venisset
993 3484 1058 3551 nisi
1079 3484 1197 3553 Gran-

63 3599 180 3663 matici
199 3595 351 3661 officium
368 3616 440 3659 eoae
455 3604 604 3679 putasset
622 3592 767 3659 omnium
783 3589 1025 3666 vocabulorum,
1040 3598 1199 3673 quantum

63 3701 135 3765 fieri
161 3706 305 3786 posset,
335 3694 503 3781 analogiae
533 3704 566 3759 et
589 3694 761 3759 affinitates
788 3693 972 3759 ostendere.
1022 3690 1112 3759 Huic
1132 3714 1200 3757 non

62 3802 210 3866 multum
237 3798 440 3862 diveraat
389 3806 440 3861 eet
459 3796 632 3882 Apollonii
651 3796 734 3860 ratio
757 3796 800 3860 de
819 3795 907 3860 Adv.
927 3792 1058 3859 603.
1024 3817 1062 3859 το
1085 3798 1200 3861 κεῖθεν

63 3900 133 3972 ὑπὸ
157 3902 286 3981 πάθος
306 3898 425 3967 πίπτει
444 3898 499 3963 ταὶ
517 3896 554 3963 τὸ
572 3892 807 3965 ὄπισθεν-ναὶ
828 3896 865 3963 τὸ
883 3896 1005 3984 νέρθεν
1019 3889 1199 3977 tirio-aditu

65 4001 267 4085 ἀνεδέξατο.
324 4000 411 4067 Num
441 3999 518 4085 quia
548 4000 647 4086 vulgo
679 3996 862 4084 ἑτέρωθεν,
895 3993 1140 4085 ἀμφοτέρωθεν
1167 4001 1201 4057 ct

65 4107 196 4174 aeolice
230 4099 393 4193 νηνάθεν,
424 4101 535 4169 dorice
562 4106 713 4189 τηνῶθεν
740 4100 874 4179 dicitur,
904 4099 955 4165 hic
982 4103 1201 4190 consentanca

64 4206 336 4275 comminiscitur
357 4203 518 4293 principia
539 4202 698 4283 νεινάθιν,
717 4199 893 4272 οοέσιοθεν
908 4211 969 4266 cto.
991 4219 1076 4283 quae
1091 4219 1201 4283 nequo

63 4310 230 4398 leguntur
261 4328 406 4393 nequam
434 4331 543 4395 neque
574 4330 693 4397 gruem
723 4304 864 4374 sermoni
891 4299 1004 4385 affingi
1032 4321 1127 4387 opue
1150 4306 1201 4365 cet
