2825 4809
263 331 315 404 oe
495 273 500 281 “
628 320 949 391 nrssusrerro
980 321 1008 392 1.

263 504 388 592 Λαύκη
411 507 490 591 (hoe
511 505 662 589 accentu)
685 503 817 593 φοβερά
838 507 921 573 Hes.
942 505 1101 572 incertum
1127 513 1232 575 utrum
1255 507 1351 578 vitiose

264 609 422 695 seriptum
442 629 484 672 an
505 616 641 692 propter
659 607 891 692 proprietatem
914 605 1159 691 significationis
1178 606 1239 672 huo
1257 609 1352 678 demu-

264 722 367 778 tatum
387 710 429 776 sit
449 719 487 774 ut
506 708 635 776 λεύσσω
656 703 818 792 γλαύσσω,
829 704 946 784 λευκός
957 703 1108 790 γλαυκός,
1125 703 1245 788 lelund
1255 713 1353 796 γλῆνος

264 810 364 901 γλήνη
386 833 407 880 a
430 809 594 879 communi
614 809 704 875 fonte
726 804 807 876 λάω.
849 808 961 892 Hyrtii
987 807 1097 874 herois
1117 809 1220 894 Mysii
1249 800 1354 896 petrem

265 936 367 1000 quum
388 912 485 979 edere
507 911 604 976 vellet
622 911 804 987 Homerus,
831 909 867 982 id
890 921 1111 995 consequutus
1140 921 1190 976 cst
1217 913 1304 978 unius
1322 915 1352 978 li-

264 1029 353 1084 torae
378 1015 544 1101 impensa3
577 1011 754 1099 appellavit
787 1015 816 1074 Γ
812 1007 926 1103 doctos
951 1011 992 1078 Il.
1013 1011 1112 1080 XIV.
1141 1012 1214 1077 512.
1254 1014 1355 1080 Utrum

264 1122 382 1194 δεϋκος
403 1137 446 1183 ex
466 1117 604 1200 γλεῦκος
625 1125 732 1180 ortum
754 1112 797 1178 sit
817 1112 986 1198 aphaeresi
1012 1114 1137 1199 primae
1159 1136 1312 1180 consonae
1331 1130 1354 1182 et

263 1217 416 1285 antithesi
427 1214 644 1282 secundaean
654 1225 798 1280 assumto
813 1236 942 1299 gamma
953 1216 1040 1280 delta
1056 1216 1091 1282 in
1101 1217 1233 1284 lambda
1251 1217 1354 1296 abierit,

207 1384 212 1397 ,
264 1323 432 1408 disputare
452 1318 531 1386 nolo
552 1341 582 1382 v.
604 1316 723 1382 Parall.
748 1317 820 1382 133.
863 1317 933 1382 Nec
957 1316 1038 1382 mihi
1063 1330 1114 1384 sat
1139 1318 1300 1404 explorate
1317 1331 1355 1384 est

263 1422 415 1510 cognatio
439 1419 607 1486 nominum
627 1413 710 1505 ὀργή
733 1429 765 1482 et
784 1415 903 1502 γοργός
932 1421 1012 1484 ΕΜ.
1034 1419 1144 1506 Epim.
1167 1421 1196 1488 Ι.
1220 1422 1291 1498 103,
1315 1423 1354 1486 ll.

263 1533 384 1613 γρῖφος
403 1533 473 1590 rete
495 1531 528 1586 et
548 1520 613 1606 <tto
634 1531 738 1604 teges,
762 1518 880 1603 quibus
905 1520 1125 1589 Schneiderus
1145 1545 1244 1588 unam
1265 1523 1355 1589 notio·

262 1648 339 1692 nem
356 1626 494 1692 conteuti
516 1619 637 1686 tribuit.
683 1625 713 1684 Γ
711 1620 783 1688 isso
805 1644 866 1706 pro
890 1619 996 1688 εἵλετο
1020 1633 1052 1686 et
1070 1623 1166 1707 γένεα
1183 1619 1245 1709 pro
1261 1619 1357 1706 lictor

263 1725 412 1814 quamvis
434 1721 536 1808 epicis
563 1720 764 1807 approbata,
792 1732 899 1788 tamen
931 1720 1045 1788 literae
1073 1722 1218 1790 aeolicae
1239 1723 1357 1807 vestigia

263 1828 449 1898 ostendunt

346 1928 413 1994 ΙΠ.
455 1927 547 1990 Inter
567 1922 742 2002 vocabula,
770 1922 889 2008 quibus
912 1924 1123 1992 Grammatiei
1151 1927 1241 1992 delta
1269 1925 1356 1989 detra

263 2042 442 2099 ctnm'esse
460 2027 588 2103 volunt,
610 2047 712 2090 unmn
734 2025 854 2090 eminet
875 2035 908 2090 et
930 2028 1120 2094 difficultate
1141 2026 1360 2114 interpretandi

264 2144 298 2198 et
317 2129 498 2198 temeritate
519 2125 811 2212 interpretantium,
832 2126 1032 2194 homericum
1053 2129 1135 2194 illud
1157 2126 1250 2214 ἱερὸς
1271 2123 1359 2208 ἰχθύς,

264 2233 306 2298 de
332 2253 397 2316 quo
419 2227 647 2294 Herodianum
674 2225 710 2292 in
730 2227 931 2314 Pathologia
959 2230 1152 2296 disseruisse
1181 2230 1360 2296 discimuse

263 2333 352 2400 Gud.
380 2331 462 2407 288,
484 2330 537 2396 38.
571 2326 662 2416 ἱερὸν
692 2325 789 2412 ἰχθύν
815 2330 910 2414 παρὰ
943 2330 981 2396 τὸ
1011 2331 1128 2398 docimo
1162 2333 1274 2418 διερὸς
1296 2327 1357 2396 κατ’

262 2430 452 2519 ἇποβολήν·
486 2429 521 2502 oi
552 2432 591 2498 δὲ
613 2429 710 2516 παρὰ
743 2431 782 2496 τὸ
815 2428 893 2498 ὀίω·
924 2431 1031 2508 οὕτως
1056 2429 1273 2517 Ἡρωδιανὸς
1297 2431 1362 2516 περὶ

262 2538 404 2602 παθῶν·
438 2543 471 2598 et
501 2531 565 2598 hoc
596 2531 709 2596 nititur
741 2530 902 2617 Hesychii
934 2533 1060 2600 notatio
1091 2530 1201 2618 ‘leptis
1233 2533 1360 2615 ἔνυγρον.
1387 2599 1388 2612 ,

261 2634 368 2703 Aliud
387 2655 454 2701 non
474 2633 582 2703 minus
604 2645 847 2704 controversum
864 2632 960 2718 hujus
982 2633 1173 2720 abjectionis
1194 2633 1363 2719 exemplum

261 2734 415 2817 admixtis
442 2734 653 2800 dissimilibus
692 2735 786 2801 affert
817 2734 928 2802 Schol.
955 2735 1051 2822 Lips.
1080 2736 1125 2802 ad
1153 2735 1195 2802 ΙΙ.
1226 2736 1273 2802 11.
1300 2734 1362 2798 413.

261 2836 342 2903 ΕΜ.
364 2834 417 2914 35,
438 2836 492 2902 41.
514 2835 624 2921 Epim.
644 2835 673 2914 I,
698 2836 770 2902 183.
792 2837 888 2921 παρὰ
911 2837 949 2904 τὸ
972 2839 1073 2925 δῆλος
1095 2835 1192 2925 ἥλιος
1216 2836 1262 2916 ὡς
1283 2835 1364 2916 παρὰ

261 2936 301 3004 τὸ
323 2934 429 3025 ὀιωκή
459 2933 541 3024 lucari
568 2938 625 3004 uui
657 2936 743 3004 δαίω
776 2939 813 3003 τὸ
841 2936 965 3025 μερίζω
995 2938 1098 3004 deluo
1126 2940 1185 3006 καὶ
1212 2932 1293 3006 αἶσα
1320 2935 1365 3002 καὶ

261 3035 390 3119 δαίμων
421 3035 529 3121 elfsius
560 3035 578 3103 ὁ
615 3035 786 3123 ἔμπειρος.
840 3039 895 3104 De
928 3038 1033 3125 primo
1065 3039 1180 3108 leviter
1214 3051 1313 3116 errat3
1341 3047 1386 3102 et

261 3135 367 3224 διωκή
388 3161 455 3203 non
476 3139 594 3203 dicitur
615 3138 675 3204 sed
696 3135 808 3206 διώκω
829 3139 928 3204 modo
951 3139 1093 3226 ideoque
1115 3142 1163 3208 sic
1183 3155 1221 3208 ut
1239 3136 1317 3212 αἶσα
1332 3138 1367 3204 ad

261 3237 361 3302 elium
381 3240 490 3304 locum
513 3240 670 3324 pertinet3
701 3239 829 3320 δαίμων
850 3263 910 3326 pro
933 3238 1070 3328 δαήμων
1094 3246 1196 3310 semel
1217 3244 1368 3310 invenitur

261 3337 352 3422 apud
386 3340 635 3418 Archilochum,
675 3363 752 3404 nam
791 3341 833 3406 ds
866 3342 1017 3408 Hesiodo
1054 3345 1162 3412 minus
1200 3343 1370 3434 persuadet

262 3437 484 3525 Goettlingius
512 3443 556 3506 ad
578 3442 671 3527 Opp.
693 3442 830 3527 314.1⁰)
880 3445 1033 3510 Eundem
1066 3469 1144 3512 vero
1176 3448 1368 3514 intellectum

261 3536 382 3604 habere
411 3537 518 3621 αἶ’μων
547 3565 588 3608 ex
619 3567 685 3610 uno
715 3556 900 3612 sumserunt
919 3547 1057 3614 Homeri
1083 3549 1159 3618 loeo
1182 3550 1225 3616 Il.
1254 3551 1297 3618 V.
1325 3547 1384 3612 49.

261 3636 320 3706 ubi
345 3640 524 3726 aspiratum
551 3657 601 3708 est
626 3644 858 3733 Σκαμάνδριον
882 3647 1004 3730 αἵμονα
1030 3647 1151 3738 θήρης.
1195 3651 1242 3720 Id
1272 3661 1371 3716 autem

260 3741 408 3825 praecise
429 3753 528 3828 negat
547 3746 756 3814 Hermannus
781 3750 824 3813 ad
845 3744 929 3816 Heu.
951 3749 1003 3814 89.
1027 3750 1135 3834 αῗμων
1156 3753 1246 3820 enim
1270 3749 1383 3840 potius?

259 3838 417 3925 cupidum
437 3843 489 3909 vel
510 3845 639 3910 avidum
661 3849 844 3934 significare
874 3872 893 3915 a
919 3850 1050 3916 nomine
1076 3845 1160 3934 αἷμα
1185 3855 1371 3928 derivatum,

260 3940 297 4006 id
318 3952 425 4006 eutem
446 3942 487 4009 ab
515 3967 555 4010 ea
576 3948 686 4015 radice
708 3951 842 4016 ductum
866 3951 970 4018 videri
997 3952 1085 4017 unde
1107 3953 1246 4020 verbum
1272 3951 1382 4033 oileum

261 4043 459 4127 proprieque
480 4046 642 4114 declarare
663 4049 699 4113 id
722 4052 812 4136 quod
834 4053 936 4116 saliat.
979 4054 1056 4118 Hoc
1083 4055 1217 4140 quidem
1240 4055 1277 4120 in
1301 4076 1373 4119 con-

332 4243 601 4319 10>Δαιμονέσιαιοι
615 4247 643 4304 in
652 4251 726 4308 Gud.
745 4256 800 4322 131,
815 4257 856 4310 ll.
870 4253 973 4311 rectius
987 4257 1201 4331 δαημονέστατοι
1219 4231 1381 4314 sessui&
