2825 4809
154 340 207 405 m
226 332 434 419 smoora
456 332 602 417 unius
624 330 845 408 vacnum.
879 330 919 400 o.
934 333 982 401 11.
998 335 1067 421 §.a
1091 340 1171 427 ata
1284 290 1291 307 '

93 527 177 608 οίίιως
193 514 488 609 interioritatum
512 515 569 588 καὶ
590 511 704 607 ἐνδεής
729 515 859 589 indicta
885 519 943 588 καί
960 517 1094 609 ,κράσει
1118 514 1171 594 sii·

94 630 176 703 alem,
204 620 320 693 ίνδενατ
348 618 436 690 ὅσοι·
459 620 521 707 γὰρ
545 622 675 708 φωνῆεν
698 617 930 708 (ἐπιφέρεται)
948 619 1021 695 ἔστι
1041 632 1171 715 κρᾶσις,

88 728 160 805 ,ὅσοι
187 724 220 791 δὲ
252 719 440 807 σίμιριονον,
479 717 640 808 uersanti·
692 715 903 807 Ἡρωδιανὸς
931 725 1013 813 περὶ
1044 734 1172 805 παθῶν

89 830 151 895 EM.
169 826 235 903 392,
254 824 305 889 44.
327 822 413 891 Litis
439 822 584 889 conditio
605 833 721 889 neutro
744 826 999 911 praeponderat,
1032 829 1120 900 Nam
1135 842 1172 904 ut

90 930 120 995 ab
144 924 264 1013 είσυχής
289 948 357 990 non
386 924 491 991 solum
519 918 651 1006 εὐτυχία
682 925 844 991 derivatur
865 951 977 996 verum
998 931 1096 999 etiam
1119 929 1172 1003 ari-

89 1028 191 1115 ιίχιια,
214 1027 257 1093 sic
278 1026 318 1095 ab
344 1026 511 1113 adjectivis
532 1026 624 1115 puris
646 1021 778 1109 εὖάεια,
801 1022 957 1116 ιδφίεια,
979 1034 1039 1099 sed
1060 1037 1172 1107 exciso

88 1132 170 1219 epsilo
191 1130 353 1209 δίςκλεια,
378 1123 528 1209 είίκλεια,
552 1124 681 1208 ἔνδεια,
705 1123 833 1207 ἔνδεια,
856 1152 942 1215 quae
961 1134 990 1198 si
1005 1149 1173 1215 contracta

88 1242 186 1311 essent,
210 1231 512 1297 circumflecteretur
536 1228 726 1319 penultima.
762 1229 865 1313 Quod
886 1256 988 1318 quum
1007 1259 1176 1327 nunquam
1267 1271 1275 1281 *

86 1335 139 1401 fieri
165 1333 325 1426 videamus
362 1334 499 1421 propior
535 1341 585 1397 est
616 1354 781 1418 syncopae
810 1334 966 1421 suspicio.
1024 1340 1063 1409 Si
1096 1366 1175 1413 vero

87 1437 225 1522 sequimur
255 1433 459 1521 prosodiam,
502 1458 600 1521 quam
632 1433 843 1501 Grammatici
874 1438 996 1506 Atticis
1029 1442 1177 1520 tribuunt

89 1538 212 1623 antiquis,
236 1535 301 1601 hoo
319 1546 369 1601 est
385 1530 532 1613 εὐκλεία,
555 1536 660 1604 vocali
682 1536 793 1624 stirpis
807 1526 876 1603 ἦ
891 1563 953 1626 pro
975 1529 1177 1618 aduttum

88 1652 123 1706 est
140 1638 313 1705 tenninatio
334 1637 496 1723 bisyllaba
507 1626 550 1708 ἦ
572 1638 623 1703 vel
634 1626 693 1729 ᾖ),
717 1662 802 1725 quae
817 1662 885 1709 non
904 1641 1010 1721 solum
1033 1645 1068 1710 in
1087 1642 1176 1732 ἅμα.

89 1741 146 1821 δίο,
168 1738 345 1828 προμηθία
369 1751 429 1805 etc.
452 1750 590 1827 apparet
610 1741 669 1807 sed
694 1741 792 1807 etiarn
812 1742 849 1807 in
866 1742 932 1811 hoc
944 1768 1066 1831 genere
1077 1752 1178 1835 quod

88 1842 117 1907 ab
143 1841 304 1927 adjectivis
335 1842 426 1927 puris
456 1843 650 1931 producitur
682 1840 814 1921 ἀκλιία,
852 1840 1010 1926 sicinio,
1043 1844 1177 1937 siparis.

89 1946 154 2011 Hinc
170 1944 270 2011 facilis
296 1944 473 2009 contractio
497 1940 644 2023 εὖνιλεία,
677 1942 803 2022 ε’νδεία,
828 1946 947 2029 quibus
970 1952 1178 2035 praevaluere

91 2058 338 2135 proparoxytona.
384 2046 452 2113 Sed
485 2046 645 2133 scriptura
684 2068 785 2133 saepe
821 2046 954 2127 titubat;
986 2073 1049 2137 pro
1078 2076 1178 2140 περι-

98 2151 159 2215 δίειο
180 2149 269 2237 apud
294 2147 517 2215 Phavorinum
547 2149 705 2235 scriptum
734 2158 785 2215 est
811 2150 986 2236 περιδεεία
1013 2146 1032 2219 δ
1060 2178 1178 2239 περισ-

93 2249 132 2329 σὸς
147 2248 254 2340 φόβος.
312 2250 379 2318 Pro
405 2242 591 2335 ὀλιγοδεέια
617 2249 741 2316 Euseb.
768 2250 1080 2337 PraepVHL12,
1103 2254 1179 2321 381.

87 2352 119 2415 D.
138 2354 217 2441 apud
237 2352 423 2420 Philonem*
440 2352 481 2415 de
506 2351 600 2439 Opis.
616 2353 740 2419 Mund.
762 2353 814 2419 37.
840 2354 882 2419 Ε.
909 2356 998 2422 unde
1028 2356 1092 2423 hoc
1121 2380 1179 2426 ex·

86 2464 206 2541 cerptum
227 2464 298 2533 est,
327 2454 361 2519 in
384 2453 448 2521 Ed.
470 2452 622 2519 Franooi.
649 2451 821 2537 δλιγοδεία
842 2455 976 2541 legitur,
1002 2459 1180 2547 Muugejus

85 2547 228 2643 ίίιγοδεία
262 2555 383 2633 edidit,
417 2578 601 2640 vanumque
631 2555 760 2635 videtur
798 2557 973 2626 discrimen
1002 2581 1023 2625 a
1051 2561 1183 2632 Zouera

82 2659 272 2723 constitutum
304 2681 338 2745 p.
372 2658 466 2725 1443.
499 2652 670 2741 ὀλιγοδιΐα
698 2654 767 2727 διεδ
799 2664 859 2745 τῆς
892 2659 1037 2740 ἐνδείας,
1068 2654 1181 2747 ὀλιγο-

85 2758 154 2823 δίειο
191 2760 227 2828 δὲ
271 2752 343 2827 dat
383 2762 442 2824 τοῦ
483 2756 595 2843 φοίβου
639 2756 841 2846 δίφθογγον·
879 2782 988 2845 neque
1033 2761 1184 2847 agnoscit

80 2858 181 2925 Suidas
205 2856 381 2945 ίλιγοδεία
401 2858 440 2925 ιδ
461 2852 583 2944 ὀλίγων
606 2859 745 2927 δεῖσθαι
765 2861 823 2929 καί
845 2860 1016 2946 ὀλιγοδεία
1039 2862 1182 2945 ὁμοίως·

80 2952 211 3047 idemque
234 2961 303 3025 alio
326 2959 389 3045 boc
414 2954 582 3043 Ὀψοδεία
614 2957 632 3048 is
663 2956 774 3029 ἔνδεια
806 2965 871 3027 τῶν
897 2955 1010 3048 ίίψισν,
1033 2957 1183 3048 δψοδεία

81 3064 119 3141 δέ,
141 3086 201 3149 qno
224 3062 329 3128 modo
353 3061 543 3148 saepissime
566 3060 717 3130 σιτοδεία
735 3062 887 3128 scribitur
905 3086 946 3128 ex
958 3063 1185 3131 Choerobosci

75 3175 237 3258 praecepto
248 3164 381 3232 Anecd.
403 3162 508 3229 Bckk.
529 3163 622 3230 1418.
645 3186 672 3227 a.
695 3163 736 3231 τὸ
759 3166 911 3231 σιτοδεία
933 3166 1001 3252 πρὸ
1024 3169 1106 3249 μιᾶς
1126 3165 1184 3234 τὸν

79 3262 156 3331 τόνον
186 3265 270 3349 iim,
304 3266 365 3331 sed
396 3264 569 3352 dupliciter
597 3265 790 3351 ψοφοδέεια
818 3276 851 3331 et
872 3265 1057 3355 ψοφοδεία.
1087 3265 1187 3335 cnm

78 3364 152 3433 hisce
176 3367 387 3445 nominibus,
419 3389 502 3453 quae
524 3367 595 3451 jam
622 3365 774 3446 absolvo,
806 3368 979 3442 maximam
1005 3369 1187 3438 necessitu-

77 3468 172 3537 dinem
189 3456 297 3535 babet
316 3467 450 3539 verbum
473 3466 513 3533 ab
535 3469 682 3535 Homero
704 3469 887 3538 mutilatum
909 3470 1004 3550 ἐμεῖο
1027 3470 1063 3537 δὲ
1086 3470 1187 3557 δῆσεν

37 3562 39 3565 ’
77 3563 148 3659 daig
168 3566 323 3661 ἀλκτῆρα
349 3572 558 3657 γενέσθαι-
572 3571 613 3637 de
639 3592 704 3657 quo
728 3581 816 3638 recte
829 3571 960 3655 judicat
974 3571 1142 3649 EM..138,
1155 3571 1187 3639 8.

77 3664 138 3738 ἀντὶ
156 3679 213 3739 τοῦ
236 3673 357 3763 ἐδέησε
376 3671 462 3739 κατὰ
485 3672 664 3759 comantia.
697 3673 910 3740 Herodianus
927 3674 1036 3741 cresin
1056 3674 1189 3753 diceret,

77 3794 131 3857 qua
149 3774 283 3863 Sophro
306 3796 387 3839 usus
406 3782 457 3840 est
475 3774 609 3859 Fragm.
625 3772 747 3839 XXII.
769 3772 852 3844 ὅκκα
873 3777 965 3854 castig
985 3778 1104 3866 δῆσθε,
1129 3795 1188 3847 ue·

79 3895 132 3957 que
158 3876 388 3956 abstinuerunt
417 3886 537 3962 poetae
552 3874 687 3953 ¹scenici
720 3876 749 3939 si
778 3900 839 3963 pro
869 3877 929 3949 ἐὰν
951 3879 1027 3966 δίῃ,
1059 3878 1188 3962 quoties
1310 3929 1314 3954 ,

78 3979 329 4067 monosyllabum
351 3989 415 4057 est,
437 3987 526 4043 recte
547 4000 634 4043 nuno
657 3976 809 4046 scribitur
823 3977 889 4045 a'dv
911 3980 970 4068 δῇ,
994 3978 1086 4062 quod
1102 3978 1189 4050 Diu-

78 4076 186 4145 tlorfius
221 4081 267 4145 ad
297 4080 400 4148 Arist.
431 4080 539 4158 Ranrr.
570 4079 644 4145 264.
678 4076 782 4145 suasit
808 4075 931 4147 indicio
963 4079 1088 4147 codicis
1108 4078 1189 4147 Ros.

81 4177 181 4245 ductus
211 4192 244 4247 et
275 4204 381 4268 nuper
405 4181 501 4247 etiam
522 4180 711 4246 Meinekius
736 4183 851 4247 ascivit
868 4180 962 4245 Com.
985 4181 1041 4245 Fr.
1064 4180 1105 4245 Τ.
1128 4180 1190 4247 IV.

79 4278 142 4346 242.
169 4284 226 4369 qui
257 4274 348 4371 prius
379 4282 544 4369 synizesin
572 4282 761 4348 defenderat
786 4282 828 4349 ad
851 4280 1026 4347 Menandr.
1055 4304 1088 4369 p.
1116 4282 1190 4348 207.

917 4382 982 4448 16*
1048 4406 1054 4413 ·
