2825 4809
123 344 176 408 Ill}
187 334 440 405 PROSTHESI
454 334 516 401 ΕΤ
533 326 797 402 APHAERESI.
816 331 855 398 C.
862 333 959 400 vm.
974 337 999 419 ξ.
1008 333 1058 399 10.
1083 337 1152 408 181

79 528 120 590 hia
137 522 236 589 sinilia
255 519 441 607 germanica
463 520 647 591 Erdbodec,
681 499 897 604 Ψοιτινματλ,
929 518 1156 586 Fecerabmnat

78 620 226 711 (τομαῖα)
255 621 478 687 observatione
506 619 561 683 vix
589 618 690 704 digna
717 617 876 684 ducimus.
935 619 1004 686 Sed
1032 620 1075 684 ad
1100 621 1155 684 illa

78 725 158 810 nigla
176 723 289 789 attendi
309 731 451 808 oportet,
475 742 560 806 quae
577 742 618 785 ex
632 717 801 784 vocabulis
819 741 953 806 prorsus
970 720 1154 786 indiscretis

76 834 211 900 comtant3
231 826 321 909 cujus
342 820 473 909 generis
495 822 550 886 isti
574 843 676 885 unum
696 819 836 885 afferunt
856 817 1095 906 ἕναροκτοίντης
1112 821 1153 886 ab

76 926 210 1010 Aeschylo
229 926 353 1003 lictum,
382 925 449 989 duo
476 923 540 988 alia
568 921 706 1007 praebet
735 922 891 987 dialectus
917 919 1060 1006 vulgaris
1088 945 1153 1006 po·

75 1023 254 1110 νοντδνοςθ)
272 1037 305 1092 et
317 1022 553 1112 μορμόφοβος,
570 1021 660 1108 quod
672 1021 813 1088 Photius
828 1021 984 1106 aequales
999 1041 1076 1086 suos
1091 1043 1152 1114 pro

75 1126 282 1208 μορμολύκειον
300 1144 460 1212 usurpare
482 1123 570 1188 dicit.
604 1125 698 1188 Haec
719 1134 827 1188 cutem
844 1122 992 1205 ejusdem
1009 1121 1152 1187 notionis

73 1227 171 1291 iteratio
191 1227 358 1313 emphasin
380 1225 475 1289 affert
494 1223 656 1290 atrocitati
677 1225 726 1294 rei
748 1223 950 1309 significatae
967 1244 1152 1288 accommo-

74 1328 164 1390 datam
202 1327 317 1413 anue
344 1325 514 1413 gravitatis
540 1325 623 1390 ratio
646 1325 728 1389 mihi
753 1347 821 1390 non
846 1323 962 1390 abesse
982 1324 1111 1389 videtur
1134 1347 1154 1388 a

71 1427 172 1492 nomine
191 1426 398 1510 λασσομανία
424 1436 456 1490 et
478 1423 715 1510 οἶστρομανία,
746 1426 864 1511 quibus
891 1425 1071 1513 respondet
1092 1426 1152 1492 dc·

72 1527 207 1593 neaticum
226 1529 255 1594 T
252 1521 391 1596 alliciatis.
419 1527 482 1592 llla
496 1527 630 1612 quidem
645 1527 787 1593 novitiae
803 1537 879 1592 sunt
895 1527 1152 1604 consuetudinis,

71 1640 165 1694 veteres
192 1638 301 1694 autem
333 1627 503 1713 disjunctis
531 1637 667 1692 utuntur
699 1626 805 1696 luced
826 1626 949 1708 μανίας
974 1649 1004 1692 τ.
1029 1627 1072 1691 ad
1098 1628 1152 1711 Aj.

73 1752 95 1812 p.
111 1729 169 1792 194.
190 1738 221 1794 et
240 1727 423 1817 οἶστρῇσαι
443 1729 581 1811 μανίαις
599 1730 679 1793 Eur.
700 1729 824 1794 Bacch.
845 1728 897 1794 32.
929 1722 1035 1794 Addo
1055 1730 1153 1794 etiarn

73 1825 202 1915 ίσηκορος
227 1830 262 1895 id
291 1839 342 1894 est
367 1829 478 1894 taedio
498 1829 617 1907 lessus,
640 1824 806 1916 ἇσηνορία
828 1851 952 1894 nausea
973 1840 1006 1894 et
1029 1829 1152 1894 comice

71 1928 153 1992 lictum
176 1928 565 2017 ψαμμακοσιογάργαρα.
619 1929 697 1994 Non
727 1929 791 1994 alia
818 1940 868 1996 est
890 1951 989 1994 causa
1015 1931 1152 2014 conjun-

71 2029 157 2094 ctionis
174 2029 348 2095 verborum
367 2030 531 2108 vertendi,
555 2029 709 2095 volvendi
730 2018 989 2115 torquendique‚
1013 2051 1153 2114 quornm

72 2138 139 2192 tanta
153 2141 195 2194 eat
213 2131 316 2217 copia
334 2140 371 2194 ut
391 2153 493 2217 saepe
517 2131 678 2216 gregatim
706 2151 742 2196 se
766 2130 904 2196 offerant
923 2129 1152 2214 loquentibus:

73 2231 199 2315 στρέφειν,
220 2234 336 2309 δινεῖν,
357 2228 469 2310 τίλτῖν,
491 2234 631 2299 κυκλεῖν.
673 2230 764 2297 Hinc
786 2242 836 2296 est
860 2231 950 2316 quod
965 2230 1152 2316 Aeschylus

72 2327 101 2391 de
118 2330 214 2396 an‘bus
242 2332 362 2396 nidum
389 2332 523 2397 assidue
543 2331 876 2399 circumvolitantibus
905 2333 988 2398 dixit
1007 2356 1152 2421 στροφο-

69 2430 297 2499 coruscatioc
325 2443 377 2497 est
404 2431 439 2497 in
468 2433 581 2498 orbem
604 2434 795 2520 circumagi,
823 2437 989 2500 Homerus
1009 2455 1087 2500 vero
1110 2435 1154 2498 de

69 2531 192 2617 urigine
213 2535 386 2600 oculorum
407 2533 670 2620 στρεφεδίνηθεν
692 2535 731 2603 δέ
751 2532 785 2602 oi
810 2529 904 2612 δ’σσι,
935 2535 1000 2600 hoc
1021 2544 1087 2610 est,
1117 2543 1154 2597 nt

67 2632 232 2716 Apollonius
250 2636 288 2699 in
301 2637 386 2700 Lex.
407 2635 648 2720 interpretatur,
672 2635 850 2723 δινηθέντα
868 2634 1030 2722 ἐστράφη,
1051 2634 1153 2718 idque

67 2730 235 2800 Scholiaatea
265 2737 309 2801 Il.
329 2736 427 2803 XVI.
451 2735 523 2799 792.
547 2735 590 2798 ad
615 2735 754 2800 eandem
771 2735 937 2826 rationem
965 2731 1152 2822 significan·

66 2832 111 2897 tiae
126 2847 267 2902 revocat:
290 2835 329 2904 ἐκ
351 2833 411 2902 δίο
433 2828 607 2916 ὀνομάτων
627 2836 664 2901 ad
690 2831 772 2903 αὐτὸ
795 2833 981 2924 δηλούντων
997 2843 1154 2923 τραχεῖαν

66 2935 171 3014 σταλεὶς
188 2937 251 3025 τὴν
271 2933 509 3022 προςηγορίαν,
530 2935 589 3020 τὴν
609 2934 688 3018 βίαν
717 2941 777 3026 τῆς
804 2938 933 3023 πληγῆς
955 2934 1151 3021 παρίστησι.

66 3031 191 3101 Similiter
208 3038 269 3103 Ins
288 3036 398 3100 imore
415 3043 586 3122 correptae
604 3037 846 3120 τροχοδινεῖται
869 3029 994 3117 ὄμματ’
1022 3033 1154 3124 ἑλίγδην

65 3131 148 3201 Prom.
167 3137 242 3204 907.
263 3157 373 3222 neque
390 3134 484 3199 aliter
498 3147 686 3222 comparata
700 3147 775 3201 sunt
791 3135 951 3219 adjectiva
967 3135 1159 3223 ἐλιλίστρο··

66 3256 122 3315 ρος,
144 3239 378 3313 κυκλοὲλικτος
406 3245 440 3301 et
466 3235 782 3322 στρογγυλοδίνητος
808 3237 1008 3324 verbumque
1034 3260 1154 3323 στρου-

64 3336 242 3420 γνγνρίζιιν,
277 3339 369 3421 cnjus
402 3345 552 3402 auctores
586 3336 748 3423 producit.
767 3338 827 3403 Du
855 3337 1014 3424 (langius.
1068 3337 1154 3404 Cum

64 3439 266 3521 στρτφτδινεῖν
284 3435 478 3504 Eustathius
492 3438 567 3516 436,
581 3437 635 3503 45.
661 3439 830 3524 componit
850 3434 1040 3523 ὂροθύνιιν,
1063 3440 1154 3524 quod

65 3529 156 3602 Orion.
186 3539 262 3616 117,
287 3539 340 3603 28.
367 3538 493 3625 duplici
512 3537 638 3604 ratione
661 3539 785 3606 enodat
806 3539 901 3626 παρὰ
922 3540 960 3606 τὸ
980 3543 1075 3627 bodri
1098 3545 1155 3628 ῥο-

64 3630 135 3700 liro
153 3639 209 3705 καί
230 3641 435 3726 πλεονασμῷ
461 3625 564 3706 voti
584 3636 756 3726 ὀροθύνιο·
782 3635 805 3726 ἢ
827 3639 921 3726 παρὰ
944 3637 983 3708 τὸ
1005 3633 1078 3726 eipso
1097 3640 1156 3707 καί

63 3728 150 3800 lbo-
169 3737 204 3804 ἕν
230 3743 280 3824 τῷ
305 3739 386 3822 περί
406 3743 532 3806 παθῶν
546 3734 770 3825 Ἡρωδιανός,
800 3739 854 3805 hic
883 3751 991 3805 autem
1014 3741 1155 3807 fortasse

64 3845 184 3900 neutram
214 3838 393 3927 proposuit
421 3839 479 3904 sed
511 3839 621 3926 potius
651 3840 757 3919 illam,
784 3842 819 3907 in
849 3864 948 3927 quam
973 3841 1085 3910 Schol.
1113 3843 1152 3908 Π.
1284 3907 1287 3912 .

115 4089 155 4157 73)
169 4091 217 4146 Sic
234 4089 318 4146 etiarn
333 4090 495 4146 Euanthius
513 4093 702 4165 Proserpinae
721 4109 823 4150 nomen
843 4091 966 4149 ever-bis
986 4097 1109 4165 φδδρσαι
1124 4101 1153 4147 et

62 4179 176 4238 φονεῦσαι
193 4174 381 4247 compositum
396 4183 479 4247 putat
496 4179 560 4242 763,
573 4181 616 4232 dd.
647 4180 734 4253 Apud
752 4179 923 4251 Hesychium
935 4175 1153 4250 Ἔναροκτοὶντας

63 4255 253 4326 commotae
268 4261 445 4316 scribendum
463 4271 507 4316 eat
525 4259 703 4336 φονοατδνος.
