2825 4809
246 321 321 396 ιιι
375 318 379 325 ·
465 284 469 294 “
541 313 861 386 Dlssunrauro
885 315 932 382 11.
976 315 1016 381 P.
1038 314 1066 378 1.
1135 259 1141 264 ’
1184 307 1186 314 ·

246 499 360 593 χερός,
381 501 512 589 quicum
527 511 701 588 utrumque
716 499 882 580 cohaeret,
899 500 1038 588 vestigia
1056 502 1159 569 omnia
1174 524 1253 569 erasa
1266 517 1323 572 sunt

250 625 325 672 cum
351 604 552 692 pulviscu103
580 627 656 669 nam
680 603 716 669 in
745 603 973 689 supplemento
999 601 1184 671 Schottiauo
1206 604 1323 692 Oppian.

251 705 335 793 Cyn.
356 706 410 774 IV
410 752 419 770 .
443 704 515 770 198.
538 699 651 792 ἀφρὸν
676 701 887 772 dendroides
909 704 948 772 δὲ
965 703 1046 773 ποτὶ
1065 705 1165 789 χέρον,
1187 726 1246 770 nou
1263 706 1326 774 haec

251 819 302 874 est
322 807 484 894 scriptura
504 806 601 871 codd.
626 805 687 870 sed
708 803 841 888 χέρσον,
868 805 959 890 quod
980 803 1015 868 in
1039 801 1152 890 σχερδν
1170 807 1327 874 mutandum

252 919 310 974 aut
340 908 451 996 potius
483 905 583 972 verba
611 900 928 994 ποτὲ-αἰδομένω
960 905 1137 972 omittenda
1166 917 1266 984 eraut3-
1285 909 1326 973 illo

250 1011 353 1076 utitur
367 1033 397 1076 v.
409 1008 483 1076 361.
501 1007 596 1098 ῥῖνας
615 1000 776 1088 σχεδόθεν
794 1005 929 1091 χέρσοιο
949 1007 1109 1084 τιθέντες.
1149 1007 1280 1073 Alterum
1293 1019 1329 1074 eat

251 1107 442 1200 ἔναρφόρος
463 1105 483 1197 ἦ
506 1101 675 1194 πολεμική
697 1099 767 1172 ἀπὸ
790 1109 851 1173 τοῦ
872 1105 988 1194 φέρειν
1010 1106 1052 1172 ιδ
1076 1104 1174 1193 ἔναρα
1192 1109 1327 1174 ΕΜ.337.

174 1271 184 1294 ,
252 1213 344 1299 quod
363 1212 479 1296 Enyus
506 1206 676 1296 epitheton
696 1205 798 1272 fuisse
819 1205 948 1272 videtur
974 1208 1026 1274 vel
1049 1207 1222 1274 Amazonis
1246 1211 1329 1294 cujus·

252 1314 348 1389 dam3
381 1311 409 1377 si
438 1307 623 1393 πολεμικός
652 1308 810 1395 scriptum
837 1319 937 1386 esset,
973 1329 1014 1374 ex
1044 1309 1193 1376 Hesiodo
1221 1320 1329 1386 sumtum

253 1415 395 1479 dicerem
417 1411 473 1497 qui
492 1409 635 1476 Martem
656 1404 845 1497 ἒναρφόρον
865 1408 1051 1496 usurpavit,
1075 1432 1144 1476 non
1164 1408 1330 1498 ἒναρςφόρον

252 1524 290 1580 ut
324 1516 543 1581 Buttmannus
579 1509 692 1576 scribit
728 1509 871 1576 Gramm.
903 1510 950 1577 Π.
981 1510 1056 1576 461.
1088 1521 1156 1577 not
1191 1512 1330 1598 plaudente

252 1614 504 1684 Schneidewino
534 1611 681 1698 Conject.
705 1611 756 1676 11.
786 1611 822 1676 id
849 1610 935 1678 enim
961 1635 1029 1679 non
1056 1612 1190 1681 minoris
1214 1613 1332 1680 licentiae

253 1727 304 1789 est
325 1737 423 1802 quarn
446 1710 638 1804 πυρςφόρος
658 1713 744 1778 foret
764 1712 815 1777 vel
837 1713 1006 1801 φέρςβιος.

337 1816 517 1883 Nominum
537 1837 619 1902 pure
638 1812 883 1880 terminatorum
899 1837 1002 1878 unum
1017 1813 1160 1901 pertinet
1177 1815 1217 1880 ad
1228 1815 1331 1902 primam

254 1918 505 1985 declinationem
534 1915 706 2001 ζείδωρος,
739 1915 767 1980 si
795 1914 831 1979 id
858 1936 899 1980 ex
927 1909 1106 2003 ζειόδωρος
1130 1915 1280 1980 concisum
1297 1923 1334 1978 εει

252 2020 333 2087 ΕΜ.
348 2018 423 2098 410,
440 2019 470 2083 8.
494 2016 618 2103 quippe
640 2014 705 2081 hoe
724 2016 833 2082 versui
854 2015 987 2082 heroico
1009 2015 1235 2082 inconveniens
1253 2037 1335 2100 neque

254 2132 323 2187 erat
337 2120 469 2206 quicum
485 2117 676 2184 commutari
694 2127 825 2202 posset3
847 2140 923 2184 nam
938 2117 1142 2183 substantiva
1157 2114 1334 2200 ζωοδόνειρα,

253 2217 491 2305 ὀλβοδότειρα,
524 2212 790 2303 θεομοδόιειρα,
826 2215 1076 2304 καρποδόιειρα
1110 2228 1171 2285 ete.
1204 2207 1335 2283 homerica

254 2320 459 2388 consuetudo
477 2317 646 2404 repudiat3
669 2317 730 2382 sed
747 2317 950 2405 probabilior
967 2318 1067 2385 orasis
1090 2341 1132 2384 ex
1149 2315 1296 2402 ζεόδωρος
1310 2325 1336 2379 ut

252 2419 359 2489 πλέον
379 2421 485 2486 πλεῖν.
527 2421 583 2486 Ι)ε
605 2418 751 2485 seeundo
777 2420 892 2486 ordine
913 2419 975 2485 tria
995 2419 1175 2486 afferuntur
1194 2417 1338 2484 neutralia:

251 2519 447 2611 ληιβότειρα
469 2510 594 2604 ὤφειλε
615 2516 839 2607 ληιοβόιειρα,
860 2520 1028 2609 σννειιόπη
1052 2522 1091 2590 δὲ
1111 2522 1170 2590 διὰ
1190 2518 1227 2588 τὸ
1246 2519 1338 2604 μέτρον

250 2622 362 2710 Epim.
388 2622 417 2689 Ι.
444 2620 517 2688 263.
555 2620 722 2706 quomodo
757 2621 854 2686 etiam
884 2618 1043 2710 ληινόμος
1075 2622 1272 2688 decurtatum
1297 2627 1339 2683 est

251 2725 403 2791 Alterum
431 2716 625 2810 stipendium
654 2719 784 2806 δμωαί·
807 2721 994 2808 Σιμωνίδης
1015 2721 1053 2790 ἐκ
1076 2727 1136 2790 τοῦ
1159 2715 1340 2809 αἷριοιιόλιοι

253 2825 406 2913 ουγκοιιῇ
423 2809 530 2890 rosio
573 2819 688 2901 Οὕτως
700 2819 909 2905 Ἡρωδιανὸς
925 2820 1004 2909 περὶ
1021 2825 1149 2888 παθῶν
1163 2822 1240 2888 ΕΜ.
1251 2820 1294 2898 38,
1302 2817 1340 2882 46.

252 2927 353 2991 Hunc
396 2921 513 2990 erroris
552 2922 720 2988 insimulat
758 2921 1026 3008 Schneidewinus
1069 2922 1270 2990 Simonidem
1299 2919 1340 2984 Fr.

254 3025 437 3096 cxxvss.
462 3024 533 3089 122.
557 3020 729 3112 ἐριπόλιοι
757 3023 927 3110 scripsisse
953 3022 1125 3110 suspicans
1146 3024 1184 3089 id
1205 3033 1252 3090 εει
1267 3039 1342 3104 ρων

253 3132 378 3196 <laevae
423 3126 493 3195 Sed
519 3147 618 3192 eausa
643 3124 759 3190 recidit
788 3125 824 3190 in
849 3125 1019 3203 librarios3
1047 3135 1149 3212 poeta
1176 3125 1259 3192 enim
1276 3117 1342 3186 haud

65 3252 71 3262 ¹
131 3274 135 3282 ·
254 3227 354 3293 dubie
374 3225 532 3309 ἓρινιόλοι
549 3224 680 3313 scripsit
700 3235 738 3291 ut
759 3221 921 3312 νηοπόλοι
943 3248 1050 3313 eoque
1070 3225 1204 3292 nomine
1224 3223 1342 3289 lanificae

253 3323 454 3412 εἷρονιόνονς
481 3325 550 3392 sive
577 3320 769 3415 δριονργούς
795 3325 997 3412 significavit.
1045 3328 1199 3393 Tertium
1224 3322 1345 3406 σιοείδης

253 3425 381 3515 σιείδης
404 3425 483 3510 (hoc
500 3426 650 3511 accentu)
674 3431 826 3517 σνγκονιῇ
847 3433 906 3497 τοῦ
923 3417 950 3497 ’ὁ
967 3429 1050 3498 ΕΜ.
1073 3430 1145 3508 134,
1167 3426 1281 3494 24.,ὀδ
1298 3445 1345 3488 no·

252 3551 328 3594 men
343 3528 474 3616 plantae
491 3529 565 3615 σιόν
583 3528 679 3594 retuli
700 3528 744 3592 ad
760 3529 881 3594 Buttm.
893 3529 967 3595 450.
1011 3530 1076 3595 His
1098 3531 1241 3616 adjunge
1259 3528 1344 3593 drasa-

251 3625 355 3714 βόλος
379 3639 412 3694 ει
437 3626 643 3716 δοκρδρῥοος
670 3629 698 3694 si
726 3628 789 3695 hoc
817 3651 891 3694 cum
913 3627 1057 3716 δάκρυον
1079 3629 1291 3718 compositum
1308 3631 1345 3688 est

251 3738 289 3794 ut
310 3723 529 3812 δακρυογόνος
552 3739 612 3795 etc.
637 3752 668 3794 v.
690 3734 716 3816 ξ.
738 3730 770 3795 4.
813 3732 938 3796 Eorum
965 3751 1050 3815 quae
1080 3752 1155 3796 cum
1182 3723 1345 3796 masculinis

252 3827 435 3917 composita
457 3840 533 3894 sunt
555 3829 678 3916 duplex
705 3841 755 3897 est
780 3831 874 3898 ratio.
917 3832 1003 3897 Nam
1027 3831 1055 3896 si
1077 3855 1154 3918 pars
1178 3831 1266 3919 prior
1284 3848 1346 3912 syu-

250 3932 333 4000 tbeti
360 3929 507 3996 vocalem
529 3930 664 4015 longam
690 3931 835 3998 continet
863 3943 900 3997 ut
925 3928 1024 4012 λαός,
1050 3937 1142 4014 ζῶον,
1175 3932 1302 4000 dubium
1318 3926 1348 3990 fit

251 4043 360 4102 utrum
375 4019 497 4102 ocum
514 4052 554 4098 eo
573 4041 776 4098 contractum
792 4056 834 4099 an
850 4042 1013 4100 exemtum
1028 4035 1087 4111 sit;
1109 4057 1194 4120 quae
1208 4026 1346 4100 dubitatio
1370 4037 1371 4111 t

250 4135 394 4223 pertinet
414 4134 457 4199 ad
470 4128 658 4214 Λαδικεύς,
676 4128 876 4222 Λακράτης,
895 4130 1055 4219 λατόμος,
1075 4129 1279 4222 ζωγρᾶφρος,
1297 4120 1347 4210 Ed·
1370 4201 1371 4210 ,

252 4257 368 4322 φατον.
413 4235 591 4324 Syncopen
610 4257 687 4302 vero
709 4229 809 4299 'subiit
828 4256 947 4304 nomen
968 4235 1107 4304 feminae
1128 4235 1161 4301 in
1180 4229 1295 4300 Marini
1312 4225 1349 4294 V·
1370 4285 1371 4314 2
