2825 4809
139 318 145 322 -
197 261 276 364 μα’
546 278 882 349 ,orosaarsrro
912 277 941 342 1.
1064 315 1068 322 -
1390 371 1391 432 Ν

196 491 262 557 qus
281 465 424 536 fictionis
445 465 632 552 exemplum
650 462 812 551 praebent
837 457 933 549 μάριι
956 469 989 524 et
1008 455 1181 543 μορμύρω.
1227 456 1324 522 Cum·
1387 467 1391 534 ιῇ

196 572 261 638 hoc
286 566 494 655 componitur
521 565 657 632 verbum
681 559 818 630 coloris:
844 556 1012 650 Πορφάρῃ
1033 555 1230 646 πορφυρίζῃ
1249 583 1319 624 ται
1390 567 1391 648 l

198 669 363 758 ράοοηται
380 704 424 716 -
440 666 531 735 ἔστιν
558 659 617 734 οὖν
646 661 856 751 πεποιημένη
887 659 975 738 λέξις
1003 654 1050 738 ὥς
1081 657 1118 724 τὸ
1150 653 1319 742 μορμύρω

197 766 357 859 Apollon.
380 769 465 834 Lex.
494 789 593 853 quem
620 774 713 852 patet
742 763 877 829 verbum
905 759 989 825 illud
1019 779 1080 846 pro
1109 756 1320 844 reduplicato

199 871 297 960 φόροι
320 869 484 934 habuisse.
527 866 616 933 Hinc
634 864 786 952 plerique
809 863 979 928 doctorum
1000 861 1043 925 ad
1065 859 1163 924 animi
1186 868 1321 944 pertur-

198 971 368 1038 bationem
397 969 581 1033 traductum
612 975 746 1053 putant,
781 962 970 1030 Nitaschius
999 961 1044 1025 ad
1074 960 1143 1026 Od.
1164 959 1211 1026 X.
1242 958 1322 1026 309.

198 1070 421 1139 Doederlinus
450 1069 530 1153 Syn.
559 1068 601 1132 T.
622 1067 684 1134 VI.
707 1066 781 1132 293.
810 1063 886 1141 alii;
919 1061 1142 1146 Goettlingius
1171 1080 1250 1126 uero
1286 1057 1325 1123 in

199 1171 342 1240 Dissert.
369 1169 412 1235 de
438 1168 552 1254 lingna
575 1167 823 1235 Botooudorum
838 1165 890 1247 ¹⁴)
917 1162 1017 1228 verbo
1044 1161 1091 1226 illi
1118 1161 1325 1247 geminatum

199 1274 270 1359 πῦρ
297 1268 433 1336 subesse
460 1268 581 1335 statuit
628 1267 795 1352 Equidem
816 1265 899 1330 illud
925 1263 1070 1328 nativum
1098 1285 1171 1330 esse
1197 1281 1323 1328 censeo

201 1369 402 1457 proprieque
429 1370 573 1436 colorem
601 1369 786 1454 significare
813 1377 851 1432 ut
877 1385 1093 1450 synonymum
1118 1359 1323 1444 καλχαίνειν,

201 1469 294 1558 quod
315 1468 504 1553 Hesychius
530 1470 648 1536 eodem
672 1469 772 1534 modo
800 1467 1029 1552 interpretatur
1050 1460 1241 1552 πορφύρεον
1263 1480 1324 1528 τα·
1390 1505 1391 1572 l

202 1566 339 1656 ράοσειν
360 1572 463 1657 κυκᾷν
482 1567 681 1657 φροντίζειν.
725 1568 865 1654 Proprie
885 1567 985 1652 igitur
1002 1587 1091 1630 mare
1109 1561 1323 1650 profundum,
1390 1577 1391 1638 i

203 1691 306 1754 quum
332 1668 534 1746 intumescit,
563 1667 753 1757 πορφύραν
774 1669 891 1735 dicitur
911 1667 947 1732 id
970 1676 1020 1734 est
1040 1662 1268 1749 μελαίνεσθαι
1292 1685 1323 1726 v.

203 1768 411 1838 Wemsdori.
434 1769 478 1834 ad
500 1768 626 1834 Himer.
650 1771 722 1835 192.
765 1771 854 1836 Hinc
881 1769 962 1834 illud
984 1766 1172 1835 transfertur
1198 1763 1243 1829 ad
1271 1785 1323 1828 re·
1390 1760 1391 1840 ξ

205 1870 357 1938 conditos
378 1869 476 1935 animi
495 1880 605 1935 motus
627 1880 660 1936 ct
680 1871 818 1936 consilia
838 1869 997 1948 abstrusa,
1015 1890 1100 1955 quae
1116 1867 1173 1952 qui
1188 1865 1326 1961 volvunt

203 1968 402 2054 ναλχαίνειν,
422 1967 612 2058 πορφύραν
633 1981 667 2035 et
686 1970 946 2054 βυσσοδομεύειν
963 1969 1188 2052 dicuntum).
1232 1966 1325 2032 Huic
1390 2035 1391 2048 ρ

204 2071 305 2158 igitur
332 2082 440 2136 utrum
462 2071 567 2158 prima
595 2069 719 2156 syllaba
740 2093 760 2136 a
779 2081 895 2136 natura
921 2071 1067 2157 ingenita
1093 2092 1137 2134 an
1158 2069 1326 2156 posterius

204 2172 318 2239 addita
339 2171 381 2236 sit
402 2171 579 2236 decernant
604 2171 663 2256 qui
683 2171 849 2256 graviores
876 2172 920 2237 ad
941 2171 1160 2257 judicandum
1179 2169 1325 2234 rationes
1390 2187 1391 2246 l

205 2273 397 2340 invenerint
440 2272 606 2356 Equidem
625 2295 679 2336 me
701 2282 855 2338 converto
884 2273 927 2338 ad
951 2273 1008 2340 illa
1032 2269 1132 2339 verba
1154 2291 1239 2355 quae
1258 2289 1327 2355 pro
1390 2259 1391 2306 ³

205 2372 333 2458 liquida
356 2372 504 2438 vocalem
527 2372 597 2438 iota
617 2382 832 2460 receperunt:
859 2370 1052 2440 Παιπάλλιο
1075 2369 1112 2436 τὸ
1135 2367 1217 2438 orico
1238 2371 1326 2435 Hes.

206 2496 268 2561 pro
297 2468 503 2552 παλπάλλιο,
538 2473 629 2558 quod
662 2472 849 2540 deformiter
876 2483 972 2539 sonat
1000 2471 1128 2538 duabus
1160 2471 1327 2538 continuis

207 2572 341 2660 syllabis
364 2572 482 2639 eodem
502 2572 634 2638 lambda
654 2573 771 2650 linitis3
793 2573 870 2640 hino
887 2570 1046 2662 παιπάλη
1063 2573 1131 2639 sive
1146 2572 1328 2660 πασπάλη.

205 2671 420 2759 Μοιμάλλειν
440 2674 497 2742 καὶ
513 2678 661 2760 μοιμοᾷν
677 2675 715 2738 τὸ
736 2673 889 2758 συνάγειν
906 2673 947 2740 τά
963 2671 1073 2762 χείλη·
1093 2672 1135 2741 τὰ
1151 2671 1216 2759 γὰρ
1231 2669 1328 2760 χείλη
1390 2747 1391 2750 ¹

205 2773 315 2858 μάλλα
330 2770 619 2859 προςαγορεύουσι
629 2774 717 2840 Poll.
726 2775 772 2839 Π.
785 2774 836 2840 90.
851 2775 969 2860 quibus
980 2774 1087 2840 vicina
1100 2783 1177 2840 sunt
1189 2768 1329 2855 μάλλειν

207 2884 240 2940 et
258 2869 354 2953 μύειν
374 2872 418 2938 ei.
441 2871 567 2938 Techn.
587 2873 658 2938 114.
704 2872 902 2941 Κοικάλλειν
923 2873 961 2942 τὸ
984 2874 1219 2959 περιβλέπειν·
1239 2873 1329 2938 κάλοι
1390 2939 1391 2958 3

205 2974 270 3061 γάρ
292 2973 334 3042 τά
358 2971 472 3040 ε’πάνω
496 2973 574 3056 (sio)
597 2976 663 3038 τῶν
683 2968 875 3061 ὀφθαλμῶν
892 2977 974 3066 Hcs.
995 2975 1053 3061 qui
1075 2975 1145 3040 sine
1166 2973 1269 3041 dubio
1291 2973 1331 3036 in

208 3075 316 3141 animo
345 3073 461 3140 habuit
489 3075 581 3160 quod
611 3072 688 3138 alibi
719 3073 851 3160 scripsit
879 3077 976 3142 Κῦλα
1001 3075 1043 3142 τὰ
1071 3071 1233 3142 ὑποκάτω
1261 3078 1333 3140 τῶν
1390 3141 1391 3158 ¹

206 3171 387 3263 βλεφάρων
419 3172 623 3258 κοιλώματα.
672 3175 767 3238 Haec
798 3175 898 3260 vulgo
929 3177 1027 3242 κοῖλα
1059 3184 1233 3250 vocantur,
1267 3174 1332 3238 sed
1390 3169 1391 3176 '

208 3275 376 3360 quomodo
401 3275 536 3340 verbum
562 3274 697 3344 videndi
726 3271 767 3341 ab
792 3275 853 3340 hac
877 3284 970 3361 parte
997 3275 1081 3342 faeie
1108 3273 1236 3340 traduci
1264 3296 1334 3359 po·

208 3375 323 3452 tuerit,
358 3373 448 3440 haud
481 3374 577 3440 facile
612 3385 809 3460 perspectu,
847 3397 953 3460 neque
987 3375 1034 3440 sio
1069 3375 1182 3443 statuit
1213 3372 1334 3442 Schol.
1390 3449 1391 3452 ρ

209 3474 426 3542 Tharmata
443 3474 630 3543 κοικύλλειν
644 3476 776 3559 βέλτιον
794 3474 853 3544 ἐπὶ
873 3480 932 3544 τοῦ
956 3482 1170 3559 κακοτεχνεῖν,
1188 3475 1335 3542 fortasse

281 3677 326 3747 ll)
340 3675 403 3732 Der
419 3674 543 3730 Ριτιιτεο
559 3689 619 3730 oon
631 3674 773 3748 Nearoled
792 3675 879 3731 Reae
895 3675 975 3732 naci
990 3675 1150 3737 arascos.
1167 3676 1202 3730 Τ.
1212 3677 1254 3732 11.
1268 3678 1334 3732 315.

212 3826 217 3833 ,
280 3770 326 3840 15)
335 3756 405 3825 Cum
414 3768 485 3824 rard
494 3762 883 3840 daooodoprsdomplanissime
894 3769 1029 3824 convenit·
1038 3769 1194 3845 πορφύρων
1203 3768 1336 3845 Τρώεσσι
1390 3791 1391 3838 y

210 3853 302 3929 φόνον
319 3855 416 3918 Quint.
429 3853 480 3908 IV.
496 3856 526 3907 77
530 3893 537 3908 .
562 3854 718 3923 Postquam
734 3860 827 3908 autem
845 3856 900 3909 hoc
913 3857 1030 3910 verbum
1046 3857 1084 3910 ad
1101 3856 1227 3912 occultas
1245 3855 1337 3910 animi
1390 3843 1391 3912 l

209 3940 397 4011 cogitationes
416 3939 582 3993 manslatnm
601 3946 657 4003 est,
678 3940 778 3993 eodem
798 3939 913 3993 deflexit
930 3944 1105 4011 καλχαίιιειν,
1126 3943 1206 4012 quod
1226 3941 1335 3995 Eusta-
1390 3915 1391 3990 l

209 4026 285 4080 tirius
306 4029 353 4091 bl,
373 4027 415 4079 ll.
438 4031 519 4078 recte
542 4025 580 4076 ad
602 4023 769 4094 metalepsin
791 4026 888 4079 refert.
924 4025 1075 4096 Lycopbro
1096 4029 1156 4080 aot.
1182 4025 1338 4096 conjunxit

209 4113 311 4164 πέπλοι
329 4106 416 4182 κάλχρ
434 4113 586 4180 proponat,
610 4109 727 4162 verbum
748 4103 881 4181 φοράσσοι
905 4119 997 4164 aulem
1018 4129 1036 4164 a
1055 4107 1136 4183 φάρμι
1158 4112 1337 4166 declinatum
1390 4122 1391 4174 ζ

209 4201 325 4265 putatur
341 4212 368 4248 v.
386 4191 496 4248 Techn.
510 4196 570 4246 245.
1390 4192 1391 4205 ¹
