2825 4809
150 320 587 398 caesariensem
610 319 887 394 semesum.
911 319 989 392 0.1.
1012 327 1037 412 ξ.
1051 324 1080 395 1.
1109 333 1183 411 545

83 508 255 625 δηηεροίτων
277 524 338 580 ete.
360 537 390 580 v.
409 516 501 581 Bast.
517 512 625 602 Epist
641 537 674 601 p.
686 512 740 578 22.
772 471 891 598 Itaque
911 513 1060 598 quaestio
1079 516 1183 584 omnis

83 631 255 698 continetur
281 633 317 698 in
343 632 509 700 vocabulis
537 655 621 718 quae
648 653 689 698 ex
723 630 853 698 duobus
878 632 1014 719 integris
1035 646 1186 702 constant

80 735 161 799 velut
175 728 275 824 Ἄρηι
305 735 405 820 φίλος
432 746 466 802 et
484 731 697 821 Ἀρηίφιλος,
729 757 868 818 quorum
888 745 1060 821 utrumque
1080 737 1184 824 siguis

81 837 254 924 suppositis
279 837 480 923 distinguere
509 835 599 901 haud
629 835 671 902 ab
700 858 736 902 re
765 849 834 903 eret
853 837 959 904 donec
981 840 1184 908 consuetudo

24 933 29 939 ⁴
80 939 177 1004 tenuit
196 949 234 1004 ut
255 937 414 1006 voeabula
431 959 539 1024 neque
560 938 735 1004 intervallis
760 939 1057 1006 discriminarentur
1078 963 1186 1028 neque

80 1064 135 1107 suo
163 1043 319 1127 quodque
348 1052 483 1108 accentu
512 1050 545 1106 et
570 1039 688 1126 spiritu
715 1039 976 1108 inscriberentur.
1018 1043 1064 1108 Et
1086 1042 1186 1110 hodie

77 1166 205 1230 quoque
227 1166 327 1230 saepe
348 1143 383 1208 in
405 1142 539 1211 dubium
558 1143 647 1209 venit
661 1153 845 1210 utrumnam
864 1167 960 1210 casus
981 1154 1090 1232 rectus
1111 1167 1186 1212 cum

78 1243 223 1330 obliquo,
254 1268 351 1330 quem
378 1246 481 1332 regit,
506 1256 539 1311 et
565 1245 802 1312 substantivum
831 1268 905 1312 cum
925 1246 1103 1331 adjectivo,
1133 1247 1186 1314 cui

78 1347 231 1432 subjacet,
261 1348 308 1413 its
336 1359 425 1414 arcte
452 1345 648 1414 cohaereant
674 1358 712 1414 ut
740 1371 806 1414 uno
829 1358 942 1415 tenore
964 1349 1186 1417 continuanda

76 1470 203 1535 unoque
235 1460 372 1517 accentu
402 1450 549 1536 regenda
580 1451 654 1517 sint.
708 1452 804 1516 Haec
830 1450 979 1535 quaestio
1007 1460 1045 1516 ut
1071 1451 1186 1518 ordine

77 1552 252 1639 explicetur
272 1553 412 1639 primum
431 1552 632 1618 substantiva
648 1550 844 1619 enumerabo
863 1573 948 1637 quae
965 1553 1085 1618 arctius
1102 1554 1187 1620 iuter

76 1678 111 1720 se
141 1677 288 1721 connexa
319 1666 411 1734 sunt,
451 1665 520 1722 tum
551 1656 711 1740 adjectiva
744 1653 953 1722 substantivis
985 1654 1185 1743 praeposite,

75 1768 239 1843 postremo
269 1756 311 1822 de
340 1757 455 1825 ceteris
484 1757 641 1824 orationis
668 1756 818 1844 partibus
847 1755 1000 1841 adJiciam
1028 1767 1186 1842 quantum

74 1881 156 1946 opus
179 1857 350 1926 videbitur.

485 2127 489 2132 ’
544 2163 655 2234 cAP.
683 2164 712 2233 1.

300 2321 352 2394 De
379 2325 622 2420 conjunctione
648 2323 968 2395 colatabuturum

155 2538 183 2620 ξ.
203 2535 233 2601 1.
279 2531 440 2600 Ordinem
462 2532 715 2598 declinationum
738 2533 886 2618 sequenti
904 2533 1044 2620 primum
1065 2543 1115 2599 est
1131 2555 1185 2602 ce·
1276 2555 1280 2568 ·

61 2636 159 2703 lebre
181 2635 392 2724 Hellesponti
420 2657 557 2713 nomen,
587 2636 679 2719 cujus
707 2633 853 2698 meminit
877 2635 958 2700 EM.
981 2635 1059 2714 245,
1085 2635 1115 2702 8.
1144 2636 1187 2704 τὰ

61 2738 102 2806 ἐκ
134 2733 196 2804 δύο
224 2735 356 2806 τελείων
381 2734 576 2824 συγκείμενα
600 2733 620 2822 ἢ
649 2731 717 2803 ἀπὸ
744 2729 880 2814 εὐθείας
902 2731 1092 2804 συντίθεται
1114 2729 1186 2804 οἷον

60 2835 259 2926 ὲιοςφνίρος,
284 2835 310 2925 ἢ
339 2833 409 2906 ἀπὸ
440 2841 570 2925 γενικῆς
592 2833 816 2922 cistertiense,
833 2830 1081 2923 Ἓλληςποντος.
1124 2837 1186 2902 Illa

59 2940 244 3006 manifesto
274 2939 425 3024 syntheta
453 2949 544 3017 sunt,
577 2938 641 3004 hoo
669 2937 759 3002 nullo
789 2934 905 3014 mode,
938 2958 1046 3021 neque
1074 2936 1109 3002 id
1139 2937 1186 3004 sic

60 3042 205 3130 scripsit
226 3041 425 3128 Apollonius
447 3064 486 3106 eo
508 3041 602 3119 loco,
625 3063 722 3125 quem
744 3038 853 3126 paullo
875 3047 951 3124 post
977 3041 1002 3123 t.
1026 3039 1057 3103 3.
1080 3061 1185 3128 appo-

58 3168 163 3223 nam,
193 3143 252 3208 sed
277 3143 413 3210 vocibus
441 3143 614 3230 separatis,
642 3142 733 3229 quod
756 3139 960 3228 Stephanum
984 3162 1116 3226 quoque
1137 3142 1185 3208 fe·

57 3248 155 3314 cisse
179 3257 316 3334 apparet
336 3269 376 3313 ex
394 3245 554 3335 appositis
566 3240 805 3332 Ἑλλήσποντος
827 3237 960 3329 (Ἕλλης
980 3239 1033 3324 π.)
1057 3235 1076 3330 ἦ
1095 3238 1187 3328 χώρα

54 3350 126 3416 καὶ
148 3345 391 3437 Ἑλλησπονεία
417 3347 475 3415 κοί
497 3342 744 3434 Ἑλλησποντίς·
776 3340 847 3410 ἔστι
873 3337 906 3408 d'
937 3335 1007 3409 ἀπὸ
1037 3342 1096 3410 δύο
1121 3342 1184 3428 (ἓν)

53 3447 285 3538 παρηγμένον
313 3445 360 3525 ὡς
386 3441 473 3532 παρ’
498 3441 656 3513 Ὠκεανόν
683 3439 966 3531 Παρωκεανίτης,
997 3444 1092 3528 παρὰ
1119 3467 1186 3512 πο·

53 3555 166 3638 ταμηῖ
190 3547 470 3636 Παραποτάμιος.
514 3546 603 3612 Illud
623 3556 659 3611 ut
678 3545 743 3611 h‘oc
763 3546 837 3611 loco
860 3545 906 3609 ita
930 3543 1099 3631 permultis
1115 3545 1185 3610 aliis

48 3649 307 3740 Ἑλλήσποντος
325 3647 475 3716 scribitur
498 3649 558 3715 sed
580 3647 754 3734 syntheton
773 3647 837 3712 dici
858 3645 973 3732 nequit
994 3646 1071 3731 quia
1093 3645 1186 3734 geni-

51 3755 152 3820 tivus
178 3752 303 3840 primae
326 3752 552 3819 declinationis
573 3774 681 3837 neque
706 3773 780 3815 cum
801 3749 929 3836 integro
948 3749 1078 3815 nomine
1097 3771 1186 3814 com-

50 3856 206 3946 ponitur
223 3878 332 3940 neque
350 3878 423 3920 cum
440 3865 592 3940 corrupto
609 3853 673 3918 nisi
689 3861 813 3917 mutata
830 3850 1066 3918 terminatione.
1100 3849 1186 3935 Syn·

50 3960 188 4024 theton
207 3954 541 4034 ίοεει-Ἑλλόποντος·
568 3953 651 4019 illud
677 3977 754 4019 vero
781 3953 872 4020 baud
897 3953 990 4018 aliter
1014 3953 1188 4038 figuratum

50 4073 114 4127 est
139 4083 245 4146 quam
269 4080 355 4144 quae
376 4069 495 4145 poetae
513 4054 660 4122 variandi
682 4077 783 4121 causa
803 4054 1039 4122 substituerunt
1063 4051 1189 4132 πόντος

36 4159 182 4250 Ἕλλης
212 4160 381 4248 Lycophr.
415 4159 507 4226 1285.
535 4171 636 4244 ponto
665 4161 704 4226 ab
731 4160 835 4225 Hellas
858 4158 954 4223 Poet.
986 4177 1038 4242 ap.
1069 4153 1185 4222 Senec.

113 4282 135 4323 1.
145 4282 257 4331 obeat,
271 4281 361 4324 Pathol.
504 4289 509 4297 ’
938 4274 980 4342 35
