2825 4809
111 346 182 413 ‚oo
199 294 316 409 suns
339 339 576 409 suuoorm
599 342 876 415 armamus.
894 341 941 412 ’1.
952 297 981 413 u.
997 350 1023 433 1.
1033 346 1065 415 6.
1091 288 1168 427 sor

89 528 199 595 rusticae
212 527 455 611 relinquendum
471 538 538 605 est;
560 525 652 594 alteri
671 527 844 597 Cramerus
865 523 1074 618 ἡμισιιχοίνιξ
1088 533 1167 599 sub·

88 630 178 707 stituit,
199 628 361 695 Bekkerus
384 651 461 695 vero
487 629 523 695 in
553 630 628 695 Ind.
656 630 786 696 Anecd.
817 631 910 697 1379.
940 626 1166 719 ἧμισυφοίνιξ,

88 730 198 818 quodsi
221 752 291 795 cum
312 730 470 815 adjectivo
494 728 607 818 φοίνιξ
627 731 839 815 conjunctum
861 742 929 811 est,
957 733 1168 801 dividendum

85 834 185 897 videtur
202 841 235 897 ut
255 828 356 919 ἥμισυ
379 828 487 917 πηγός
509 829 636 897 Gallim.
653 830 756 899 Dian.
778 832 831 897 90.
852 857 883 898 v.
904 832 997 899 Dies.
1019 836 1062 901 V.
1085 858 1113 901 c.
1134 838 1166 903 2.

84 938 103 1019 1.
122 936 147 998 3.
171 932 196 997 11
221 932 427 1018 sennpoenus
451 931 507 999 illo
540 932 673 999 nominc
696 932 911 1021 significatur,
933 934 1073 1001 dissidet
1093 958 1167 1003 cum

83 1034 225 1121 gentiliciis
245 1028 403 1121 ἦμικρής,
426 1028 585 1121 ἡμιέλλην
611 1044 672 1099 eto.
700 1046 734 1100 et
754 1036 887 1101 omnino
908 1036 998 1101 nulla
1017 1037 1166 1103 novimus

82 1135 209 1201 uocabula
233 1156 305 1199 oum
329 1134 488 1217 adjectivo
513 1136 712 1222 composita,
735 1147 889 1203 sexcenta
908 1160 986 1203 vero
1011 1161 1085 1203 oum
1106 1139 1165 1203 ad·

80 1237 167 1303 verbio
184 1234 407 1323 inseparabili,
430 1258 531 1320 quere
554 1235 617 1302 hoo
639 1238 751 1324 potius
773 1261 871 1325 quam
885 1239 1081 1323 adjectivum
1098 1239 1166 1326 pri·

81 1338 158 1403 mitivi
180 1338 249 1403 loco
272 1335 461 1403 habendum
482 1348 520 1403 ut
538 1337 677 1403 latinum
697 1343 774 1406 semi
795 1350 829 1405 et
848 1361 890 1405 ee.

141 1440 189 1505 De
214 1440 315 1503 altera
340 1450 431 1524 parte
471 1440 727 1526 compositorum
766 1464 850 1526 quae
879 1440 1005 1507 creduli
1032 1440 1166 1525 quidam

81 1550 316 1617 commentantur,
338 1540 394 1603 vix
415 1541 484 1607 scio
516 1565 558 1606 an
580 1542 683 1607 relatu
710 1543 811 1629 digna
832 1543 912 1620 sint,
936 1534 1073 1626 ὅσωμος
1095 1537 1165 1609 ἀπὸ
1228 1538 1233 1548 ’

79 1647 121 1708 roi
138 1634 310 1721 ἆσώμάτος
331 1642 418 1707 κατὰ
434 1642 605 1729 συγκοπὴν
621 1638 641 1729 ἢ
660 1640 730 1711 ἀπὸ
746 1649 805 1709 eod
824 1649 921 1726 σῶμα
935 1643 1017 1709 ΕΜ.
1029 1642 1101 1721 161,
1111 1642 1165 1708 40.

79 1736 256 1824 dubitasses
288 1736 357 1809 ἀπὸ
390 1746 450 1829 τῆς
476 1746 637 1825 λειμῶνος
666 1749 796 1831 γενικῆς
827 1743 1083 1826 βαθυλείμιιινος
1109 1744 1167 1809 καὶ

80 1845 203 1930 ιιγκοπῇ
230 1866 263 1927 p.
297 1842 373 1921 185,
403 1842 455 1908 35.
487 1843 606 1927 quibus
637 1844 741 1909 simile
769 1844 961 1924 ὁυςχείμων,
995 1840 1167 1925 δύςχειμος

80 1939 234 2027 (dignator)
273 1944 339 2009 nisi
377 1945 467 2028 quod
498 1944 562 2009 hoc
590 1946 633 2009 ad
664 1952 764 2029 χεῖμα
795 1945 908 2009 referri
940 1952 1051 2029 potest
1083 1942 1167 2009 sicut

79 2036 190 2125 duopog,
214 2037 383 2129 ἷίχριιιμος,
407 2043 592 2131 ἔνσπερμος
609 2058 642 2111 11
657 2046 720 2110 alia
736 2068 819 2130 quae
832 2045 947 2110 leviter·
964 2043 1166 2109 intuentibus

78 2144 116 2207 vel
130 2166 287 2231 syncopae
309 2146 360 2209 vel
381 2147 559 2232 parentasia
581 2146 725 2232 speciem
744 2146 912 2231 objiciunt.

139 2249 161 2329 1.
182 2246 211 2310 6.
257 2246 444 2313 Verborum
474 2248 539 2312 duo
570 2258 719 2333 tempora
739 2247 936 2334 syncopistis
961 2247 1167 2313 occasionem

76 2346 204 2411 acuminis
226 2348 421 2433 experiendi
442 2348 672 2435 praebuerunt.
705 2338 839 2414 'Febris
868 2349 1036 2433 quoddam
1060 2370 1166 2433 genus

31 2504 32 2509 ,
76 2446 225 2533 λειπυρίιιν
249 2450 316 2522 diei
339 2449 392 2515 iios
411 2452 564 2517 λείπεται
580 2449 877 2533 1τυριῖςΑ1111111111
893 2450 1000 2528 tradit,
1017 2451 1076 2515 sed
1094 2471 1166 2514 sae-

31 2550 33 2601 J
74 2547 131 2631 pius
162 2550 322 2635 λιπυρίας
361 2550 527 2629 scribitur,
568 2552 658 2636 quod
686 2551 861 2616 Reinesius
900 2574 975 2617 eum
1007 2550 1167 2637 particula

31 2704 33 2739 3,
73 2648 204 2715 intentive
235 2654 446 2737 conjunctum
474 2663 578 2739 putat.
632 2652 751 2719 Cetera
782 2652 878 2736 hujus
916 2651 1039 2720 ordinis
1069 2650 1168 2715 verba

73 2749 209 2834 disyllaba
229 2752 313 2817 nihil
335 2751 425 2817 eliud
447 2744 599 2838 quonum
617 2755 651 2818 in
673 2743 708 2823 o
725 2764 866 2832 mutant,
893 2750 1116 2839 resuscitasse
1136 2768 1169 2817 et

73 2861 158 2917 cetera
185 2876 260 2919 cum
290 2854 354 2919 hoe
377 2854 476 2921 verbo
502 2857 684 2943 composita
698 2857 764 2940 ²⁰),
787 2850 1020 2936 τιλλοπώγων,
1044 2852 1167 2939 τερπό-

73 2976 187 3037 111ι1μις,
208 2953 495 3042 στεργοξύιειιιιος,
514 2955 741 3041 βοιιλόμαχος,
759 2952 937 3043 ciprinum
959 2955 1050 3039 quod
1060 2953 1169 3039 aptius
1192 3008 1199 3015 .
1222 2970 1227 2975 ·

71 3054 150 3119 verbo
166 3056 338 3142 subjicitur
355 3081 452 3142 quam
467 3058 591 3123 nomini
609 3052 704 3139 αἶριι,
727 3052 944 3140 μισγόνομος,
968 3052 1167 3133 σωζόπολις,

71 3147 241 3241 uitiosorum,
267 3157 500 3240 Φαινόιιριτος,
523 3182 597 3223 cum
619 3157 819 3243 trisynthetis
843 3154 1166 3243 superoperosum),

71 3256 344 3342 συμβαλλόμαχος,
367 3254 668 3339 interposuisses,
698 3282 782 3343 quae
803 3251 933 3345 praeter
954 3256 1094 3343 primum
1113 3267 1171 3321 aut

71 3358 184 3443 propria
205 3368 361 3429 suntxaut
381 3381 465 3423 nove
487 3360 563 3425 ficta
587 3361 794 3447 potissimum
814 3358 928 3448 probri
945 3359 1060 3445 gratia.
1091 3358 1171 3423 Alia

72 3458 179 3540 epsilon
195 3460 230 3525 in
247 3461 461 3526 commissura
476 3461 649 3550 recipiunt,
663 3485 731 3528 non
748 3462 855 3527 solum
872 3484 957 3547 quae
975 3478 1048 3527 oum
1062 3458 1170 3525 verbis

72 3558 182 3639 quintae
206 3562 322 3628 classis
347 3564 530 3650 composita
554 3575 631 3628 sunt
650 3574 687 3628 ut
709 3564 743 3627 in
764 3564 844 3629 EM.
860 3562 940 3641 579,
960 3560 1013 3627 45.
1039 3560 1170 3659 dicitur-r

70 3657 101 3722 τὰ
112 3660 274 3747 fluctisono
291 3660 475 3748 δισύλλαβα
488 3664 573 3749 μετὰ
591 3662 804 3747 aristarcus
819 3664 982 3749 τρέπουσι
995 3662 1032 3729 ud
1047 3689 1074 3728 ω
1090 3658 1139 3739 εἷς
1155 3686 1171 3727 ε

124 3864 165 3932 20)
184 3864 361 3937 Scripturam
374 3866 434 3920 Oro
452 3864 520 3919 olim
536 3865 685 3937 probatam
703 3864 881 3919 retinuerunt
900 3860 929 3919 et
947 3861 994 3916 alii
1011 3861 1172 3916 Atticorum

69 3946 219 4018 scriptorum
237 3950 361 4005 editores
379 3958 407 4005 11
421 3951 588 4021 Kruegerus
605 3952 643 4003 ad
655 3950 745 4005 Thac.
757 3950 781 4003 I.
795 3950 837 4015 99,
852 3951 875 4003 1.
889 3951 1039 4002 damnante
1055 3947 1089 4001 L.
1101 3943 1171 3999 Diu·
1246 4026 1250 4032 p

71 4031 156 4088 dorfio.
539 4048 540 4056 ¹

124 4122 168 4190 21)
187 4121 393 4188 Schneiderns,
416 4121 483 4193 quia
503 4124 660 4191 qrspsnovos
680 4127 709 4175 et
728 4127 824 4175 cetera
842 4137 905 4174 enm
921 4120 1000 4189 φέρω
1018 4114 1172 4186 composita

69 4204 163 4271 epsilon
181 4206 332 4277 accipiunt,
350 4208 421 4261 illud
438 4225 552 4277 quoque
571 4206 610 4259 sie
628 4204 809 4259 scribendum
826 4211 907 4276 putat
924 4204 975 4257 sed
989 4201 1055 4272 jure
1075 4201 1172 4257 defen-

69 4286 132 4343 ditur
147 4293 181 4347 ab
200 4292 316 4348 Osanno
336 4296 374 4347 ad
392 4292 508 4347 Cornut.
522 4292 620 4345 XXX.
636 4294 692 4345 183.
