2825 4809
226 300 303 377 360
518 297 839 366 DISSERTATIO
861 295 908 362 11.
951 295 993 362 P.
1015 293 1061 362 11.

187 525 195 535 =
227 484 367 550 habent:
390 476 409 572 ἡ
434 475 519 549 κατά
541 480 766 568 συγκέκοπται
789 479 847 548 καὶ
870 477 950 568 ὅλην
971 477 1136 566 συλλαβὴν
1158 472 1319 563 ἀποβάλλει

163 664 166 673 Ι
228 584 265 652 ἐν
290 588 339 672 τῷ
366 577 506 651 κάκτανε
533 583 643 670 Epim.
671 583 701 648 1.
735 582 809 648 248.
842 582 959 646 Zonar.
990 557 1082 645 1l78.
1139 581 1212 644 Hoc
1235 601 1319 666 genus

227 695 400 776 poetarum
423 682 539 758 ditioni
561 683 744 770 subjectum
766 692 826 748 est.
868 683 955 748 Nam
976 680 1068 767 quod
1089 681 1262 768 promiscue
1281 680 1319 744 di·

229 787 314 852 citur
340 779 504 871 κάττορος,
535 785 570 850 id
600 808 641 850 ex
670 781 863 872 κατάπνρος
894 785 1017 862 Iactum
1047 805 1120 850 esse
1148 783 1219 866 jure
1240 793 1322 867 negat

231 885 508 969 Schneiderus⁶).
551 885 766 953 Homericum
789 877 907 952 άντττα
930 886 1041 954 Schol.
1069 885 1137 952 Od.
1159 882 1264 950 XVII.
1280 883 1320 947 51.

229 999 264 1054 et
283 988 323 1053 ll.
345 986 480 1054 XXIV.
506 988 579 1053 273.
601 1010 669 1055 non
692 997 782 1054 recte
804 997 1016 1074 acceperuut:
1047 977 1163 1052 άντιτα
1190 977 1257 1052 dat
1276 986 1321 1050 τοῦ

229 1083 381 1155 άντίτιτα
410 1079 620 1177 ἀτιμώρητα·
650 1086 721 1156 ἔστι
751 1087 789 1156 δὲ
820 1086 972 1178 συγκοπὴ
1008 1091 1069 1174 τῆς
1095 1072 1138 1152 τι
1169 1085 1321 1172 συλλαβῆς.

228 1190 317 1256 Nam
338 1210 380 1254 ex
402 1180 542 1255 άνάτιτα
564 1200 766 1257 contractum
787 1201 855 1268 est,
885 1189 963 1256 licet
984 1188 1049 1254 hoc
1069 1207 1229 1272 nusquam
1246 1206 1321 1271 repe·

227 1290 383 1374 riatur-²).
426 1289 543 1373 Itaque
565 1313 631 1355 una
657 1302 707 1357 est
733 1291 937 1380 praepositio
960 1284 1050 1378 άμφί
1079 1289 1157 1354 huic
1183 1286 1322 1352 affectioni

229 1399 419 1478 opportuna
446 1391 566 1456 sedin
592 1415 658 1458 uno
687 1394 759 1458 solo
785 1392 946 1460 vocabulo
980 1389 1071 1476 quod
1100 1387 1211 1458 Schol.
1230 1386 1321 1474 Apoll.

228 1493 290 1560 IV.
315 1491 407 1556 1187.
432 1490 630 1577 designavitt
652 1491 854 1572 Παυσανίας
874 1492 960 1583 φησὶ
980 1491 1038 1560 τὸν
1060 1485 1253 1580 άμςοιιμορέα
1271 1483 1322 1554 irai

232 1586 424 1678 Ἀθηναίων
451 1585 609 1680 ἀμφορέα
628 1596 830 1675 καλεῖσθαι,
865 1595 966 1682 idque
991 1591 1126 1681 publica
1146 1588 1323 1656 consuetudo

228 1691 354 1779 recepit
372 1714 439 1757 una
460 1714 535 1759 cum
556 1694 708 1761 affinibus
737 1688 965 1784 άμφορίσκος,
997 1686 1259 1781 άμφορεαφόρθς
1278 1699 1323 1754 θῑθ·
1380 1753 1381 1756 ¹

229 1805 369 1880 excepto
390 1816 457 1860 uno
480 1789 715 1885 άμφιφοράτης
738 1789 842 1882 dyeia,
875 1819 916 1862 ex
938 1819 1003 1882 quo
1031 1792 1239 1880 cognoscitur
1263 1813 1324 1856 con·
1380 1823 1381 1832 ν

229 1895 393 1960 cinnitatis
415 1911 547 1961 sensum
574 1897 653 1962 alias
674 1898 750 1986 plus
771 1898 912 1964 valuisse
934 1898 1013 1962 alias
1042 1896 1151 1960 minus
1178 1917 1210 1958 v.
1228 1891 1325 1958 Parall.

230 1996 275 2060 44
296 2019 346 2081 sq.
379 1996 516 2082 parique
537 1997 755 2064 inconstantia
781 2003 949 2066 ambicione
973 1998 1092 2064 dieitur
1125 2007 1160 2062 et
1188 1997 1327 2079 anfractus

230 2088 334 2182 ατοῦ)
373 2098 661 2186 Praepositionum
678 2100 947 2187 inseparabilium
967 2123 1034 2165 una
1055 2097 1216 2184 syllabam
1234 2093 1328 2176 amittit

229 2197 265 2264 in
291 2193 490 2286 ἡμέδιμνος,
523 2201 614 2286 quod
640 2202 806 2287 Didymus
837 2200 878 2266 ab
907 2201 1029 2267 Atticis
1063 2200 1128 2266 dici
1158 2198 1285 2263 affirmat
1304 2217 1327 2258 v.

229 2299 350 2364 Parall.
372 2299 425 2363 44.
459 2303 519 2367 sed
546 2325 614 2368 non
638 2303 758 2388 legitur
783 2302 847 2368 nisi
874 2302 909 2366 in
937 2301 1040 2366 Inscr.
1072 2299 1328 2367 Tauromenitana

229 2401 273 2466 N.
295 2400 368 2466 226.
398 2400 470 2467 001.
493 2403 540 2468 ΙΙ.
569 2403 625 2470 lin.
649 2404 701 2469 34.
745 2405 798 2469 Ex
828 2402 989 2468 adverbiis
1018 2403 1082 2468 huc
1106 2401 1329 2490 appropinquat

230 2495 422 2588 ὀπισθέναρ
452 2498 503 2568 bis
530 2505 621 2590 apud
647 2504 819 2571 Pollucem
855 2505 1011 2590 scriptum
1041 2514 1181 2570 accentu
1210 2503 1268 2567 alio
1292 2509 1328 2564 at·
1381 2525 1382 2532 ¹

231 2626 297 2688 quo
320 2597 557 2688 ὀπισθόδομος
580 2616 613 2669 et
634 2606 700 2670 alia
720 2629 796 2672 vere
819 2606 1002 2692 composita
1014 2606 1058 2689 ⁹).

314 2705 369 2770 De
380 2704 567 2771 nominibus
578 2707 703 2794 primae
715 2691 939 2772 declinationis
952 2727 1057 2770 sermo
1066 2705 1259 2790 nonlongus
1270 2700 1330 2774 erit;

229 2803 288 2873 τὸν
310 2798 443 2891 άγκῶνα
467 2801 498 2871 oi
511 2800 692 2895 Ἀθηναῖοι
715 2807 776 2892 μὲν
798 2801 994 2893 ιάλέκρανον,
1018 2801 1050 2873 oi
1066 2811 1213 2890 Δωριεῖς
1234 2801 1268 2868 δὲ
1286 2795 1330 2864 κά-

229 2913 325 2991 βιτον
347 2900 546 2988 ὀνομάζουσι
569 2908 684 2974 Galen.
708 2909 750 2974 de
774 2910 859 2975 Mot.
881 2910 989 2974 Musc.
1007 2907 1053 2972 II.
1076 2908 1108 2986 3,
1129 2905 1207 2971 430.
1230 2903 1268 2968 Τ.
1282 2900 1329 2966 IV.

229 3008 306 3073 Ruf.
331 3007 372 3071 de
394 3007 483 3071 Part.
506 3032 539 3094 p.
559 3009 611 3074 22.
632 3009 689 3074 ubi
712 3004 900 3096 άλὲκρανον,
923 3019 960 3074 ut
980 3007 1071 3095 apud
1080 3006 1330 3094 Aristophanem,

231 3109 398 3185 scribitur,
429 3131 592 3194 nusquam
613 3132 691 3176 vero
714 3103 939 3195 ιάλινάκρανον
961 3109 1028 3174 sive
1058 3103 1273 3195 άλενάκρανον
1290 3127 1331 3169 re·

231 3220 360 3299 pertum
381 3220 440 3275 est.
485 3211 660 3299 Syncopae
683 3210 889 3297 effugiendae
910 3210 997 3274 viam
1024 3209 1170 3276 ostendit
1189 3206 1331 3294 Hesychii

302 3396 332 3464 6)
345 3391 495 3464 Κάτροπον
506 3390 635 3456 κάταντες
646 3397 715 3449 Hes.
730 3397 808 3465 quod
820 3400 896 3448 recte
918 3395 1063 3449 confertur
1082 3379 1332 3466 cum'Kauiroormr

231 3478 371 3546 κάταντες,
387 3479 514 3534 doricum
527 3487 570 3534 est
582 3481 628 3534 vel
641 3480 780 3535 aeolicum
796 3488 826 3533 ut
838 3485 980 3546 καβαίνειν
992 3488 1046 3534 etc.

302 3552 327 3611 7)
336 3547 513 3619 Ἀνσχεθέειν
531 3548 691 3604 Eustathius
710 3551 783 3603 1538.
805 3548 877 3602 mals
893 3547 1096 3619 interpretatur
1113 3546 1297 3620 ἀνασχεθέειν
1311 3554 1332 3600 et

233 3636 329 3693 Schol.
349 3634 431 3688 Pind.
447 3633 558 3689 01.111.
572 3638 613 3688 54.
628 3634 774 3709 ‹irat-‘laica
784 3635 861 3688 haud
873 3634 971 3688 melius
984 3632 1052 3687 ἄνθ’
1068 3633 1165 3702 ἑαυτῆς
1176 3641 1267 3689 θεῖσα.

302 3722 332 3790 8)
346 3720 483 3776 Confusio
496 3720 639 3775 nominum
651 3715 793 3793 παραστάς
811 3727 839 3774 et
851 3713 958 3780 πασιάς
970 3718 1145 3774 Schneidero
1164 3719 1194 3773 in
1207 3719 1293 3792 Epim.
1305 3718 1333 3770 ad

230 3805 307 3861 Xan.
321 3807 407 3861 Mem.
420 3826 449 3878 p.
463 3807 523 3861 286.
537 3806 727 3878 suspicionem
738 3805 870 3878 praebuit
887 3807 943 3859 boc
963 3823 1000 3860 ex
1017 3804 1067 3859 illo
1088 3813 1263 3860 contractum
1274 3820 1331 3859 esse.

230 3893 288 3947 Pro
300 3894 332 3949 ἐν
346 3891 482 3968 προστάδι
500 3892 595 3948 Schol.
607 3893 703 3964 Apoll.
721 3893 745 3946 I.
767 3893 840 3946 1104.
859 3893 921 3945 cod.
939 3885 1114 3965 προπαστάδι
1136 3893 1264 3964 praebet.
1288 3888 1333 3944 Sed

146 4046 150 4054 Ι
232 3977 401 4050 significatio
415 3979 555 4051 discrepat
566 3985 596 4034 et
608 3977 688 4048 origo
702 3976 813 4032 diversa
826 3984 878 4031 est.

302 4067 331 4135 9)
345 4067 379 4120 In
390 4064 566 4135 Theognosti
582 4063 645 4121 loco
659 4080 742 4134 quem
756 4061 894 4135 adscripsi
912 4061 941 4114 in
959 4059 1062 4116 Parsll.
1081 4079 1110 4132 p.
1130 4063 1189 4116 205.
1209 4077 1260 4133 pro
1277 4055 1333 4126 νόαρ

232 4151 329 4206 nescio
343 4169 380 4206 an
392 4150 573 4206 scribendum
591 4148 627 4204 sit
639 4145 717 4222 Ζάειρ
730 4167 745 4204 e
760 4148 863 4204 Suidae
884 4147 980 4220 glossa
997 4145 1150 4204 subditicio
1169 4143 1243 4218 Ζόαρ
1257 4141 1332 4209 τάττοι,

233 4234 284 4302 qui
295 4236 363 4291 alibi
376 4233 471 4310 Ζόαρα
484 4243 610 4293 vocatur.
