2825 4809
171 350 224 418 DE
242 346 502 417 PROSTHESI
522 348 584 415 ΕΤ
608 348 871 419 APlLIlRESI.
913 350 952 419 C.
967 353 1045 421 VII·
1102 356 1151 429 al

89 562 109 603 ι.
127 531 236 602 Jacobs.
257 531 296 596 ad
317 530 427 599 Anall.
456 534 507 600 Τ.
520 534 584 602 ΙΧ.
609 532 680 601 129.
710 545 744 599 et
762 533 852 600 Adn.
875 535 918 600 ad
937 536 994 621 Aj.
1023 560 1057 625 p.
1080 538 1153 605 314.

87 637 127 705 Ab
149 631 237 713 άλσος
258 656 351 712 vero,
379 636 469 721 quod
494 635 549 699 alii
576 658 651 701 curn
674 635 774 699 verbo
805 637 950 719 ἅλλομαι
979 651 1154 724 cognatum

87 749 179 827 putant,
201 736 249 800 alii
271 758 343 801 cum
365 733 509 803 ἀλάαάνισ
529 736 688 803 Technol.
714 736 833 823 p.300.
852 735 977 804 Coraes
998 741 1152 808 inAtact.

85 868 107 929 p.
127 840 165 905 77.
185 839 267 903 ducit
286 862 405 903 nomen
428 836 772 905 mediae'Graecitatis
795 833 901 925 βάλιη
931 838 967 903 id
989 853 1039 906 est
1060 846 1153 925 polus

86 943 170 1007 collato
185 940 361 1007 Pausaniae
379 940 452 1005 loco
466 940 510 1007 V.
526 940 575 1004 11.
593 939 749 1023 καθυγρὰ
770 938 812 1005 τά
835 932 933 1024 ἀλσφ.
965 941 1020 1007 De
1037 942 1153 1009 Pollu·

84 1046 122 1108 cis·
131 1041 295 1106 testimonio
320 1040 366 1107 X.
392 1041 462 1107 157.
493 1035 655 1129 ἀκτηράόα
683 1040 743 1127 τὴν
766 1038 950 1125 βακτηρίαν
966 1038 1101 1125 Ἀχαίος
1120 1043 1155 1112 ἐν
1275 1132 1283 1139 q

78 1140 146 1229 Ἴριδι
166 1140 309 1227 ὠνόμασε
330 1179 372 1193 -
396 1142 507 1227 άάςττερ
533 1144 590 1207 καὶ
618 1141 678 1229 τὴν
700 1135 826 1227 κνήμην
851 1144 911 1228 σῆς
931 1136 1061 1229 ἁμάξης
1081 1170 1153 1233 sap

82 1244 148 1330 μίαν,
176 1266 238 1309 non
262 1243 487 1331 improbabilis
517 1252 567 1309 est
591 1241 745 1307 Passovii
773 1242 959 1326 conjectura
983 1243 1154 1313 Achaeum

39 1416 42 1431 ,
81 1346 228 1433 βσττφράάα
259 1346 430 1433 scripsisse
463 1345 533 1411 sola
563 1343 789 1409 terminatione
813 1352 937 1408 mnata
965 1352 1153 1434 αὶκνφμιά

81 1448 137 1511 dixit
153 1468 206 1534 pro
225 1446 349 1537 κνήμη·
371 1471 446 1513 nam
462 1446 623 1540 Hesyclrii
645 1446 769 1532 glossa,
789 1467 887 1531 quum
907 1445 1099 1533 interpretes
1122 1458 1154 1515 et
1210 1442 1217 1451 ’

81 1548 225 1615 Urlichsius
246 1550 281 1613 in
305 1549 436 1635 Fragm.
459 1548 544 1615 Ach.
567 1571 600 1636 p.
622 1547 674 1615 65.
697 1547 762 1612 huo
782 1547 928 1613 referunt
940 1541 1093 1633 ’Ἀκιιρσι
1116 1549 1152 1615 oi

79 1647 189 1734 ιράνεισι
214 1647 349 1738 Ιῥάβδοι,
382 1650 463 1715 nulli
488 1650 563 1716 usui
591 1660 651 1716 est.
700 1648 756 1715 Ab
790 1646 870 1716 εἱλισ
900 1647 1080 1715 derIvatum
1103 1663 1154 1715 cst

77 1748 168 1835 βολβός
186 1749 305 1815 bulbus
326 1762 360 1815 et
376 1752 480 1831 volva,
503 1775 523 1817 a
543 1751 684 1817 themate
699 1750 790 1817 verbi
811 1746 884 1835 ἀρῶ
903 1771 1025 1816 nomen
1040 1756 1152 1836 Βῶρυι

78 1850 99 1917 oi
115 1846 275 1940 ὀφθαλμοί
299 1852 393 1920 Suid.
414 1854 597 1920 laconicum
617 1852 767 1929 fortasse,
792 1852 845 1917 cui
860 1851 965 1917 simile
981 1863 1032 1917 est
1053 1847 1155 1939 σιἰρυς

77 1948 215 2040 άάφσρσς.
257 1955 351 2020 Inter
371 1954 528 2042 βράγχος,
545 1977 683 2033 raucus,
711 1951 845 2042 ῥύγχος,
865 1953 1000 2039 panea,
1020 1959 1156 2040 βραχιῖν

79 2074 105 2117 ea
117 2056 268 2123 intercedit
290 2058 455 2143 cognatio,
479 2080 545 2143 qua
569 2057 641 2123 soni
663 2075 784 2143 genere
804 2052 935 2127 similes,
957 2053 1070 2140 specie
1087 2055 1154 2121 dis-

76 2178 143 2241 pares
166 2159 381 2226 continentur.
424 2154 663 2247 Ἐβρατάγησον
694 2151 869 2241 ἐψόφησεν
899 2155 982 2221 Hes.
1004 2178 1154 2243 proquo

74 2260 144 2345 uulgo
165 2262 360 2351 polepticos
381 2262 507 2340 dicitur,
533 2262 671 2327 fortasse
693 2256 841 2322 doricum
862 2266 913 2321 est
932 2256 984 2321 vel
996 2256 1156 2324 aeolicum

75 2370 97 2425 ut
110 2360 252 2448 Βρστάνα
276 2359 395 2449 τορύνη
416 2362 546 2431 Ἠλεῖοι
563 2357 704 2450 βατάνη,
736 2358 800 2423 nisi
827 2358 908 2423 haec
929 2354 1069 2455 nomina·
1082 2382 1157 2427 cuni

73 2460 193 2544 βράττειν
216 2464 394 2530 cohaerent
422 2469 513 2550 (nam
546 2464 609 2529 hoc
636 2456 801 2530 ἀνακινεῖν
833 2462 1007 2547 exponitur
1039 2473 1073 2528 et
1100 2487 1156 2530 τυ·

72 2559 128 2649 ράνη
148 2564 181 2633 τά
207 2565 401 2655 κινητήριον
422 2571 481 2655 τῆς
504 2564 640 2651 χύτρας)
669 2573 799 2629 etcum
825 2562 933 2627 verbis
954 2562 1156 2648 Βραάανάζει

72 2662 195 2746 τινάσσει,
208 2663 443 2750 Ῥαδσινίζεται
462 2664 663 2735 τινάσσεται.
682 2664 788 2746 Quod
804 2663 893 2729 idem
905 2663 1042 2751 praebet
1053 2659 1155 2730 Ῥυτά

70 2763 98 2830 τά
114 2768 289 2857 στέμφυλα,
311 2767 340 2833 si
361 2769 482 2835 mendo
504 2778 601 2846 caret,
623 2768 827 2833 imminutum
849 2776 899 2831 est
906 2791 916 2843 ;
942 2767 1042 2852 vulgo
1070 2766 1155 2833 enim

70 2864 145 2932 lraoes
166 2866 290 2955 βρύτεα
313 2869 473 2937 dicuntur.
517 2871 587 2938 Sed
612 2870 647 2935 in
672 2869 736 2933 alia
757 2868 870 2954 glossa
893 2864 1018 2950 βύσσος
1036 2873 1155 2954 χρῶμα

69 2960 121 3034 ἀντὶ
138 2974 191 3058 τῆς
212 2969 317 3057 ἱίσγης
346 2968 692 3059 παραλαμβανόμενον
716 2970 850 3035 fortuito
873 2968 1025 3053 congruit
1036 2990 1157 3034 nomeu
1205 2996 1215 3007 ·

69 3069 159 3135 coloris
180 3082 212 3136 et
231 3073 399 3140 materiae.
438 3068 611 3155 Ἀρδιαῖος
633 3065 740 3152 ὄνομα
762 3068 883 3147 ἔθνους
905 3068 999 3135 said
1021 3069 1086 3134 hoo
1107 3080 1157 3135 est

67 3170 182 3255 illpicae
204 3176 314 3261 gentis
344 3175 397 3241 cui
425 3196 545 3239 nomen
569 3173 764 3257 Βαράιαῖοι.
807 3170 865 3238 Sic
892 3170 991 3237 etiam
1015 3171 1154 3237 Aristot

67 3272 160 3339 Mirab.
180 3278 287 3342 Ausc.
310 3298 337 3342 c.
360 3275 596 3344 CXXXVIII.
621 3276 654 3342 ἐν
671 3268 853 3356 Ἰλλυράσις
874 3279 945 3351 τοῖς
961 3268 1157 3358 Ἀρδιαάσις.

78 3438 82 3443 .
129 3377 170 3442 ll.
195 3379 332 3445 Gammc
357 3378 476 3445 Graeci
496 3378 531 3443 in
550 3374 733 3441 barbariem
755 3372 881 3460 delapsi
909 3375 1008 3439 modo
1032 3375 1158 3441 addunt

68 3476 142 3543 nodo
160 3482 327 3546 auferunt:
351 3475 471 3549 ἀλλικσι
496 3478 528 3547 οἱ
553 3476 686 3545 ἰδιῶται
707 3471 846 3560 γάλλικα
866 3476 953 3563 φασί
964 3476 1058 3543 Suid.
1080 3478 1155 3561 ydu-

67 3577 157 3663 ιάφιος
178 3580 208 3649 οἱ
228 3587 363 3664 χυδαῖον
386 3582 421 3647 τά
444 3580 598 3667 λυκάφιυς
613 3580 708 3645 Euat.
722 3571 795 3653 689,
814 3576 866 3641 23.
889 3574 1024 3663 φιατράς
1046 3586 1107 3644 etc.
1124 3589 1157 3645 et

67 3678 182 3747 vicissim
193 3682 317 3771 ῥάφυιν
328 3705 390 3770 pro
401 3680 541 3767 γράφειν
552 3682 646 3747 v.Du
657 3679 763 3763 Cang.
781 3678 850 3745 Sed
863 3679 1048 3765 exemplum
1058 3679 1154 3765 hujus

67 3778 281 3849 inconstantiae
297 3784 338 3849 ab
352 3783 544 3867 antiquitate
562 3782 730 3868 proditum
745 3791 796 3845 est
811 3773 889 3845 Ata
903 3781 962 3847 καὶ
979 3781 1157 3870 ιιρσςβήκφ

69 3887 127 3961 γυῖα
141 3883 251 3949 Tzetz,
267 3886 310 3949 ad
322 3886 404 3949 Hes.
425 3885 516 3971 Opp.
534 3884 604 3949 159.
620 3884 726 3969 Exeg.
746 3882 785 3946 Il.
802 3882 874 3960 107,
896 3882 924 3948 7.
943 3882 996 3947 cui
1008 3884 1156 3970 plerique

69 3982 264 4064 adversantur,
279 4009 346 4052 non
359 3986 464 4053 solum
475 3984 720 4071 Lexicographi
735 3976 794 4049 αἶα
811 3984 906 4069 παρά
922 3986 960 4049 τὸ
979 3993 1058 4065 γαῖα
1072 3978 1159 4049 duo·
1272 4038 1282 4048 .
1358 4052 1366 4061 ‚

67 4086 131 4174 ἀθλῇ
142 4094 196 4157 τοῦ
209 4078 235 4176 φ
248 4090 330 4157 ΕΜ.
343 4082 402 4155 αἶα
419 4082 487 4153 κατ’
502 4082 681 4174 ἀφαίρεσιν
692 4086 776 4151 Hes.
796 4095 828 4149 et
839 4085 1020 4171 Gregorius
1033 4105 1067 4170 p.
1083 4082 1158 4147 466.

69 4181 92 4249 oi
107 4182 297 4278 ἀφαιρέσεις
311 4194 377 4257 τῶν
393 4184 461 4255 κατ·>
484 4181 587 4275 ἀρχὴν
609 4185 796 4273 συμφώνων
811 4180 929 4252 Ἰιάνιον
947 4182 1032 4251 εἰσιν
1049 4179 1159 4269 allieas,
1228 4211 1236 4221 ·

69 4279 205 4367 ciricum*
217 4288 287 4373 αἶα,
299 4290 468 4360 sedetiam
477 4288 677 4378 Apollonius
690 4289 841 4358 dePron.
850 4287 901 4353 74.
913 4283 949 4355 ci
961 4279 1159 4376 ἀφαιρέσεις
