2825 4809
217 333 293 414 288
510 331 832 402 mssmtmlo
857 332 903 400 11.
930 333 991 400 ·P.
1014 331 1044 398 1.

221 517 317 608 eipiis
339 525 411 584 orto
420 526 497 582 sunt
514 511 776 603 κωμῳδιοποιός
797 527 830 582 et
852 518 944 602 quod
952 516 1127 582 Attieisteo
1152 518 1330 604 praeferunt

220 611 468 706 κωμῳδοποιός
490 616 531 682 of.
554 616 745 686 Schneider.
768 618 812 683 ed
831 619 917 685 Plat.
942 617 1014 686 Oiv.
1025 619 1072 684 X.
1091 617 1155 684 235
1171 641 1220 702 sq.
1241 613 1328 686 Ἐνο-

219 715 402 808 μοτάρχης,
440 712 708 806 ἔκιχενροφόρος,
741 725 961 806 μηροκαοτεῖν
989 719 1033 784 ad
1065 719 1331 806 significationen

221 820 355 906 quidem
365 817 518 906 proxime.
530 829 607 884 sunt
624 819 816 886 subtentivis
831 818 1008 904 ἐνωμοτία,
1028 818 1202 908 ἐκεχειρία,
1221 821 1331 909 μηρία,

219 945 281 989 neo
302 930 410 986 temen
432 919 507 985 hino
527 916 625 986 dueta
645 922 704 987 sed
728 920 769 987 ab
793 916 973 1006 ἔνοίμοτος,
1007 918 1188 1008 ε’κέχειρον,
1220 918 1332 1010 μηρός.
1386 925 1387 928 ’

219 1024 292 1094 Mel
315 1045 333 1089 e
361 1021 454 1088 melis
480 1019 640 1105 Cydoniis
668 1022 852 1090 coniectum
879 1023 935 1108 qui
964 1021 1170 1111 appellarunt
1191 1018 1333 1090 κυδωνί-

219 1123 361 1209 μελιστὶ
382 1122 580 1212 primitivum
589 1117 712 1190 Κύδων
731 1125 873 1211 regressi
891 1134 984 1201 sunt;
1005 1117 1193 1210 γωνοιοδής,
1214 1123 1254 1188 in
1275 1145 1334 1208 quo

219 1223 293 1293 libri
316 1224 558 1310 Theophrestei
584 1225 794 1291 consentiunt
822 1227 867 1310 (v.
890 1227 1060 1294 Wimmer.
1090 1223 1133 1290 ed
1155 1226 1202 1290 H.
1236 1225 1288 1290 Pl.
1308 1227 1333 1292 1.
1387 1259 1388 1280 ν

221 1327 272 1403 10,
296 1327 342 1411 1.)
364 1326 453 1391 haud
474 1325 681 1392 incommode
702 1325 745 1392 ed
766 1326 949 1394 leeonieum
976 1331 1083 1412 γῶνορ
1105 1324 1213 1392 idest
1236 1329 1334 1412 γῶνος

218 1427 332 1497 referri
362 1437 491 1514 potest,
529 1427 617 1492 unde
650 1422 836 1513 ἑξάγωνος,
877 1421 1091 1513 πολύγονος,
1129 1421 1332 1512 χιλιόγωνος.

219 1530 333 1596 Unum
352 1527 520 1616 Apollinis
542 1528 713 1614 epitheton
733 1523 939 1618 Ανκηγενής,
962 1528 994 1594 si
1011 1536 1049 1592 ut
1070 1524 1216 1592 saniores
1239 1526 1332 1592 inter-
1388 1533 1389 1590 t

220 1640 350 1716 protum
371 1628 492 1694 doeent
516 1626 574 1696 τὸν
605 1627 641 1694 ἐν
663 1626 781 1718 Λυκίᾳ
806 1629 1018 1720 γεγενημένον
1042 1627 1223 1714 significet,
1252 1628 1331 1694 diffi-

219 1728 280 1795 cile
309 1738 360 1796 est
383 1728 424 1793 eb
453 1728 561 1816 ellipsi
589 1728 754 1796 vindicare
761 1753 770 1806 ς
799 1731 859 1826 sed
890 1739 1062 1798 excusatur
1092 1727 1327 1814 quodammodo

219 1830 495 1919 proplietnte¹⁸).
517 1867 559 1880 -
580 1832 724 1898 Nomine
747 1832 783 1898 in
806 1857 837 1912 ις
860 1832 1012 1900 exeuntia
1033 1831 1080 1898 ito
1103 1832 1261 1917 componi
1280 1855 1329 1898 so·

218 1934 287 2002 lent
299 1943 337 1998 ut
357 1931 492 2018 genitivi
512 1933 613 1999 ionioi
634 1933 780 2021 speeiem
800 1934 941 2002 referent
961 1927 1164 2021 ἐχιόὸηκτος,
1186 1927 1331 2019 αἱροσιο-
1389 1914 1390 2006 ί

217 2028 340 2119 μάχος,
363 2028 583 2122 φνσιολόγος,
607 2041 859 2115 στασιοποιεῖν,
892 2031 1135 2120 ὖβοεοιιαθεῖν,
1152 2035 1334 2123 ,πολιοφν-

214 2137 350 2226 λακεῖν,
385 2134 477 2219 quod
503 2134 617 2202 neseio
647 2158 705 2202 eur
735 2136 777 2203 G.
804 2137 998 2204 Dindorfius
1023 2134 1058 2200 in
1084 2133 1186 2200 Thes.
1211 2133 1255 2199 Τ.
1278 2136 1334 2202 VI.

219 2235 311 2302 1357.
340 2235 376 2301 in
404 2236 688 2324 πολιτοφνλακεῖν
709 2247 871 2306 mutatum
899 2237 985 2304 velit.
1028 2235 1092 2302 His
1121 2235 1290 2302 interdum
1313 2224 1334 2304 o

217 2337 343 2402 mieron
376 2336 555 2402 detrahitur
586 2335 778 2425 ἐχίδηκτος,
817 2334 1042 2426 ὂρχιτνεδίζειν
1081 2335 1220 2422 aliisque
1256 2338 1336 2404 infre
1390 2404 1391 2436 1

217 2437 443 2526 proponendis
472 2460 501 2504 e.
529 2439 592 2506 IV.
617 2442 643 2524 ξ.
663 2440 697 2506 4.
725 2453 757 2506 et
788 2463 937 2508 sermone
959 2441 1029 2526 jam
1055 2449 1211 2524 vergente
1241 2440 1336 2506 etiam
1390 2439 1391 2518 ί

216 2540 286 2608 iota
306 2539 448 2606 subduci
476 2549 633 2626 coeptum
658 2551 710 2608 est
730 2538 953 2632 λεξογράφος,
981 2534 1183 2627 ὀρχοτομία,
1217 2541 1334 2626 quibus

217 2650 460 2708 antecesserunt
492 2641 559 2706 duo
590 2642 726 2730 proprie
748 2638 959 2732 Ὑβραγόρας
994 2651 1028 2706 et
1055 2631 1214 2717 ’Ἀσωττος
1243 2641 1337 2730 παρὰ

214 2740 273 2828 τὴν
295 2734 372 2808 ίίσιν
387 2743 469 2806 ΕΜ.
489 2763 565 2808 eum
584 2744 751 2829 gentilicio
773 2740 1007 2830 Σιρονταίονες,
1033 2741 1123 2826 quod
1146 2753 1335 2829 eonuptum

214 2839 363 2906 hebetur.
405 2842 484 2907 Non
510 2844 625 2929 proeul
649 2845 725 2910 hino
749 2844 849 2911 distet
869 2840 1085 2931 Χαρμενίδης
1109 2842 1137 2910 si
1158 2843 1194 2907 id
1217 2867 1238 2908 e
1257 2851 1334 2910 Xu-

214 2943 350 3030 ριμένης
371 2938 553 3010 ἀενὶνείιιω
572 2955 633 3010 est.
675 2947 775 3012 Nune
791 2945 836 3012 ad
852 2967 892 3011 ea
906 2944 1099 3031 progredier
1117 2967 1204 3029 quse
1216 2945 1333 3012 Gran-

212 3044 325 3110 metiei
343 3067 420 3112 eum
440 3046 559 3111 dativis
579 3047 707 3112 numeri
728 3047 862 3134 pluralis
886 3048 1059 3132 conjuncta
1073 3055 1207 3133 putnn:
1230 3047 1333 3122 ἐπεσ-

212 3141 316 3228 βόλος
335 3152 410 3225 τοῖς
430 3143 529 3215 ἔπεσι
554 3143 687 3233 βάλλων
706 3149 866 3236 Apellen.
886 3148 971 3214 Lex.
994 3142 1160 3236 ὀρεσκῶος
1181 3141 1252 3216 ἀπὸ
1274 3152 1331 3214 τοῦ

213 3242 293 3313 κείω
318 3245 447 3332 γέγονεν
474 3242 665 3336 ὀρεσίκοιος
689 3249 749 3315 καί
772 3253 924 3339 ουγκοπῇ
955 3243 1128 3335 ὀρέσκοιος
1151 3246 1210 3314 καί
1236 3243 1332 3316 ἐκτά-

212 3368 266 3411 σει
299 3340 467 3434 ὄρέσκῳος
501 3346 561 3414 καί
591 3347 775 3433 μεταθέσει
807 3354 867 3417 τοῦ
893 3345 992 3416 τόνου
1007 3342 1189 3437 ‚dotandos
1219 3349 1328 3418 Schol.

210 3443 247 3529 ll.
270 3443 295 3511 l.
321 3445 395 3512 268.
416 3447 573 3534 Epim.·1.
601 3449 675 3516 304.
695 3451 779 3516 EM.
808 3450 881 3528 630,
912 3451 963 3516 11.
1005 3452 1082 3516 Hoe
1109 3450 1329 3538 relinquamus

213 3546 442 3615 divinantibus.
485 3549 635 3616 Alterum
655 3551 703 3616 illi
727 3553 891 3621 finxerunt
913 3552 957 3618 ed
981 3553 1167 3640 exemplum
1186 3555 1327 3622 voeabu-

210 3647 316 3712 lorum
337 3651 552 3736 poeticorum,
575 3653 717 3738 quaein
738 3654 830 3720 Diss.
852 3652 906 3720 ΙΙΙ.
929 3676 957 3719 e.
980 3653 1037 3722 Vl.
1062 3657 1088 3741 ξ.
1110 3657 1141 3720 4.
1165 3659 1325 3743 produee-

210 3771 283 3814 mus
303 3747 571 3839 commonitione,
602 3751 804 3842 ἐντεσιερνός
827 3766 887 3820 ete.
911 3777 1049 3840 quorum
1074 3758 1238 3823 nonnullis
1261 3760 1326 3823 iota

420 3917 544 3924 ----..

224 4054 229 4062 ,
282 4004 328 4072 18)
348 4004 406 4062 Pro
423 4001 574 4075 λοκοεργής
591 4007 666 4076 opud
686 4005 865 4062 Herodotum
882 4007 1063 4064 seribendum
1082 4026 1143 4064 esse
1167 4005 1323 4082 λυκιοεργὴς

73 4137 83 4148 ,
203 4086 265 4159 jem
277 4088 439 4144 Athenaeus
451 4091 608 4163 suspicatus
620 4097 673 4146 est.
710 4090 940 4163 Αἰγυπτογενής,
953 4094 1072 4166 quodin
1085 4097 1169 4150 codd.
1182 4094 1332 4152 nomin*

207 4173 339 4251 Aeschyli
353 4175 457 4248 legitur
465 4175 587 4248 synizesi
599 4175 766 4246 breviatum,
779 4196 843 4234 oum
851 4177 1042 4252 Ἀσιντογενὴς
1058 4182 1190 4238 conferre
1203 4182 1278 4238 libet.
