2825 4809
151 306 217 380 DE
238 311 509 380 PARATHFISI
530 313 593 379 ΕΤ
617 309 893 382 SCRIPTURA.
918 312 956 379 C.
969 311 996 378 I.
1020 309 1087 400 λλ.
1115 320 1189 393 549

77 511 130 568 est·
148 511 182 568 et
202 501 401 587 semigraece
419 501 635 589 Magnopolis
656 501 774 567 dicitur
795 499 854 566 sed
877 501 942 568 alia
963 503 1125 586 quaedem
1148 504 1190 570 ob

76 603 333 689 magnitudinem
356 603 404 668 ita
418 613 620 690 nuncupata,
642 603 734 688 quod
748 612 836 670 recte
854 602 924 682 ficri
939 613 1039 688 negat
1050 604 1193 674 Tzetzes

76 707 110 769 in
134 705 265 770 Anecd.
289 694 490 773 Oxon.'III.
511 705 586 772 361.
609 705 779 791 μηδέποτε
794 700 1061 788 Μεγαλοόπολιν
1081 704 1192 792 γράφε

76 800 197 894 ἢ(εοτ.
220 801 281 891 ὡς)
308 803 708 892 Κωνοτανπνούπολινῆ
739 801 1032 874 Φιλιπποάπολιν·
1063 800 1101 872 οὗ
1128 808 1191 894 γὰρ
1276 843 1278 848 -

77 901 113 995 ἦν
136 903 156 995 ἡ
181 905 292 996 γὲνικῆ
312 913 371 974 τοῦ
387 906 549 994 Μεγάλου
570 900 683 994 iidie)
703 903 955 974 Κωνστοινιίνου
977 906 1035 974 καὶ
1052 903 1191 994 Ἁδρια-

77 1015 133 1075 νοῦ
162 1005 247 1077 ὅθεν
275 1009 333 1076 καὶ
355 1007 636 1098 Ἁδριανοόπολις
663 1004 851 1096 γράφομεν,
880 1008 940 1075 sed
968 1008 1031 1074 hoe
1060 1032 1195 1094 quoque

75 1110 231 1177 scientius
246 1105 427 1197 Ἀδριανοῦ
447 1107 548 1189 πόλις
569 1109 719 1177 scribitur
740 1131 769 1174 v.
782 1108 989 1177 Reitemeicr.
1011 1111 1055 1174 ad
1071 1112 1193 1179 Zosim-

74 1214 102 1279 Ι.
123 1213 179 1290 42,
200 1213 232 1278 2.
255 1223 289 1278 et
308 1212 560 1280 Κωνσιαντίνου
583 1210 685 1291 πόλις
711 1210 821 1298 potius
851 1233 951 1296 quam
972 1223 1136 1280 contracte
1157 1223 1195 1281 ιιι

75 1317 109 1381 in
129 1315 231 1380 Phot.
257 1313 341 1380 cod.
363 1314 442 1380 LII.
455 1315 505 1381 18.
527 1314 618 1399 quod
633 1322 721 1378 vetat
738 1313 928 1400 Stephanus
942 1313 1192 1383 Κιονοναννίνοο

75 1415 179 1494 πόλις
210 1413 272 1483 titio
299 1409 385 1502 μέρνγ
413 1414 471 1481 καὶ
502 1417 540 1497 ἐξ
565 1410 675 1482 criseis·
701 1415 1082 1504 Κωνοιαντινοπολίτιγς.
1126 1417 1193 1482 Hic

76 1520 145 1584 duo
173 1517 278 1605 prima
303 1516 403 1582 verba
428 1517 615 1584 Meinekius
645 1517 813 1604 compegit
843 1517 877 1584 in
906 1538 1006 1583 unum
1038 1519 1192 1605 apposito

74 1621 141 1685 alio
162 1620 313 1706 exemplo
330 1615 517 1709 Ἀμφάξιον
539 1615 599 1686 iio
620 1617 723 1706 μέρη·
746 1620 784 1686 τὸ
803 1616 840 1698 ἐξ
858 1611 958 1686 αὐτοῦ
973 1611 1196 1708 Ἀγιφαξίιηᾳ-

74 1725 201 1790 Verum
224 1731 333 1786 tamen
355 1721 556 1808 praepositio
582 1719 710 1786 facilius
730 1741 830 1804 quam
850 1720 1013 1804 genitivus
1036 1743 1110 1786 eum
1131 1744 1192 1789 no·

73 1825 164 1890 mine
186 1822 250 1889 sibi
272 1822 419 1907 subjecto
441 1825 607 1889 confluere
628 1822 737 1910 potuit
759 1843 796 1888 ac
816 1845 859 1888 ne
878 1821 942 1888 hoo
966 1821 1098 1908 quidem
1122 1845 1192 1888 cer-

72 1938 144 1992 tum
162 1934 292 1992 constat
312 1935 421 1991 utrmn
440 1925 519 1992 urbs
533 1926 622 1992 Axio
636 1925 834 1991 circumdata
848 1935 963 1990 vocata
978 1925 1075 1990 fuerit
1092 1923 1194 2004 πόλις

67 2024 263 2116 Ἀμφάξιος
279 2027 364 2092 sicut
380 2026 506 2094 incolae
517 2022 702 2115 Ἀμφάξιοι
721 2026 879 2112 adjective
889 2035 926 2090 ut
938 2027 1193 2110 Ολιιιιιιψοάιιιιλ,

72 2129 171 2197 etin
197 2151 316 2215 genere
344 2139 459 2194 neutro
475 2125 678 2215 Ἀμφάξιον,
705 2151 749 2195 an
768 2129 851 2194 illud
875 2151 995 2194 nomen
1018 2128 1064 2194 sic
1089 2149 1193 2196 enun-

69 2232 199 2298 ciaium
226 2230 325 2295 fuerit
351 2241 389 2294 ut
413 2233 462 2296 Aa
490 2249 608 2314 aquas,
634 2231 730 2314 Infra
765 2233 892 2297 Thebas.
939 2232 993 2296 De
1014 2229 1193 2306 vocabulis,

69 2357 162 2420 quae
185 2333 275 2398 aliud
296 2333 330 2396 in
353 2332 442 2398 exitu
470 2350 590 2398 nomen
618 2329 759 2410 habent,
792 2331 858 2398 huc
886 2332 1028 2420 pertinet
1050 2327 1195 2398 Ἕλενοό·

68 2459 202 2513 ποννος
223 2435 291 2500 sive
307 2429 542 2510 Ἑλενόπονιος
563 2433 816 2520 Helenopontus
840 2434 1021 2521 provincia,
1046 2439 1194 2522 Μοψον-

69 2538 172 2606 εστλα
199 2536 288 2604 »Βαλᾶ
316 2557 342 2600 s.
370 2531 572 2614 Λῦξὲνιιος,
600 2535 691 2620 quod
721 2535 799 2602 alibi
826 2536 941 2601 melius
964 2534 1114 2600 scribitur
1135 2555 1195 2620 per

70 2639 236 2705 diastasin
263 2636 429 2723 quomodo
458 2635 595 2703 Ciliciae
621 2637 782 2724 oppidum
803 2635 936 2727 Μόψου
965 2635 1066 2724 κρήνη
1093 2635 1192 2702 Phot.

67 2741 163 2808 Cod.
189 2739 378 2824 CCLVIII.
401 2738 473 2804 788.
498 2748 530 2804 et
553 2738 606 2804 all.
629 2739 720 2826 apud
733 2739 872 2806 Latinos
896 2749 1003 2804 sutem
1025 2760 1111 2804 nunc
1133 2759 1193 2824 per

67 2841 248 2929 synthesin
269 2841 507 2928 Mopsucrene,
535 2863 622 2906 nunc
643 2841 751 2907 minus
781 2841 951 2908 commode
969 2840 1193 2926 Mopsucrene

66 2969 100 3011 v.
130 2945 273 3030 Interpr.
299 2944 342 3009 ad
362 2942 526 3008 Ammian.
547 2943 649 3008 XXI.
673 2943 724 3021 15,
748 2945 778 3009 1.
800 2944 884 3010 sicut
903 2949 1093 3026 hermupoa,
1115 2945 1194 3008 ada-

65 3049 270 3128 duneptrcs.
312 3046 355 3110 In
379 3046 473 3110 Anat.
499 3041 539 3110 vs
559 3044 633 3110 216.
663 3068 723 3132 pro
753 3040 1048 3123 εόαλάέοςἻππου
1073 3039 1195 3130 κρήνης
1249 3119 1257 3139 .

67 3147 221 3216 Vossius
250 3146 354 3212 edidit
376 3141 618 3234 Ἱπποιικρήνης
648 3146 869 3235 amphiboliae
901 3144 1052 3210 vitandae
1086 3165 1194 3221 causa,

67 3273 117 3316 ne
137 3249 211 3334 quis
232 3249 339 3314 ἵππον
358 3242 483 3338 εὐαλδῆ
501 3248 567 3315 dici
582 3259 691 3337 putet3
713 3250 771 3316 sed
790 3248 949 3334 ejusmodi
967 3246 1195 3333 ambiguitates

67 3352 179 3442 prisci
205 3350 312 3417 minus
338 3349 554 3416 extimuerunt
583 3374 681 3435 quam
708 3352 818 3416 nostri·
841 3351 1004 3438 aequales.
1052 3349 1094 3415 In
1122 3350 1194 3414 He·
1253 3345 1257 3350 ’

68 3455 165 3521 siodi
189 3452 253 3518 Th.
274 3475 304 3516 v.
327 3453 358 3517 6.
384 3453 499 3518 eadem
519 3453 618 3519 verba
636 3453 715 3519 olim
736 3454 852 3538 juncta
875 3451 1055 3540 dispescuit
1077 3451 1195 3518 Goett·

67 3557 201 3643 lingius
234 3554 347 3620 addite
367 3555 495 3621 ratione
519 3577 587 3622 ooo
614 3560 697 3621 eoim
719 3568 755 3622 ut
771 3551 989 3631 Ἡλιούπολις
1010 3558 1057 3620 ito
1079 3557 1197 3620 dicitur

62 3655 311 3747 Ἱπποιοιοήνη.
369 3657 438 3723 Sed
464 3655 687 3736 Ἡλιούπολις
721 3681 852 3744 quoque
883 3657 991 3722 minus
1024 3655 1196 3742 probatum

66 3763 203 3828 iontem
222 3781 299 3824 vero
322 3757 517 3824 caballinum
536 3757 655 3824 Graeci
671 3759 795 3827 Ἵππου
813 3753 933 3846 κρήνην
957 3759 1070 3826 dicunt
1087 3755 1195 3824 Strab.

67 3863 177 3931 VIII.
202 3862 275 3927 379.
302 3859 360 3948 τὴν
384 3864 446 3927 τοῦ
461 3855 587 3926 Ἵππον
612 3858 734 3948 κρήνην
754 3860 893 3926 Lucian.
922 3861 994 3925 adv.
1018 3858 1092 3924 lnd.
1115 3862 1140 3942 ξ.
1163 3859 1194 3923 3.

65 3964 192 4032 Latini
216 3964 471 4050 Hippocrenen,
502 3984 599 4046 quam
621 3963 789 4048 synthesin
811 3963 906 4029 enixe
928 3962 1099 4048 impugnat
1123 3960 1196 4026 Sal-

66 4069 202 4134 masius
224 4067 258 4129 in
278 4068 416 4132 Exercc.
438 4065 524 4131 Plin.
544 4089 578 4152 p.
598 4064 671 4130 834.
695 4069 753 4141 „in
777 4066 958 4151 istiusmodi
982 4067 1122 4129 locorum
1144 4067 1197 4128 tle-

66 4171 368 4246 nominationibus,
402 4188 481 4252 quoe
508 4168 695 4254 saductus
725 4171 928 4236 substantivis
952 4178 1196 4249 componuntur,

66 4277 204 4360 ἰνιιογνο
232 4273 295 4338 duo
323 4273 454 4372 comitto
483 4268 597 4338 Graeci
625 4289 745 4355 semper
765 4274 915 4350 νιιινινιιις
945 4289 1000 4336 nec
1026 4271 1109 4336 euim
1127 4265 1198 4333 Ἱπ-
