2825 4809
269 326 343 404 668
628 319 948 394 classensem
976 323 1020 396 V.

270 515 559 608 Gpammaticorum
580 513 680 580 tribas
701 525 731 580 et
749 515 877 597 patpitc
898 526 1028 582 certant.
1068 513 1213 581 Neutrum
1236 514 1328 584 sincere

268 614 387 704 probat
415 614 547 682 Servius
575 615 661 680 Aen.
682 615 763 682 VII.
790 615 864 682 289.
893 619 1032 700 abusptoe
1059 629 1087 683 et
1115 621 1239 702 mutue
1260 639 1330 686 uur-

266 721 373 803 patiae
393 720 546 794 dicimus;
575 721 771 800 praepositio
796 722 880 784 enim
904 738 961 784 nee
984 720 1129 784 adeum
1146 722 1274 802 iunpitn
1294 742 1331 786 nes

267 821 504 904 praepositioni.
548 818 618 886 Sed
637 840 734 884 usum
754 817 873 884 rationi
894 819 1113 905 praevaluisse
1134 821 1332 887 6066εά11115-

268 922 341 988 nius
364 944 397 1009 p.
420 920 493 986 517.
522 939 628 988 omme
654 933 755 989 ortem
779 924 904 1005 septuti
928 934 1043 1005 nepant
1068 925 1213 989 adoubiis
1229 943 1332 1006 praepo

270 1025 399 1090 sitiones
418 1025 494 1089 addi
514 1035 669 1106 oportere,
689 1026 744 1089 sed
763 1025 937 1091 autentos
957 1035 1095 1089 aetuans
1107 1028 1252 1107 praeponi
1265 1026 1333 1099 debu,

267 1127 407 1192 desubito
419 1124 462 1209 ¹),
481 1127 651 1206 derepente.
683 1124 738 1191 De
759 1123 889 1190 duobus
908 1135 1017 1190 autem
1034 1125 1242 1210 conjungendi
1257 1124 1334 1189 nodis

266 1236 375 1290 utrum
400 1224 578 1312 praeferat,
607 1224 754 1292 hicnon
782 1227 941 1304 declarat,
969 1226 1029 1292 sed
1057 1225 1264 1291 dubitantibus
1283 1249 1334 1291 suo

269 1327 367 1394 currit
386 1329 539 1394 Donatus
563 1328 606 1394 ad
625 1330 749 1414 Hecyr.
769 1328 830 1396 IV.
852 1330 881 1407 1,
900 1330 931 1394 3.
952 1332 1115 1412 armate
1135 1323 1226 1416 ipa·
1243 1347 1303 1393 naso
1315 1332 1334 1391 st

269 1434 477 1514 speraveris,
502 1449 568 1497 non
589 1441 633 1496 est
654 1431 807 1505 tatinum,
830 1440 864 1496 et
885 1429 1023 1517 amplius
1044 1429 1079 1494 in
1100 1431 1185 1495 Arte
1202 1428 1242 1494 IL
1261 1429 1299 1505 13,
1314 1430 1334 1494 3.

264 1535 460 1618 praepositio
490 1535 662 1615 separatim
693 1534 850 1598 adverbiis
882 1553 948 1598 non
977 1535 1203 1615 applicabitur,
1232 1533 1335 1614 panai

268 1636 430 1718 trperimus
453 1635 634 1709 desursum,
656 1635 812 1708 desubito,
835 1636 962 1709 made,
986 1637 1113 1710 debinc,
1137 1636 1190 1700 sed
1208 1637 1268 1699 suc
1284 1644 1335 1697 tau-

267 1754 361 1820 quam
389 1739 423 1802 in
450 1753 549 1802 unam
571 1746 697 1818 partun
719 1739 877 1801 orationis
903 1737 961 1800 sub
988 1755 1053 1803 uno
1080 1747 1209 1801 acumu
1228 1753 1335 1816 ponan-

266 1839 426 1904 ciabt'neue.
469 1835 597 1902 Eadem
617 1835 738 1901 iterans
756 1835 938 1924 Pompejus
953 1835 1081 1902 Comm.
1091 1835 1225 1905 XXVI.
1237 1835 1276 1912 lt,
1286 1832 1337 1898 sit.

267 1944 355 2014 naec,
383 1936 507 2023 inquit,
536 1941 616 2005 citio
639 1959 708 2005 non
733 1949 825 2013 sunt,
856 1942 1009 2022 qnoniam
1031 1959 1099 2006 una
1124 1937 1338 2022 persuationis

254 2043 441 2122 >composita
466 2051 529 2118 est;
559 2042 587 2104 si
609 2042 727 2105 diceres
755 2060 797 2105 ea
818 2043 907 2116 inde,
938 2059 973 2106 re
997 2057 1075 2105 uera
1100 2043 1285 2106 soloecismus
1304 2048 1339 2100 cst.
1383 2108 1384 2123 χ

265 2143 309 2210 Et
323 2140 513 2206 Priscianus
531 2161 664 2225 quoque
679 2139 778 2209 XIV.
791 2142 821 2219 1,
832 2141 906 2206 580.
922 2139 1203 2228 praepositionem
1218 2135 1340 2204 adverbiis
1383 2146 1384 2151 ’

265 2242 425 2334 praeponi
452 2265 512 2330 per
537 2240 808 2329 compositionem
830 2243 982 2308 concedit
1008 2242 1169 2329 exemplis
1197 2238 1342 2329 perspicuis

263 2348 409 2430 perinde,
439 2345 583 2420 subinde,
611 2345 769 2427 deinceps,
798 2345 920 2412 obtine.
972 2345 1069 2436 Haeo
1096 2344 1150 2409 vel
1182 2343 1290 2410 oblitu
1308 2337 1345 2403 sd

265 2455 458 2534 aspernatus
474 2445 680 2511 Burmannus
700 2445 744 2510 ad
761 2446 846 2511 Aen.
863 2445 884 2511 1.
899 2467 928 2512 c.
945 2445 987 2512 de
1009 2444 1161 2530 abusque
1181 2457 1214 2511 et
1231 2445 1346 2527 adusque

264 2551 313 2616 sic
343 2547 508 2636 disputat:
540 2549 702 2614 scobmies
732 2551 807 2614 taes
837 2560 903 2625 est;
935 2567 993 2614 nec
1022 2560 1140 2615 ueteres
1172 2548 1308 2614 adverbia
1329 2552 1349 2608 et
1384 2554 1385 2561 ’

121 2709 123 2716 ,
262 2654 512 2737 praepositiones
533 2653 568 2716 in
587 2668 687 2715 unam
703 2668 809 2716 socan
829 2661 1061 2718 contraxerunt
1079 2653 1133 2718 sed
1153 2653 1348 2717 distinxerint,

266 2756 308 2820 od
328 2771 426 2837 uepue
448 2762 509 2818 etc.
553 2749 610 2818 Sic
628 2749 710 2815 haec
731 2749 766 2814 in
782 2750 870 2816 Edd.
886 2762 962 2817 vett.
985 2752 1165 2840 praecipue
1187 2748 1352 2837 scriptorum

264 2853 481 2922 recentiorum
502 2851 624 2940 scripta
643 2852 797 2938 legssntur
823 2857 866 2920 ad
888 2858 1037 2930 invicem,
1068 2876 1109 2922 esc
1130 2857 1304 2925 adversum,
1326 2851 1351 2914 u

266 2960 333 3034 sub,
357 2961 393 3024 de
416 2958 509 3041 soris,
533 2956 571 3020 ab
593 2957 690 3031 intus,
714 2974 735 3020 o
756 2957 845 3039 ionpe
867 2966 927 3022 etc.
949 2979 979 3023 v.
992 2955 1167 3023 Muncker.
1191 2955 1234 3021 ad
1251 2950 1352 3038 Hygia·

264 3057 346 3126 Feb.
369 3057 443 3123 257.
470 3080 503 3144 p.
526 3055 600 3122 367.
627 3056 679 3121 ed.
702 3054 791 3123 Stav.
814 3066 847 3121 et
875 3058 918 3123 ad
942 3058 1095 3146 Fulgent.
1117 3057 1228 3143 Myth.
1251 3056 1289 3120 L.
1304 3051 1352 3116 111.

266 3185 293 3226 c.
316 3160 346 3238 6,
372 3159 443 3224 718.
473 3157 604 3224 Possin.
634 3157 676 3222 ad
702 3157 857 3224 Pession.
878 3159 1012 3248 Perpet.
1038 3171 1072 3226 et
1095 3159 1227 3226 Felicit.
1251 3181 1282 3244 p.
1300 3152 1353 3219 185.

263 3261 298 3328 in
319 3261 469 3328 Galland.
491 3258 577 3326 Bibl.
604 3255 649 3324 T.
672 3257 718 3323 Π.
761 3257 950 3326 Priscianus
978 3283 1055 3327 vero
1083 3261 1177 3346 quod
1207 3259 1248 3325 de
1269 3254 1353 3322 latinis

264 3363 431 3453 particulis
463 3361 615 3438 affirmat,
648 3359 736 3426 idem
770 3360 811 3426 de
842 3362 970 3448 graecis
1003 3362 1176 3450 praecepit
1206 3360 1251 3440 is,
1284 3359 1354 3442 eujus

265 3465 488 3533 auctoritatem
526 3465 560 3530 iu
594 3461 744 3528 omnibus
776 3465 977 3549 sequendam
1008 3474 1102 3552 putat
1114 3489 1123 3542 3
1162 3459 1354 3551 Apollonion

266 3571 339 3638 dico
363 3569 418 3654 qui
439 3567 474 3632 in
497 3567 584 3632 exitu
605 3565 759 3652 Syntaxis
779 3565 841 3632 IV.
860 3567 912 3645 11,
928 3566 1001 3632 536.
1022 3564 1110 3631 hunc
1130 3565 1242 3633 locum
1263 3572 1354 3628 nuts-

263 3673 310 3737 vit
332 3672 392 3737 sed
412 3671 513 3736 multo
536 3667 665 3734 brevius
688 3691 787 3752 quam
810 3689 873 3756 pro
894 3667 944 3734 rei
968 3668 1185 3755 amplitudine
1212 3677 1245 3732 et
1269 3684 1353 3729 exeu-

264 3775 328 3862 plia
360 3793 476 3860 parum
511 3768 691 3856 explanatis
726 3792 815 3835 usus.
869 3770 1016 3837 Primum
1048 3770 1185 3856 quidem
1219 3764 1354 3834 collaudet

265 3873 456 3942 sententiam
484 3870 689 3958 aptioribus
715 3872 816 3937 latam
843 3871 884 3938 coi
911 3867 1123 3960 ἕπιῤῥήματα
1153 3868 1291 3954 iberibus
1311 3867 1354 3949 τῆς

263 3979 351 4066 πρὸς
376 3973 436 4053 τὰς
462 3973 646 4062 προθέσεις
674 3973 879 4054 συνθέσεως,
904 3969 1031 4053 ἐπάνω,
1057 3969 1263 4062 πςρικὸκλῳ,
1290 3962 1354 4031 iso

261 4135 424 4152 Μ

334 4218 360 4283 1)
374 4216 438 4270 Hoc
454 4231 515 4268 cnm
529 4210 670 4285 adjectivo
690 4210 875 4288 compositum
891 4221 935 4272 set
950 4220 982 4271 nt
999 4216 1033 4273 in
1049 4208 1188 4279 subnata,
1201 4208 1276 4284 quod
1286 4213 1354 4279 gena

262 4299 411 4377 separatim
429 4298 602 4356 tractabitur.
