2825 4809
117 313 171 376 DE
182 303 432 374 PROSTHESI
446 305 510 370 ΕΤ
524 305 790 374 APHAERESI.
809 306 951 375 C.VIII.
964 310 990 392 ξ.
999 307 1049 374 11.
1075 313 1148 384 183

83 507 131 571 est3
150 515 203 558 nec
225 490 425 577 repudiarem
453 485 641 572 ι’σιόμολος,
666 489 732 554 uisi
754 485 917 574 ἶσόμαλος
936 489 971 556 in
991 490 1152 578 Xenoph.

81 593 202 680 Agesin
221 591 436 678 suspicionem
455 590 608 660 venisset
642 587 812 668 Ὠνόθοος
831 590 866 656 in
881 591 1016 656 verbum
1033 592 1154 660 desinit

78 717 125 779 quo
135 695 287 759 Homerus
307 691 407 758 utitur
436 683 507 758 ὦκα
533 691 625 759 θέων
648 714 678 756 v.
699 693 821 758 Perell.
842 692 917 760 462.
960 693 1026 758 His
1048 693 1152 758 tribus

77 793 174 861 cnissis
193 815 305 860 causae
325 791 539 879 periclitantis
562 793 693 878 patroni
714 794 921 860 accumulant
942 791 1092 880 θόρυβος
1113 794 1150 862 ἐν

76 900 117 962 wi
133 898 225 978 θροῦς
245 892 302 958 καὶ
321 889 403 982 βοή,
433 888 599 978 πτισσόνη
629 888 667 960 ἐκ
695 898 756 960 τοῦ
783 893 937 966 πιόσσιιν
966 894 1033 968 καὶ,
1051 886 1151 970 ι’όνειν,

74 991 162 1077 χρόνος
184 991 218 1059 όν
244 997 302 1061 τοῦ
328 994 416 1075 χέειν
443 990 503 1059 καὶ
531 992 632 1076 ῥέειν,
659 991 795 1080 Νηριός
823 994 859 1062 ἐν
888 998 950 1062 τοῦ
978 990 1070 1068 νάειν
1093 992 1152 1060 ναὶ
1199 1048 1204 1056 ,

75 1094 149 1181 ῥέειν,
170 1114 246 1176 quae
274 1093 408 1160 omnino
433 1115 502 1160 non
530 1092 632 1179 digna
652 1104 766 1161 essent
783 1104 965 1162 memoratu
985 1093 1049 1160 nisi
1071 1093 1149 1161 hine

72 1202 167 1279 pateret
192 1191 278 1260 haec
295 1195 338 1260 de
364 1194 595 1280 conjunctione
623 1217 878 1281 synonymorum
904 1195 1018 1282 opinio
1052 1217 1151 1279 quam

72 1295 116 1358 late
138 1293 205 1360 olim
231 1295 396 1362 dominata
422 1297 465 1361 sit
491 1317 554 1362 nec
580 1296 688 1364 solum
704 1297 886 1381 Byzantios
915 1295 1057 1362 tenuerit
1080 1305 1150 1379 ety-

73 1396 186 1482 nologos
211 1397 268 1466 sed
296 1398 395 1463 etiam
420 1397 553 1482 majoris
574 1397 775 1465 auctoritatis
798 1397 1052 1473 Grammaticoe3
1073 1419 1151 1462 nam

73 1499 127 1562 illud
144 1499 181 1564 de
199 1496 343 1587 πτισάνη
364 1499 533 1564 inventum
552 1499 737 1567 Pausaniae
760 1499 822 1564 init
838 1499 1013 1567 Atticistae
1035 1520 1065 1562 v.
1083 1497 1149 1564 Ca·

73 1598 135 1664 saul.
157 1599 196 1664 ad
219 1599 344 1667 Athen.
373 1601 420 1666 X.
450 1599 525 1666 too.
553 1601 595 1664 E.
624 1611 658 1666 et
684 1599 761 1667 huie
784 1601 890 1667 simile
917 1598 1089 1687 Apollonii
1114 1598 1150 1664 in

72 1700 128 1763 Lu.
145 1702 234 1765 Hom.
263 1698 420 1787 μόρφνον
447 1697 643 1786 μορόφονον
670 1700 731 1770 τὸν
756 1700 815 1768 διὰ
839 1697 947 1788 φόνον
967 1700 1025 1766 τόν
1045 1695 1152 1782 μόνον

72 1799 237 1886 ἐπιφέροντα
247 1804 314 1880 ⁵⁵).
346 1801 419 1867 Nec
435 1801 581 1888 suspicio
598 1799 692 1867 abest
708 1799 804 1884 hujus
821 1821 954 1885 quoque
970 1798 1150 1884 sapientiae
1202 1857 1206 1872 ,

33 1896 36 1908 “
73 1912 161 1967 satores
178 1903 277 1969 inisse
297 1903 430 1972 Stoicos
452 1902 598 1969 omnium
615 1901 849 1967 vocabulorum
868 1901 1028 1966 elementa
1047 1899 1152 1984 prima

72 2023 151 2068 eruere
171 2015 318 2070 conatos.

131 2107 151 2187 t.
167 2105 212 2169 11.
255 2105 375 2170 Altera
405 2114 456 2170 est
486 2124 571 2187 quae
605 2101 723 2167 dicitur
752 2097 911 2180 σύνθεσις
938 2103 1004 2174 νῶν
1033 2093 1153 2178 αὐτῶν,

72 2204 136 2284 cnjus
147 2205 396 2291 significationes
413 2205 591 2290 pleraeque
608 2203 744 2274 eaedem
758 2212 836 2268 sunt
851 2224 936 2286 qnae
955 2199 1153 2288 parathesis;

70 2324 121 2366 nan
140 2326 205 2370 cum
231 2305 342 2374 λεπτοὶ
369 2303 477 2372 λεπτά
506 2303 659 2370 convenit
679 2299 950 2382 λιπνεπόλννιτος
975 2312 1008 2368 et
1028 2302 1154 2390 φαυλι-

68 2402 216 2488 οόφονλος,
245 2417 423 2490 utrumque
453 2405 490 2470 in
516 2404 654 2470 Anthol.
684 2403 916 2489 plebejumque
943 2406 1154 2488 κακιγνακῶς

69 2499 200 2572 ouant.
228 2508 379 2572 Manass.
404 2530 435 2570 v.
458 2506 553 2572 2260.
583 2516 617 2572 et
646 2505 743 2570 3000.
769 2505 821 2570 cui
844 2505 930 2570 viam
952 2504 1029 2568 feeit
1049 2500 1152 2566 dictio

66 2605 136 2668 stica
153 2608 191 2674 sci
209 2605 304 2677 κοινὰ
320 2610 387 2676 τῶν
408 2610 518 2674 κακῶν
548 2616 581 2675 et
606 2605 804 2673 contrarium
824 2604 866 2670 ιὰ
892 2603 979 2670 καλὰ
1002 2607 1068 2670 τῶν
1092 2625 1154 2668 κοι-

65 2703 110 2768 tos
134 2705 191 2772 hoc
219 2719 280 2798 est.
303 2707 344 2772 ιὰ
373 2702 534 2774 κάλλιστοι
566 2730 597 2770 v.
626 2705 774 2772 Meinelr.
803 2705 892 2770 Hist.
923 2703 1017 2772 Com.
1044 2703 1073 2768 Ι.
1098 2701 1151 2766 69.

64 2803 101 2866 Ab
120 2806 168 2872 illo
195 2807 320 2893 μικρὸν
347 2804 467 2894 μικρόν
495 2828 563 2872 non
592 2807 729 2871 multum
754 2807 919 2893 discrepat
935 2803 1042 2875 Ὅσον
1063 2804 1153 2882 ὅσον,

64 2897 147 2986 ὀλίγον
170 2903 283 2992 ὀλίγον
309 2909 394 2973 Hes.
420 2917 453 2971 ct
482 2907 559 2974 hinc
587 2907 806 2994 compositum
834 2903 1005 2992 λιγόλιγον
1025 2910 1151 2978 sensim,

64 3006 128 3084 quod
143 3007 198 3072 Du
219 3007 372 3094 (langius
398 3007 505 3085 affert,
534 3018 567 3073 et
593 3007 747 3074 adverbia
774 3008 925 3096 superius
949 3007 1036 3072 dieta
1060 3000 1153 3088 πάμ-

63 3127 110 3169 no
127 3117 154 3171 et
175 3105 385 3177 παντάπασι.
418 3110 542 3175 Verum
560 3106 699 3196 προπρό
718 3109 785 3174 sive
808 3109 947 3196 simplex
966 3107 1033 3172 sive
1050 3102 1150 3170 verbo

62 3206 187 3272 sociatum
207 3209 346 3294 proprie
369 3209 533 3294 significat
555 3209 717 3274 actionem
739 3209 948 3294 procedentis
968 3206 1163 3300 repetitam„

61 3326 102 3370 nec
125 3331 191 3376 raro
221 3311 385 3392 disjuncte
410 3309 570 3374 scribitur.
614 3310 808 3398 Eademque
831 3309 1009 3396 scripturae
1031 3309 1147 3373 incon-

62 3410 151 3473 stantia
181 3412 325 3476 cernitur
358 3410 393 3474 in
422 3411 563 3476 relativis
594 3410 684 3476 latini
718 3411 875 3476 sermonis
910 3413 1149 3494 quantiquanti‚

60 3517 118 3585 utet,
137 3513 252 3596 orati,
278 3515 444 3580 undeunde
467 3524 528 3578 etc.
552 3511 612 3576 sed
633 3510 718 3578 ratio
737 3513 837 3600 longe
861 3511 989 3578 diversa
1012 3519 1076 3586 est;
1099 3508 1150 3574 his

60 3626 170 3693 nanque
204 3613 372 3679 reiteratio
406 3613 560 3680 conciliat
588 3613 757 3680 notionem
790 3612 1026 3688 universitatis,
1067 3632 1152 3696 quae

59 3709 162 3794 saepius
193 3713 387 3800 exprimitur
416 3714 584 3800 particulis
612 3717 808 3798 σὺόοιιιιοιιι,
839 3716 1030 3798 piceaque,
1058 3710 1154 3790 ὅπως
1253 3747 1257 3754 ·

61 3804 168 3892 liuore,
187 3812 272 3892 όσος
294 3813 431 3901 δήποτε,
453 3815 513 3879 sed
533 3813 617 3893 ὅσος
636 3812 719 3892 ὅσος
737 3814 856 3881 Graeci
874 3837 943 3880 non
960 3813 1073 3879 dieunt
1088 3813 1163 3877 nisi.

109 3979 148 4045 55)
164 3980 198 4034 In
216 3981 337 4052 Philum.
348 3982 420 4037 Lex.
435 3983 456 4037 t
469 3984 528 4036 ¹52.
540 3999 570 4054 p.
583 3983 642 4036 100.
654 3982 728 4039 maie
746 3985 881 4056 scriptum
897 3990 942 4044 est
959 3982 990 4038 ἓν
1003 3983 1052 4038 τοῦ
1064 3977 1155 4053 μόρος

59 4059 92 4108 ²⁶⁸2
106 4056 183 4130 φόβος
202 4063 217 4120 ό
236 4064 460 4137 pippinocessit
478 4085 530 4138 pru
547 4062 636 4140 μόρος
654 4071 703 4122 ναὶ
721 4067 818 4140 φόνος.
857 4069 943 4132 Quod
963 4067 1039 4120 idem
1059 4073 1088 4119 et
1104 4064 1164 4124 alii*

59 4143 135 4200 dicunt
147 4150 177 4203 ἐν
193 4155 242 4206 νοῦ
262 4154 371 4206 ἱκέσθαι
387 4156 436 4207 aul
453 4149 535 4208 θύειν
552 4150 567 4208 ὁ
587 4149 681 4224 ἰχθύς,
698 4154 842 4224 pertinere
854 4149 1153 4216 sustentatricem,

59 4238 81 4278 ut
93 4232 193 4302 dicitnr,
210 4236 294 4308 hujus
310 4237 430 4294 nominis
449 4232 649 4311 sispiraticneur
667 4234 749 4309 ἰχθύι
765 4257 792 4294 v.
809 4241 845 4292 ad
858 4237 905 4309 Aj.
923 4237 998 4294 1297.
