2825 4809
146 353 213 421 DE
235 352 504 422 PROSTHESI
525 352 587 421 ΕΤ
609 352 875 422 APHAERESI.
899 353 938 421 C.
951 352 1012 423 IV.
1030 356 1056 441 ξ.
1068 354 1099 421 3.
1137 355 1186 433 75

75 538 227 605 terminos
251 539 442 625 significarit
462 548 499 605 ut
510 539 606 619 Plato
627 542 710 607 dixit
725 542 761 608 in
778 542 875 607 simili
893 564 992 611 causa
1010 537 1106 620 ἐκτὸς
1123 545 1188 609 τοῖν

72 640 157 726 ὅρων
178 646 240 726 τῆς
259 639 371 724 χώρας
391 642 499 727 Legg.
522 642 587 707 IX.
610 643 683 709 854.
710 645 755 711 D.
778 668 820 709 an
836 645 990 710 custodes
1011 638 1186 729 allow),

73 743 114 807 sic
140 741 231 807 enim
261 741 410 829 plerique
436 764 551 809 vocem
574 742 772 811 homericam
791 747 1047 833 interpretantur
1067 768 1186 811 conve·

71 846 196 911 nienter
222 845 415 931 compositis
448 843 619 932 κηπουρός
647 847 716 912 sive
742 845 914 934 κηπωρός,
941 844 1101 932 θυρωρός
1126 858 1186 915 eto.

71 949 96 1013 si
124 948 288 1033 singulari
314 971 393 1013 usus
415 947 525 1024 fucrit,
553 946 635 1013 nihil
657 948 746 1015 aliud
769 949 945 1035 significari
968 970 1068 1034 posse
1090 970 1188 1034 quam

71 1050 146 1135 ὅροι
168 1050 312 1127 termini,
335 1035 426 1134 quod
445 1072 566 1115 nomen
587 1048 739 1136 Cratylus
757 1052 948 1118 Platonicus
970 1050 1060 1119 haud
1075 1050 1187 1139 inepte

71 1174 142 1216 cum
171 1150 362 1218 nominibus
385 1150 540 1238 temporis
563 1152 767 1217 determinati
791 1143 880 1240 ὧρος
901 1163 935 1220 et
955 1152 1029 1241 ὥρα
1051 1174 1186 1239 compo-

70 1276 145 1321 nere
172 1254 314 1321 videtur.
364 1253 528 1337 Equidem
554 1253 646 1340 prius
675 1256 841 1341 praeier03
871 1256 931 1321 sed
951 1265 1188 1341 utrumcunque

69 1357 199 1435 vicerit,
233 1366 320 1423 certe
346 1354 414 1421 iote
438 1356 614 1432 redundat3
639 1356 731 1441 quod
756 1358 786 1423 si
814 1378 891 1425 cum
914 1356 997 1441 ὅρος
1022 1357 1186 1436 cohaeret,
1224 1430 1232 1451 .

67 1458 189 1545 spiritu
231 1480 348 1546 aspero
389 1457 569 1525 notandum
599 1469 649 1525 est
684 1469 722 1525 ut
754 1459 882 1538 ἕεδνον,
923 1458 952 1525 si
989 1480 1064 1527 cnm
1100 1452 1188 1548 ὥρης

68 1554 188 1647 οὖρος,
211 1560 288 1627 leni.

151 1666 180 1747 ξ.
204 1664 235 1728 3.
278 1660 357 1727 Alia
386 1660 533 1745 quaestio
560 1672 611 1729 est
635 1663 677 1729 de
713 1663 782 1729 icta
811 1662 965 1730 consonis
990 1662 1186 1750 anteposito.

67 1764 190 1833 Strabo
218 1764 285 1831 IX.
312 1764 386 1830 437.
418 1764 459 1829 de
487 1763 616 1831 Ithome
637 1764 831 1832 Thessalica
857 1766 997 1852 loquens
1015 1766 1074 1855 τὴν
1092 1762 1188 1833 Ἰθώ-

66 1893 139 1953 μην,
160 1866 281 1952 inquit,
305 1858 346 1931 cil
371 1888 457 1953 φασι
480 1866 549 1932 δεῖν
574 1864 680 1945 οὕτως
703 1868 857 1955 ἐκφέρειν
873 1864 960 1935 ἀλλὰ
976 1867 1035 1956 τὴν
1052 1864 1189 1953 πρώτην

5 2036 7 2045 ,
66 1966 242 2057 συλλαβὴν
264 1960 441 2055 ἀφαιρεῖν·
463 1964 551 2034 οὕτω
570 1966 633 2052 γὰρ
655 1970 835 2036 καλεῖσθαι
858 1965 1034 2055 πρότερον,
1054 1967 1117 2035 hoc
1140 1978 1189 2033 est

66 2069 115 2135 vel
141 2066 274 2154 Θώμην
297 2077 448 2133 vocatam
476 2089 549 2135 esse
571 2078 609 2133 ut
626 2069 708 2137 EM.
728 2069 803 2145 470,
824 2068 855 2133 9.
883 2065 987 2156 Θώμη
1010 2066 1112 2147 πόλις
1132 2072 1188 2139 καὶ

64 2175 276 2258 πλεονασμῷ
291 2167 426 2256 Ἰθώμη,
448 2170 500 2235 vel
519 2169 700 2254 Θούμοιον,
722 2170 888 2256 quomodo
901 2169 1089 2257 Stephanus
1103 2171 1187 2237 hauc

63 2273 183 2338 urbem
211 2272 371 2357 appellari
398 2271 498 2337 tradit
525 2268 681 2361 ἀποβολῇ
715 2260 824 2341 tot]
852 2273 909 2340 καὶ
937 2278 1049 2362 τροπῇ
1078 2279 1140 2341 τοῦ
1154 2263 1188 2343 so

63 2373 108 2453 εἰς
138 2372 206 2460 τὴν
230 2360 281 2440 ο-ιν
309 2372 505 2458 δίφθογγον.
558 2372 625 2438 Hic
660 2372 761 2458 igitur
792 2372 995 2459 trisyllabum
1021 2375 1186 2461 antiquius

62 2498 134 2541 esec
168 2475 286 2541 statuit
293 2499 303 2552 ;
335 2473 454 2543 Strabo
485 2498 503 2541 e
532 2474 693 2540 contrario
720 2474 916 2560 bisyllabum
942 2477 1111 2563 anteponit
1136 2477 1187 2543 in·

62 2590 192 2643 certum
215 2598 283 2662 qua
302 2577 444 2654 ratione3
472 2600 548 2643 nam
573 2598 764 2662 graecorum
787 2578 981 2663 scriptorum
999 2579 1187 2663 antiquissi-

61 2704 131 2747 mus
151 2675 306 2763 Ἰθώμην
323 2689 428 2745 vocat.
473 2679 542 2747 Sed
562 2678 700 2745 fortasse
722 2680 769 2745 illi
787 2680 973 2745 innotuerat
992 2679 1106 2747 urbem
1127 2682 1186 2747 ali·

63 2799 108 2847 ter
131 2779 327 2865 nuncupari
350 2780 392 2845 eb
419 2781 583 2866 indigenis
609 2781 711 2866 idque
736 2782 780 2847 ad
800 2783 899 2847 iidem
919 2782 1103 2849 faciendam
1124 2808 1186 2870 pu·

62 2886 140 2949 tavit
164 2884 245 2970 plus
268 2882 395 2969 pollere
418 2905 516 2967 quam
537 2883 757 2949 testimonium
778 2894 911 2970 poetae,
932 2883 1085 2969 idemque
1107 2908 1187 2950 ana-

61 2988 172 3074 logiae
194 2984 447 3051 convenientius
459 2985 628 3069 judicavit.
664 2985 752 3049 Nam
766 2981 894 3074 Ἰθώμη
908 2986 1074 3051 intellectu
1089 2998 1186 3064 caret,

64 3092 170 3175 Θώμη
203 3110 287 3153 vero
323 3086 467 3153 concinit
497 3085 663 3151 vocabulis
697 3087 825 3152 usitatis
851 3085 973 3171 θοιμός
997 3097 1030 3153 et
1058 3089 1188 3173 θημών,

60 3214 147 3276 quae
173 3198 356 3276 aggestum
377 3199 409 3253 et
433 3198 664 3273 exaggeratum
685 3188 848 3268 indicant,
879 3190 944 3254 hoc
969 3199 1077 3257 autem
1107 3213 1186 3257 con·

59 3296 149 3359 venit
165 3292 264 3358 urbis
288 3290 376 3357 illius
401 3290 544 3376 epitheto
561 3289 727 3355 homerico
748 3289 988 3373 νλιομοκόεοσα
1010 3292 1077 3358 sive
1102 3319 1189 3377 apto-

61 3395 244 3477 μοικόοσοοι
267 3394 305 3458 id
328 3402 378 3457 est
394 3393 516 3458 clivosa
534 3402 566 3456 et
584 3392 780 3477 confragosa
798 3393 860 3469 vel,
884 3392 1063 3478 utPolybii
1081 3394 1188 3460 verbis

61 3510 143 3575 utar,
166 3495 277 3573 πόλις
301 3494 585 3582 πορικεκλοομένη
609 3494 665 3559 καὶ
685 3492 855 3580 βουνώδης
875 3495 940 3561 ΙΧ.
962 3497 1015 3573 21,
1032 3497 1061 3562 7.
1085 3496 1189 3563 idest

61 3599 227 3663 montium
256 3594 458 3661 anfractibus
485 3594 597 3660 incisa.
641 3596 817 3661 Praetereo
839 3597 903 3663 alia
922 3598 1069 3664 locorum
1089 3622 1187 3668 voca·

61 3700 148 3777 bula,
173 3720 323 3784 quorum
339 3706 470 3781 etymon
486 3696 632 3761 funditus
648 3696 827 3782 ignoratur,
839 3693 966 3766 'losada
988 3700 1066 3767 urbs
1080 3702 1189 3769 ionica

63 3815 94 3867 et
117 3803 235 3876 Σίνδοι,
255 3796 410 3865 ‘Iocasta
433 3807 465 3863 et
485 3798 616 3865 Σοονίο
637 3822 667 3863 v.
682 3797 863 3865 Bemhard.
887 3801 929 3865 ad
938 3802 1039 3869 Dion.
1063 3827 1097 3889 p.
1114 3805 1186 3871 885.

62 3904 184 3969 Miller.
208 3899 324 3967 Praei.
348 3899 392 3963 ad
411 3899 570 3965 Marcion.
596 3924 630 3987 p.
654 3901 715 3967 VI.
743 3901 925 3987 eademque
944 3904 1051 3970 Pania
1076 3929 1097 3970 a
1119 3906 1186 3973 Pa·

66 4005 161 4071 nibus
192 4003 324 4069 scilicet
354 4000 470 4066 Liberi
497 4002 598 4088 patris
627 3994 901 4071 commilitonibus
924 4006 958 4070 in
979 4006 1088 4072 Iberia
1111 4017 1189 4091 post

136 4244 166 4312 6)
177 4241 303 4299 Rossius
315 4239 346 4293 in
358 4239 432 4294 libro
445 4242 481 4294 de
495 4237 583 4294 demis
595 4240 682 4295 Attio.
694 4260 724 4311 p.
737 4240 778 4294 35.
791 4243 907 4295 eosdem
926 4256 987 4294 esse
1004 4246 1086 4311 putat
1103 4238 1190 4318 ἀκρο.

65 4327 192 4401 φύλακος
203 4328 234 4383 in
248 4327 342 4383 Inscr.
354 4326 392 4383 X.
404 4324 561 4383 nominatos
576 4328 604 4381 h.
623 4344 648 4382 e.
662 4325 790 4399 φύλακος
801 4331 845 4396 τῆς
856 4323 1039 4403 ἀκροπόλεως.
