<?xml version="1.0" encoding="UTF-8"?>
<!DOCTYPE html PUBLIC "-//W3C//DTD XHTML 1.0 Transitional//EN"
    "http://www.w3.org/TR/xhtml1/DTD/xhtml1-transitional.dtd">
<html xmlns="http://www.w3.org/1999/xhtml" xml:lang="en" lang="en">
 <head>
  <title>
</title>
<meta http-equiv="Content-Type" content="text/html;charset=utf-8" />
  <meta name='ocr-system' content='tesseract 3.04.00' />
  <meta name='ocr-capabilities' content='ocr_page ocr_carea ocr_par ocr_line ocrx_word'/>
</head>
<body>
  <div class='ocr_page' id='page_1' title='image "./pathologiaegrae01lobegoog/pathologiaegrae01lobegoog_0699.png"; bbox 0 0 2825 4809; ppageno 0'>
   <div class='ocr_carea' id='block_1_1' title="bbox 127 285 1176 379">
    <p class='ocr_par' dir='ltr' id='par_1_1' title="bbox 127 285 1176 379">
     <span class='ocr_line' id='line_1_1' title="bbox 127 285 1176 379; baseline -0.007 -13"><span class='ocrx_word' id='word_1_1' title='bbox 127 293 186 367; x_wconf 79' lang='lat' dir='ltr'><strong>DE</strong></span> <span class='ocrx_word' id='word_1_2' title='bbox 202 287 471 373; x_wconf 76' lang='lat' dir='ltr'>PARA&#39;THESI</span> <span class='ocrx_word' id='word_1_3' title='bbox 488 287 550 364; x_wconf 76' lang='grc' dir='ltr'><strong>ΕΤ</strong></span> <span class='ocrx_word' id='word_1_4' title='bbox 570 285 848 376; x_wconf 67' lang='lat' dir='ltr'><strong>scalenum.</strong></span> <span class='ocrx_word' id='word_1_5' title='bbox 875 287 914 360; x_wconf 82' lang='lat' dir='ltr'><strong>C.</strong></span> <span class='ocrx_word' id='word_1_6' title='bbox 926 285 990 358; x_wconf 91' lang='lat'><strong>111.</strong></span> <span class='ocrx_word' id='word_1_7' title='bbox 1009 293 1034 379; x_wconf 67' lang='grc' dir='ltr'><strong>ξ.</strong></span> <span class='ocrx_word' id='word_1_8' title='bbox 1042 293 1073 358; x_wconf 91' lang='grc'><strong>4.</strong></span> <span class='ocrx_word' id='word_1_9' title='bbox 1103 290 1176 375; x_wconf 79' lang='grc'><strong>595</strong></span> 
     </span>
    </p>
   </div>
   <div class='ocr_carea' id='block_1_2' title="bbox 79 474 1180 872">
    <p class='ocr_par' dir='ltr' id='par_1_2' title="bbox 79 474 1180 872">
     <span class='ocr_line' id='line_1_2' title="bbox 80 474 1178 576; baseline 0.001 -30"><span class='ocrx_word' id='word_1_10' title='bbox 80 482 167 576; x_wconf 52' lang='lat' dir='ltr'><strong>ussup,</strong></span> <span class='ocrx_word' id='word_1_11' title='bbox 196 481 246 546; x_wconf 90' lang='lat' dir='ltr'><strong>eui</strong></span> <span class='ocrx_word' id='word_1_12' title='bbox 268 480 524 568; x_wconf 82' lang='lat' dir='ltr'><strong>proximumest</strong></span> <span class='ocrx_word' id='word_1_13' title='bbox 545 474 757 568; x_wconf 70' lang='grc' dir='ltr'><strong>ἀγαιομένη.</strong></span> <span class='ocrx_word' id='word_1_14' title='bbox 802 477 871 546; x_wconf 86' lang='lat' dir='ltr'><strong>Cur</strong></span> <span class='ocrx_word' id='word_1_15' title='bbox 889 501 966 547; x_wconf 84' lang='lat' dir='ltr'><strong>vero</strong></span> <span class='ocrx_word' id='word_1_16' title='bbox 994 479 1028 544; x_wconf 90' lang='lat' dir='ltr'><strong>in</strong></span> <span class='ocrx_word' id='word_1_17' title='bbox 1050 478 1089 544; x_wconf 92' lang='lat' dir='ltr'><strong>Il.</strong></span> <span class='ocrx_word' id='word_1_18' title='bbox 1112 478 1178 547; x_wconf 87' lang='grc' dir='ltr'><strong>ΠΙ.</strong></span> 
     </span>
     <span class='ocr_line' id='line_1_3' title="bbox 80 576 1180 670; baseline -0.005 -18"><span class='ocrx_word' id='word_1_19' title='bbox 80 584 144 652; x_wconf 80' lang='grc'><strong>375.</strong></span> <span class='ocrx_word' id='word_1_20' title='bbox 167 581 284 664; x_wconf 76' lang='grc' dir='ltr'><strong><em>ἱμάντα</em></strong></span> <span class='ocrx_word' id='word_1_21' title='bbox 303 583 385 667; x_wconf 80' lang='grc' dir='ltr'><strong><em>βοὸς</em></strong></span> <span class='ocrx_word' id='word_1_22' title='bbox 404 576 458 670; x_wconf 79' lang='grc' dir='ltr'><strong>ἶφι</strong></span> <span class='ocrx_word' id='word_1_23' title='bbox 480 582 668 666; x_wconf 81' lang='grc' dir='ltr'><strong><em>κταμένοιο,</em></strong></span> <span class='ocrx_word' id='word_1_24' title='bbox 693 582 784 666; x_wconf 92' lang='lat' dir='ltr'><strong>quod</strong></span> <span class='ocrx_word' id='word_1_25' title='bbox 803 604 872 648; x_wconf 87' lang='lat' dir='ltr'><strong>non</strong></span> <span class='ocrx_word' id='word_1_26' title='bbox 890 580 1098 668; x_wconf 78' lang='lat' dir='ltr'><strong>participium</strong></span> <span class='ocrx_word' id='word_1_27' title='bbox 1120 582 1180 647; x_wconf 90' lang='lat' dir='ltr'><strong>sed</strong></span> 
     </span>
     <span class='ocr_line' id='line_1_4' title="bbox 80 679 1178 772; baseline -0.003 -20"><span class='ocrx_word' id='word_1_28' title='bbox 80 683 237 772; x_wconf 78' lang='lat' dir='ltr'><strong>epitheton</strong></span> <span class='ocrx_word' id='word_1_29' title='bbox 262 694 311 748; x_wconf 84' lang='lat' dir='ltr'><strong>est</strong></span> <span class='ocrx_word' id='word_1_30' title='bbox 337 695 374 748; x_wconf 92' lang='lat' dir='ltr'><strong>ut</strong></span> <span class='ocrx_word' id='word_1_31' title='bbox 401 679 633 766; x_wconf 79' lang='grc' dir='ltr'><strong><em>δαϊκοάμενος,</em></strong></span> <span class='ocrx_word' id='word_1_32' title='bbox 658 682 739 748; x_wconf 90' lang='lat' dir='ltr'><strong>nulli</strong></span> <span class='ocrx_word' id='word_1_33' title='bbox 760 683 939 749; x_wconf 73' lang='lat' dir='ltr'><strong>collibitum</strong></span> <span class='ocrx_word' id='word_1_34' title='bbox 961 683 1003 748; x_wconf 91' lang='lat' dir='ltr'><strong>sit</strong></span> <span class='ocrx_word' id='word_1_35' title='bbox 1030 706 1071 749; x_wconf 81' lang='lat' dir='ltr'><strong>ex</strong></span> <span class='ocrx_word' id='word_1_36' title='bbox 1095 683 1178 750; x_wconf 91' lang='lat' dir='ltr'><strong>duo-</strong></span> 
     </span>
     <span class='ocr_line' id='line_1_5' title="bbox 79 784 1179 872; baseline -0.001 -19"><span class='ocrx_word' id='word_1_37' title='bbox 79 788 134 853; x_wconf 88' lang='lat' dir='ltr'><strong>bus</strong></span> <span class='ocrx_word' id='word_1_38' title='bbox 153 809 251 850; x_wconf 87' lang='lat' dir='ltr'><strong>unum</strong></span> <span class='ocrx_word' id='word_1_39' title='bbox 272 785 390 864; x_wconf 62' lang='lat' dir='ltr'><strong>facere,</strong></span> <span class='ocrx_word' id='word_1_40' title='bbox 414 784 497 852; x_wconf 89' lang='lat' dir='ltr'><strong>hanc</strong></span> <span class='ocrx_word' id='word_1_41' title='bbox 517 784 618 848; x_wconf 87' lang='lat' dir='ltr'><strong>fuisse</strong></span> <span class='ocrx_word' id='word_1_42' title='bbox 640 785 791 872; x_wconf 90' lang='lat' dir='ltr'><strong>suspicor</strong></span> <span class='ocrx_word' id='word_1_43' title='bbox 812 809 944 869; x_wconf 82' lang='lat' dir='ltr'><strong>causam</strong></span> <span class='ocrx_word' id='word_1_44' title='bbox 965 786 1057 871; x_wconf 90' lang='lat' dir='ltr'><strong>quod</strong></span> <span class='ocrx_word' id='word_1_45' title='bbox 1079 785 1179 872; x_wconf 87' lang='lat' dir='ltr'><strong>pleri·</strong></span> 
     </span>
    </p>
   </div>
   <div class='ocr_carea' id='block_1_3' title="bbox 79 881 1299 975">
    <p class='ocr_par' dir='ltr' id='par_1_3' title="bbox 79 881 1299 975">
     <span class='ocr_line' id='line_1_6' title="bbox 79 881 1299 975; baseline -0.002 -21"><span class='ocrx_word' id='word_1_46' title='bbox 79 911 135 974; x_wconf 92' lang='lat' dir='ltr'><strong>que</strong></span> <span class='ocrx_word' id='word_1_47' title='bbox 157 909 268 958; x_wconf 87' lang='lat' dir='ltr'><strong>omnes</strong></span> <span class='ocrx_word' id='word_1_48' title='bbox 290 881 345 974; x_wconf 83' lang='grc' dir='ltr'><strong>ἶφι</strong></span> <span class='ocrx_word' id='word_1_49' title='bbox 361 909 493 966; x_wconf 76' lang='grc' dir='ltr'><strong>Ιοοιοοττ</strong></span> <span class='ocrx_word' id='word_1_50' title='bbox 517 909 588 952; x_wconf 91' lang='lat' dir='ltr'><strong>esse</strong></span> <span class='ocrx_word' id='word_1_51' title='bbox 610 897 762 974; x_wconf 87' lang='lat' dir='ltr'><strong>putarent</strong></span> <span class='ocrx_word' id='word_1_52' title='bbox 782 909 823 952; x_wconf 87' lang='lat' dir='ltr'><strong>ex</strong></span> <span class='ocrx_word' id='word_1_53' title='bbox 847 883 942 975; x_wconf 82' lang='grc' dir='ltr'><strong><em>ὶνόφι</em></strong></span> <span class='ocrx_word' id='word_1_54' title='bbox 968 898 1178 959; x_wconf 86' lang='lat' dir='ltr'><strong>contractum.</strong></span> <span class='ocrx_word' id='word_1_55' title='bbox 1296 888 1299 897; x_wconf 81' lang='grc'><strong>“</strong></span> 
     </span>
    </p>
   </div>
   <div class='ocr_carea' id='block_1_4' title="bbox 51 987 1245 3926">
    <p class='ocr_par' dir='ltr' id='par_1_4' title="bbox 76 987 1181 1371">
     <span class='ocr_line' id='line_1_7' title="bbox 76 987 1181 1074; baseline -0.003 -18"><span class='ocrx_word' id='word_1_56' title='bbox 76 987 308 1056; x_wconf 86' lang='lat' dir='ltr'><strong>Adverbiorum</strong></span> <span class='ocrx_word' id='word_1_57' title='bbox 343 989 377 1052; x_wconf 89' lang='lat' dir='ltr'><strong>in</strong></span> <span class='ocrx_word' id='word_1_58' title='bbox 410 988 575 1074; x_wconf 83' lang='lat' dir='ltr'><strong>duplicem</strong></span> <span class='ocrx_word' id='word_1_59' title='bbox 607 989 794 1054; x_wconf 87' lang='lat' dir='ltr'><strong>exeuntium</strong></span> <span class='ocrx_word' id='word_1_60' title='bbox 827 989 890 1054; x_wconf 88' lang='lat' dir='ltr'><strong>tria</strong></span> <span class='ocrx_word' id='word_1_61' title='bbox 923 987 1075 1072; x_wconf 80' lang='lat' dir='ltr'><strong>syntheta</strong></span> <span class='ocrx_word' id='word_1_62' title='bbox 1104 1001 1181 1057; x_wconf 88' lang='lat' dir='ltr'><strong>sunt</strong></span> 
     </span>
     <span class='ocr_line' id='line_1_8' title="bbox 76 1087 1180 1181; baseline 0.002 -25"><span class='ocrx_word' id='word_1_63' title='bbox 76 1088 241 1177; x_wconf 78' lang='grc' dir='ltr'><em>πυγμάχος</em></span> <span class='ocrx_word' id='word_1_64' title='bbox 266 1089 329 1154; x_wconf 92' lang='lat' dir='ltr'><strong>hoc</strong></span> <span class='ocrx_word' id='word_1_65' title='bbox 354 1099 403 1154; x_wconf 89' lang='lat' dir='ltr'><strong>est</strong></span> <span class='ocrx_word' id='word_1_66' title='bbox 427 1089 494 1169; x_wconf 79' lang='grc' dir='ltr'><strong><em>ιιὺξ</em></strong></span> <span class='ocrx_word' id='word_1_67' title='bbox 513 1087 716 1174; x_wconf 83' lang='grc' dir='ltr'><strong><em>μαχόμενος,</em></strong></span> <span class='ocrx_word' id='word_1_68' title='bbox 746 1090 981 1177; x_wconf 56' lang='grc' dir='ltr'><strong>λάμβαιονῖθ)</strong></span> <span class='ocrx_word' id='word_1_69' title='bbox 1011 1101 1044 1156; x_wconf 87' lang='lat' dir='ltr'><strong>et</strong></span> <span class='ocrx_word' id='word_1_70' title='bbox 1068 1088 1180 1181; x_wconf 78' lang='grc' dir='ltr'><strong><em>μαψί-</em></strong></span> 
     </span>
     <span class='ocr_line' id='line_1_9' title="bbox 76 1187 1181 1282; baseline -0.002 -24"><span class='ocrx_word' id='word_1_71' title='bbox 76 1193 177 1275; x_wconf 78' lang='grc' dir='ltr'><strong><em>λομος,</em></strong></span> <span class='ocrx_word' id='word_1_72' title='bbox 197 1192 258 1254; x_wconf 91' lang='lat' dir='ltr'><strong>sed</strong></span> <span class='ocrx_word' id='word_1_73' title='bbox 277 1191 442 1276; x_wconf 83' lang='lat' dir='ltr'><strong>dubitatur</strong></span> <span class='ocrx_word' id='word_1_74' title='bbox 461 1191 501 1256; x_wconf 90' lang='lat' dir='ltr'><strong>de</strong></span> <span class='ocrx_word' id='word_1_75' title='bbox 521 1189 724 1256; x_wconf 89' lang='lat' dir='ltr'><strong>substantivo</strong></span> <span class='ocrx_word' id='word_1_76' title='bbox 740 1187 920 1282; x_wconf 83' lang='grc' dir='ltr'><strong><em>μαψαύρα,</em></strong></span> <span class='ocrx_word' id='word_1_77' title='bbox 939 1214 1050 1258; x_wconf 90' lang='lat' dir='ltr'><strong>unone</strong></span> <span class='ocrx_word' id='word_1_78' title='bbox 1068 1202 1181 1258; x_wconf 83' lang='lat' dir='ltr'><strong>tenore</strong></span> 
     </span>
     <span class='ocr_line' id='line_1_10' title="bbox 77 1290 1041 1371; baseline 0 -13"><span class='ocrx_word' id='word_1_79' title='bbox 77 1290 276 1359; x_wconf 89' lang='lat' dir='ltr'><strong>scribendum</strong></span> <span class='ocrx_word' id='word_1_80' title='bbox 299 1294 341 1358; x_wconf 89' lang='lat' dir='ltr'><strong>sit</strong></span> <span class='ocrx_word' id='word_1_81' title='bbox 363 1316 404 1360; x_wconf 91' lang='lat' dir='ltr'><strong>an</strong></span> <span class='ocrx_word' id='word_1_82' title='bbox 426 1292 613 1358; x_wconf 88' lang='lat' dir='ltr'><strong>accentibus</strong></span> <span class='ocrx_word' id='word_1_83' title='bbox 636 1293 772 1358; x_wconf 87' lang='lat' dir='ltr'><strong>diversis</strong></span> <span class='ocrx_word' id='word_1_84' title='bbox 793 1317 823 1359; x_wconf 89' lang='lat' dir='ltr'><strong>v.</strong></span> <span class='ocrx_word' id='word_1_85' title='bbox 844 1293 1041 1371; x_wconf 61' lang='lat' dir='ltr'><strong>Pronoea</strong></span> 
     </span>
    </p>

    <p class='ocr_par' dir='ltr' id='par_1_5' title="bbox 51 1394 1245 3926">
     <span class='ocr_line' id='line_1_11' title="bbox 151 1394 1180 1484; baseline 0 -24"><span class='ocrx_word' id='word_1_86' title='bbox 151 1397 175 1479; x_wconf 64' lang='grc' dir='ltr'><strong>ξ.</strong></span> <span class='ocrx_word' id='word_1_87' title='bbox 198 1396 231 1462; x_wconf 86' lang='grc'><strong>4.</strong></span> <span class='ocrx_word' id='word_1_88' title='bbox 274 1394 544 1474; x_wconf 90' lang='lat' dir='ltr'><strong>Declinabilium‚</strong></span> <span class='ocrx_word' id='word_1_89' title='bbox 573 1418 753 1482; x_wconf 88' lang='lat' dir='ltr'><strong>quaecum</strong></span> <span class='ocrx_word' id='word_1_90' title='bbox 776 1395 1076 1484; x_wconf 88' lang='lat' dir='ltr'><strong>praepositionibus</strong></span> <span class='ocrx_word' id='word_1_91' title='bbox 1102 1417 1180 1460; x_wconf 92' lang='lat' dir='ltr'><strong>con-</strong></span> 
     </span>
     <span class='ocr_line' id='line_1_12' title="bbox 70 1497 1184 1584; baseline 0.003 -24"><span class='ocrx_word' id='word_1_92' title='bbox 70 1497 263 1582; x_wconf 74' lang='lat' dir='ltr'><strong>jungtmtur,</strong></span> <span class='ocrx_word' id='word_1_93' title='bbox 297 1521 419 1584; x_wconf 84' lang='lat' dir='ltr'><strong>genera</strong></span> <span class='ocrx_word' id='word_1_94' title='bbox 452 1509 591 1584; x_wconf 87' lang='lat' dir='ltr'><strong>quatuor</strong></span> <span class='ocrx_word' id='word_1_95' title='bbox 620 1509 718 1576; x_wconf 89' lang='lat' dir='ltr'><strong>sunt,</strong></span> <span class='ocrx_word' id='word_1_96' title='bbox 752 1497 973 1575; x_wconf 86' lang='lat' dir='ltr'><strong>substantiva,</strong></span> <span class='ocrx_word' id='word_1_97' title='bbox 1007 1499 1184 1583; x_wconf 77' lang='lat' dir='ltr'><strong>adjectiva,</strong></span> 
     </span>
     <span class='ocr_line' id='line_1_13' title="bbox 72 1598 1184 1687; baseline 0.002 -23"><span class='ocrx_word' id='word_1_98' title='bbox 72 1598 263 1678; x_wconf 85' lang='lat' dir='ltr'><strong>numeralia,</strong></span> <span class='ocrx_word' id='word_1_99' title='bbox 286 1601 480 1686; x_wconf 87' lang='lat' dir='ltr'><strong>pronomina</strong></span> <span class='ocrx_word' id='word_1_100' title='bbox 501 1601 645 1675; x_wconf 77' lang='lat' dir='ltr'><strong>relativa.</strong></span> <span class='ocrx_word' id='word_1_101' title='bbox 685 1602 742 1668; x_wconf 93' lang='lat' dir='ltr'><strong>De</strong></span> <span class='ocrx_word' id='word_1_102' title='bbox 762 1600 814 1666; x_wconf 91' lang='lat' dir='ltr'><strong>his</strong></span> <span class='ocrx_word' id='word_1_103' title='bbox 837 1600 973 1687; x_wconf 85' lang='lat' dir='ltr'><strong>singulis</strong></span> <span class='ocrx_word' id='word_1_104' title='bbox 997 1600 1103 1666; x_wconf 86' lang='lat' dir='ltr'><strong>dicam</strong></span> <span class='ocrx_word' id='word_1_105' title='bbox 1123 1601 1184 1666; x_wconf 90' lang='lat' dir='ltr'><strong>sed</strong></span> 
     </span>
     <span class='ocr_line' id='line_1_14' title="bbox 72 1699 1182 1790; baseline 0.003 -25"><span class='ocrx_word' id='word_1_106' title='bbox 72 1699 193 1766; x_wconf 88' lang='lat' dir='ltr'><strong>brevius</strong></span> <span class='ocrx_word' id='word_1_107' title='bbox 229 1723 327 1786; x_wconf 89' lang='lat' dir='ltr'><strong>quam</strong></span> <span class='ocrx_word' id='word_1_108' title='bbox 360 1725 421 1790; x_wconf 91' lang='lat' dir='ltr'><strong>pro</strong></span> <span class='ocrx_word' id='word_1_109' title='bbox 452 1703 549 1790; x_wconf 86' lang='lat' dir='ltr'><strong>copia</strong></span> <span class='ocrx_word' id='word_1_110' title='bbox 580 1726 687 1770; x_wconf 88' lang='lat' dir='ltr'><strong>rerum</strong></span> <span class='ocrx_word' id='word_1_111' title='bbox 718 1726 802 1788; x_wconf 89' lang='lat' dir='ltr'><strong>quae</strong></span> <span class='ocrx_word' id='word_1_112' title='bbox 833 1725 938 1790; x_wconf 90' lang='lat' dir='ltr'><strong>paene</strong></span> <span class='ocrx_word' id='word_1_113' title='bbox 967 1701 1094 1768; x_wconf 85' lang='lat' dir='ltr'><strong>infinita</strong></span> <span class='ocrx_word' id='word_1_114' title='bbox 1122 1713 1182 1768; x_wconf 76' lang='lat' dir='ltr'><strong>est.</strong></span> 
     </span>
     <span class='ocr_line' id='line_1_15' title="bbox 70 1793 1181 1890; baseline 0.001 -22"><span class='ocrx_word' id='word_1_115' title='bbox 70 1801 310 1890; x_wconf 90' lang='lat' dir='ltr'><strong>Moschopulus</strong></span> <span class='ocrx_word' id='word_1_116' title='bbox 335 1803 369 1870; x_wconf 91' lang='lat' dir='ltr'><strong>in</strong></span> <span class='ocrx_word' id='word_1_117' title='bbox 391 1806 632 1880; x_wconf 75' lang='lat' dir='ltr'><strong>enumeratione</strong></span> <span class='ocrx_word' id='word_1_118' title='bbox 653 1805 880 1875; x_wconf 78' lang='lat' dir='ltr'><strong>adverbiorum</strong></span> <span class='ocrx_word' id='word_1_119' title='bbox 902 1826 987 1890; x_wconf 87' lang='lat' dir='ltr'><strong>quae</strong></span> <span class='ocrx_word' id='word_1_120' title='bbox 1008 1793 1100 1884; x_wconf 67' lang='lat' dir='ltr'><strong>inb}</strong></span> <span class='ocrx_word' id='word_1_121' title='bbox 1124 1827 1181 1870; x_wconf 81' lang='lat' dir='ltr'><strong>ex-</strong></span> 
     </span>
     <span class='ocr_line' id='line_1_16' title="bbox 71 1903 1239 1996; baseline 0.005 -28"><span class='ocrx_word' id='word_1_122' title='bbox 71 1914 143 1971; x_wconf 88' lang='lat' dir='ltr'><strong>eunt</strong></span> <span class='ocrx_word' id='word_1_123' title='bbox 168 1905 293 1974; x_wconf 87' lang='lat' dir='ltr'><strong>Sched.</strong></span> <span class='ocrx_word' id='word_1_124' title='bbox 322 1929 355 1992; x_wconf 90' lang='lat' dir='ltr'><strong>p.</strong></span> <span class='ocrx_word' id='word_1_125' title='bbox 380 1907 430 1972; x_wconf 85' lang='grc'><strong>19.</strong></span> <span class='ocrx_word' id='word_1_126' title='bbox 462 1907 553 1972; x_wconf 84' lang='lat' dir='ltr'><strong>affert</strong></span> <span class='ocrx_word' id='word_1_127' title='bbox 584 1907 680 1972; x_wconf 89' lang='lat' dir='ltr'><strong>etiam</strong></span> <span class='ocrx_word' id='word_1_128' title='bbox 706 1903 892 1996; x_wconf 67' lang='lat' dir='ltr'><strong>decapoleos</strong></span> <span class='ocrx_word' id='word_1_129' title='bbox 921 1903 994 1974; x_wconf 79' lang='grc' dir='ltr'><strong><em>ἀντὶ</em></strong></span> <span class='ocrx_word' id='word_1_130' title='bbox 1021 1910 1079 1974; x_wconf 76' lang='grc' dir='ltr'><strong>τοῦ</strong></span> <span class='ocrx_word' id='word_1_131' title='bbox 1108 1907 1183 1975; x_wconf 78' lang='grc' dir='ltr'><strong><em>λίαν</em></strong></span> <span class='ocrx_word' id='word_1_132' title='bbox 1234 1944 1239 1949; x_wconf 89' lang='grc'><em>·</em></span> 
     </span>
     <span class='ocr_line' id='line_1_17' title="bbox 68 2005 1218 2097; baseline 0.003 -29"><span class='ocrx_word' id='word_1_133' title='bbox 68 2005 121 2072; x_wconf 81' lang='grc' dir='ltr'><strong><em>καί</em></strong></span> <span class='ocrx_word' id='word_1_134' title='bbox 138 2005 365 2095; x_wconf 61' lang='lat' dir='ltr'><strong>concaptivos,</strong></span> <span class='ocrx_word' id='word_1_135' title='bbox 382 2009 467 2074; x_wconf 79' lang='grc' dir='ltr'><strong><em>κατὰ</em></strong></span> <span class='ocrx_word' id='word_1_136' title='bbox 485 2009 614 2097; x_wconf 65' lang='grc' dir='ltr'><strong><em>πολλὴν</em></strong></span> <span class='ocrx_word' id='word_1_137' title='bbox 631 2007 793 2088; x_wconf 75' lang='grc' dir='ltr'><strong><em>ἐξουσίαν,</em></strong></span> <span class='ocrx_word' id='word_1_138' title='bbox 810 2007 929 2095; x_wconf 91' lang='lat' dir='ltr'><strong>quibus</strong></span> <span class='ocrx_word' id='word_1_139' title='bbox 947 2008 1075 2075; x_wconf 87' lang='lat' dir='ltr'><strong>tertium</strong></span> <span class='ocrx_word' id='word_1_140' title='bbox 1091 2007 1184 2076; x_wconf 81' lang='lat' dir='ltr'><strong>addit</strong></span> <span class='ocrx_word' id='word_1_141' title='bbox 1214 2039 1218 2042; x_wconf 49' lang='lat'>²</span> 
     </span>
     <span class='ocr_line' id='line_1_18' title="bbox 69 2107 1184 2200; baseline 0.005 -26"><span class='ocrx_word' id='word_1_142' title='bbox 69 2107 185 2174; x_wconf 85' lang='lat' dir='ltr'><strong>Suidas</strong></span> <span class='ocrx_word' id='word_1_143' title='bbox 210 2111 413 2195; x_wconf 82' lang='grc' dir='ltr'><strong><em>Καταμέρος</em></strong></span> <span class='ocrx_word' id='word_1_144' title='bbox 439 2110 625 2200; x_wconf 70' lang='grc' dir='ltr'><strong><em>ἐπίρρημα,</em></strong></span> <span class='ocrx_word' id='word_1_145' title='bbox 650 2133 712 2176; x_wconf 90' lang='lat' dir='ltr'><strong>nec</strong></span> <span class='ocrx_word' id='word_1_146' title='bbox 739 2110 874 2176; x_wconf 91' lang='lat' dir='ltr'><strong>dubium</strong></span> <span class='ocrx_word' id='word_1_147' title='bbox 898 2110 978 2195; x_wconf 89' lang='lat' dir='ltr'><strong>quin</strong></span> <span class='ocrx_word' id='word_1_148' title='bbox 997 2111 1045 2178; x_wconf 93' lang='lat' dir='ltr'><strong>illi</strong></span> <span class='ocrx_word' id='word_1_149' title='bbox 1067 2111 1184 2180; x_wconf 81' lang='lat' dir='ltr'><strong>eodem</strong></span> 
     </span>
     <span class='ocr_line' id='line_1_19' title="bbox 66 2208 1184 2299; baseline 0.008 -27"><span class='ocrx_word' id='word_1_150' title='bbox 66 2209 135 2274; x_wconf 94' lang='lat' dir='ltr'><strong>loco</strong></span> <span class='ocrx_word' id='word_1_151' title='bbox 158 2209 337 2296; x_wconf 83' lang='lat' dir='ltr'><strong>habuerint</strong></span> <span class='ocrx_word' id='word_1_152' title='bbox 358 2233 442 2296; x_wconf 89' lang='lat' dir='ltr'><strong>quae</strong></span> <span class='ocrx_word' id='word_1_153' title='bbox 463 2233 551 2277; x_wconf 90' lang='lat' dir='ltr'><strong>nuno</strong></span> <span class='ocrx_word' id='word_1_154' title='bbox 573 2213 750 2299; x_wconf 85' lang='lat' dir='ltr'><strong>separatim</strong></span> <span class='ocrx_word' id='word_1_155' title='bbox 773 2213 957 2278; x_wconf 88' lang='lat' dir='ltr'><strong>scribuntur</strong></span> <span class='ocrx_word' id='word_1_156' title='bbox 979 2208 1042 2281; x_wconf 79' lang='grc' dir='ltr'><strong>ἀνὰ</strong></span> <span class='ocrx_word' id='word_1_157' title='bbox 1062 2209 1184 2297; x_wconf 80' lang='grc' dir='ltr'><strong><em>κράτος</em></strong></span> 
     </span>
     <span class='ocr_line' id='line_1_20' title="bbox 66 2307 1182 2400; baseline 0 -22"><span class='ocrx_word' id='word_1_158' title='bbox 66 2311 193 2378; x_wconf 86' lang='lat' dir='ltr'><strong>Aelian.</strong></span> <span class='ocrx_word' id='word_1_159' title='bbox 224 2314 269 2380; x_wconf 89' lang='lat' dir='ltr'><strong>V.</strong></span> <span class='ocrx_word' id='word_1_160' title='bbox 302 2313 348 2378; x_wconf 94' lang='grc' dir='ltr'><strong>Η.</strong></span> <span class='ocrx_word' id='word_1_161' title='bbox 377 2313 472 2381; x_wconf 91' lang='lat' dir='ltr'>VIII.</span> <span class='ocrx_word' id='word_1_162' title='bbox 504 2315 554 2380; x_wconf 87' lang='grc'><strong>13.</strong></span> <span class='ocrx_word' id='word_1_163' title='bbox 588 2307 651 2382; x_wconf 78' lang='lat' dir='ltr'><strong>cinei</strong></span> <span class='ocrx_word' id='word_1_164' title='bbox 685 2315 789 2400; x_wconf 79' lang='grc' dir='ltr'><strong><em>μέρος</em></strong></span> <span class='ocrx_word' id='word_1_165' title='bbox 821 2314 940 2400; x_wconf 87' lang='lat' dir='ltr'><strong>Polyb.</strong></span> <span class='ocrx_word' id='word_1_166' title='bbox 968 2314 1016 2380; x_wconf 90' lang='lat' dir='ltr'><strong>H.</strong></span> <span class='ocrx_word' id='word_1_167' title='bbox 1045 2314 1104 2392; x_wconf 82' lang='lat'><strong>20,</strong></span> <span class='ocrx_word' id='word_1_168' title='bbox 1132 2314 1182 2381; x_wconf 91' lang='grc'><strong>10.</strong></span> 
     </span>
     <span class='ocr_line' id='line_1_21' title="bbox 64 2413 1182 2502; baseline 0.004 -24"><span class='ocrx_word' id='word_1_169' title='bbox 64 2413 162 2480; x_wconf 89' lang='lat' dir='ltr'><strong>Paus.</strong></span> <span class='ocrx_word' id='word_1_170' title='bbox 185 2414 238 2480; x_wconf 93' lang='lat' dir='ltr'><strong>X.</strong></span> <span class='ocrx_word' id='word_1_171' title='bbox 264 2414 295 2492; x_wconf 85' lang='lat'><strong>8,</strong></span> <span class='ocrx_word' id='word_1_172' title='bbox 318 2417 350 2480; x_wconf 88' lang='lat'><strong>3.</strong></span> <span class='ocrx_word' id='word_1_173' title='bbox 375 2413 497 2481; x_wconf 82' lang='lat' dir='ltr'><strong>Athen.</strong></span> <span class='ocrx_word' id='word_1_174' title='bbox 519 2417 547 2482; x_wconf 90' lang='grc' dir='ltr'><strong>Ι.</strong></span> <span class='ocrx_word' id='word_1_175' title='bbox 572 2417 622 2482; x_wconf 89' lang='grc'><strong>16.</strong></span> <span class='ocrx_word' id='word_1_176' title='bbox 646 2418 689 2482; x_wconf 88' lang='lat' dir='ltr'><strong>A.</strong></span> <span class='ocrx_word' id='word_1_177' title='bbox 713 2417 809 2501; x_wconf 79' lang='grc' dir='ltr'><strong><em>παρὰ</em></strong></span> <span class='ocrx_word' id='word_1_178' title='bbox 834 2415 939 2502; x_wconf 82' lang='grc' dir='ltr'><strong><em>μέρος</em></strong></span> <span class='ocrx_word' id='word_1_179' title='bbox 959 2419 1084 2483; x_wconf 85' lang='lat' dir='ltr'><strong>Antan.</strong></span> <span class='ocrx_word' id='word_1_180' title='bbox 1103 2414 1182 2488; x_wconf 84' lang='lat' dir='ltr'><strong>Lib.</strong></span> 
     </span>
     <span class='ocr_line' id='line_1_22' title="bbox 65 2515 1185 2604; baseline 0.004 -23"><span class='ocrx_word' id='word_1_181' title='bbox 65 2538 90 2581; x_wconf 90' lang='lat' dir='ltr'><strong>e.</strong></span> <span class='ocrx_word' id='word_1_182' title='bbox 112 2517 165 2582; x_wconf 88' lang='grc'><strong>30.</strong></span> <span class='ocrx_word' id='word_1_183' title='bbox 190 2526 257 2582; x_wconf 86' lang='lat' dir='ltr'><strong>eto.</strong></span> <span class='ocrx_word' id='word_1_184' title='bbox 285 2516 344 2582; x_wconf 87' lang='lat' dir='ltr'><strong>sed</strong></span> <span class='ocrx_word' id='word_1_185' title='bbox 371 2516 405 2580; x_wconf 90' lang='lat' dir='ltr'><strong>in</strong></span> <span class='ocrx_word' id='word_1_186' title='bbox 431 2516 528 2582; x_wconf 85' lang='lat' dir='ltr'><strong>codd.</strong></span> <span class='ocrx_word' id='word_1_187' title='bbox 551 2539 652 2604; x_wconf 82' lang='lat' dir='ltr'><strong>saepe</strong></span> <span class='ocrx_word' id='word_1_188' title='bbox 674 2519 847 2602; x_wconf 84' lang='lat' dir='ltr'><strong>conjuncta</strong></span> <span class='ocrx_word' id='word_1_189' title='bbox 871 2528 949 2582; x_wconf 90' lang='lat' dir='ltr'><strong>sunt</strong></span> <span class='ocrx_word' id='word_1_190' title='bbox 974 2515 1185 2601; x_wconf 79' lang='grc' dir='ltr'><strong><em>κατακράτος</em></strong></span> 
     </span>
     <span class='ocr_line' id='line_1_23' title="bbox 61 2616 1183 2706; baseline 0.003 -25"><span class='ocrx_word' id='word_1_191' title='bbox 61 2641 89 2684; x_wconf 84' lang='lat' dir='ltr'><strong>v.</strong></span> <span class='ocrx_word' id='word_1_192' title='bbox 110 2619 231 2706; x_wconf 88' lang='lat' dir='ltr'><strong>Popp.</strong></span> <span class='ocrx_word' id='word_1_193' title='bbox 260 2617 295 2682; x_wconf 88' lang='lat' dir='ltr'><strong>in</strong></span> <span class='ocrx_word' id='word_1_194' title='bbox 320 2616 425 2683; x_wconf 83' lang='lat' dir='ltr'><strong>Thuc.</strong></span> <span class='ocrx_word' id='word_1_195' title='bbox 447 2618 548 2683; x_wconf 89' lang='lat' dir='ltr'><strong>Proll.</strong></span> <span class='ocrx_word' id='word_1_196' title='bbox 574 2620 603 2684; x_wconf 88' lang='lat'><strong>1.</strong></span> <span class='ocrx_word' id='word_1_197' title='bbox 624 2619 698 2684; x_wconf 85' lang='grc'><strong>460.</strong></span> <span class='ocrx_word' id='word_1_198' title='bbox 723 2628 755 2684; x_wconf 87' lang='lat' dir='ltr'><strong>et</strong></span> <span class='ocrx_word' id='word_1_199' title='bbox 780 2618 816 2682; x_wconf 91' lang='lat' dir='ltr'><strong>in</strong></span> <span class='ocrx_word' id='word_1_200' title='bbox 842 2616 933 2693; x_wconf 87' lang='lat' dir='ltr'><strong>libris</strong></span> <span class='ocrx_word' id='word_1_201' title='bbox 960 2617 1056 2683; x_wconf 90' lang='lat' dir='ltr'><strong>editis</strong></span> <span class='ocrx_word' id='word_1_202' title='bbox 1077 2643 1183 2686; x_wconf 82' lang='grc' dir='ltr'><strong><em>κατα-</em></strong></span> 
     </span>
     <span class='ocr_line' id='line_1_24' title="bbox 62 2715 1184 2806; baseline 0 -22"><span class='ocrx_word' id='word_1_203' title='bbox 62 2715 185 2802; x_wconf 82' lang='grc' dir='ltr'><strong><em>κράτος</em></strong></span> <span class='ocrx_word' id='word_1_204' title='bbox 210 2719 386 2788; x_wconf 79' lang='lat' dir='ltr'><strong>Demosth.</strong></span> <span class='ocrx_word' id='word_1_205' title='bbox 409 2720 482 2798; x_wconf 88' lang='grc'><strong>239,</strong></span> <span class='ocrx_word' id='word_1_206' title='bbox 506 2721 534 2786; x_wconf 89' lang='lat' dir='ltr'><strong>l.</strong></span> <span class='ocrx_word' id='word_1_207' title='bbox 559 2720 636 2806; x_wconf 80' lang='grc'><strong>(213</strong></span> <span class='ocrx_word' id='word_1_208' title='bbox 655 2719 777 2804; x_wconf 81' lang='lat' dir='ltr'><strong>Bekk.)</strong></span> <span class='ocrx_word' id='word_1_209' title='bbox 807 2716 992 2804; x_wconf 78' lang='grc' dir='ltr'><strong><em>ἆνοκράτος</em></strong></span> <span class='ocrx_word' id='word_1_210' title='bbox 1020 2717 1119 2786; x_wconf 87' lang='lat' dir='ltr'><strong>Philo</strong></span> <span class='ocrx_word' id='word_1_211' title='bbox 1142 2719 1184 2784; x_wconf 89' lang='lat' dir='ltr'><strong>de</strong></span> 
     </span>
     <span class='ocr_line' id='line_1_25' title="bbox 59 2819 1183 2908; baseline 0 -22"><span class='ocrx_word' id='word_1_212' title='bbox 59 2819 186 2886; x_wconf 86' lang='lat' dir='ltr'><strong>Abrah.</strong></span> <span class='ocrx_word' id='word_1_213' title='bbox 209 2819 254 2886; x_wconf 88' lang='lat' dir='ltr'><strong>T.</strong></span> <span class='ocrx_word' id='word_1_214' title='bbox 266 2821 312 2886; x_wconf 88' lang='lat'><strong>11.</strong></span> <span class='ocrx_word' id='word_1_215' title='bbox 335 2845 369 2908; x_wconf 92' lang='lat' dir='ltr'><strong>p.</strong></span> <span class='ocrx_word' id='word_1_216' title='bbox 382 2821 411 2886; x_wconf 82' lang='lat'><strong>7.</strong></span> <span class='ocrx_word' id='word_1_217' title='bbox 435 2822 552 2907; x_wconf 86' lang='lat' dir='ltr'><strong>Synes.</strong></span> <span class='ocrx_word' id='word_1_218' title='bbox 570 2823 635 2908; x_wconf 81' lang='lat' dir='ltr'><strong>Ep.</strong></span> <span class='ocrx_word' id='word_1_219' title='bbox 648 2821 826 2890; x_wconf 83' lang='lat' dir='ltr'>CXLVII.</span> <span class='ocrx_word' id='word_1_220' title='bbox 837 2821 911 2888; x_wconf 80' lang='lat'><strong>285.</strong></span> <span class='ocrx_word' id='word_1_221' title='bbox 922 2821 967 2888; x_wconf 95' lang='lat' dir='ltr'><strong>D.</strong></span> <span class='ocrx_word' id='word_1_222' title='bbox 990 2820 1183 2889; x_wconf 75' lang='lat' dir='ltr'><strong>eiffllendt.</strong></span> 
     </span>
     <span class='ocr_line' id='line_1_26' title="bbox 60 2917 1184 3008; baseline 0.004 -22"><span class='ocrx_word' id='word_1_223' title='bbox 60 2923 102 2986; x_wconf 88' lang='lat' dir='ltr'><strong>ad</strong></span> <span class='ocrx_word' id='word_1_224' title='bbox 122 2923 265 2988; x_wconf 77' lang='lat' dir='ltr'><strong>Arriam.</strong></span> <span class='ocrx_word' id='word_1_225' title='bbox 287 2923 316 2991; x_wconf 86' lang='lat' dir='ltr'><strong>l.</strong></span> <span class='ocrx_word' id='word_1_226' title='bbox 343 2924 401 3001; x_wconf 82' lang='lat'><strong>12,</strong></span> <span class='ocrx_word' id='word_1_227' title='bbox 427 2924 456 2988; x_wconf 86' lang='lat'><strong>8.</strong></span> <span class='ocrx_word' id='word_1_228' title='bbox 484 2924 637 3008; x_wconf 89' lang='lat' dir='ltr'><strong>idemque</strong></span> <span class='ocrx_word' id='word_1_229' title='bbox 666 2934 802 2990; x_wconf 87' lang='lat' dir='ltr'><strong>accentu</strong></span> <span class='ocrx_word' id='word_1_230' title='bbox 827 2933 968 2989; x_wconf 84' lang='lat' dir='ltr'><strong>retracto</strong></span> <span class='ocrx_word' id='word_1_231' title='bbox 997 2917 1184 3008; x_wconf 77' lang='grc' dir='ltr'><strong><em>ἄνᾶκρατος</em></strong></span> 
     </span>
     <span class='ocr_line' id='line_1_27' title="bbox 58 3024 1183 3106; baseline 0.003 -18"><span class='ocrx_word' id='word_1_232' title='bbox 58 3047 86 3089; x_wconf 89' lang='lat' dir='ltr'><strong>v.</strong></span> <span class='ocrx_word' id='word_1_233' title='bbox 109 3024 258 3106; x_wconf 83' lang='lat' dir='ltr'><strong>Jacobs.</strong></span> <span class='ocrx_word' id='word_1_234' title='bbox 267 3025 329 3090; x_wconf 81' lang='lat' dir='ltr'><strong>..ad</strong></span> <span class='ocrx_word' id='word_1_235' title='bbox 349 3025 477 3092; x_wconf 86' lang='lat' dir='ltr'><strong>Aelian.</strong></span> <span class='ocrx_word' id='word_1_236' title='bbox 502 3027 547 3090; x_wconf 92' lang='lat' dir='ltr'><strong>H.</strong></span> <span class='ocrx_word' id='word_1_237' title='bbox 570 3027 637 3092; x_wconf 81' lang='lat' dir='ltr'><strong>An.</strong></span> <span class='ocrx_word' id='word_1_238' title='bbox 659 3027 739 3093; x_wconf 90' lang='lat' dir='ltr'><strong>VH.</strong></span> <span class='ocrx_word' id='word_1_239' title='bbox 761 3026 793 3104; x_wconf 82' lang='lat'><strong>6,</strong></span> <span class='ocrx_word' id='word_1_240' title='bbox 816 3026 846 3092; x_wconf 93' lang='lat'><strong>1.</strong></span> <span class='ocrx_word' id='word_1_241' title='bbox 873 3036 906 3090; x_wconf 90' lang='lat' dir='ltr'><strong>st</strong></span> <span class='ocrx_word' id='word_1_242' title='bbox 929 3047 1076 3092; x_wconf 89' lang='lat' dir='ltr'><strong>consona</strong></span> <span class='ocrx_word' id='word_1_243' title='bbox 1100 3024 1183 3091; x_wconf 90' lang='lat' dir='ltr'><strong>assi·</strong></span> 
     </span>
     <span class='ocr_line' id='line_1_28' title="bbox 57 3122 1185 3214; baseline -0.002 -22"><span class='ocrx_word' id='word_1_244' title='bbox 57 3125 171 3192; x_wconf 88' lang='lat' dir='ltr'><strong>milata</strong></span> <span class='ocrx_word' id='word_1_245' title='bbox 198 3122 383 3214; x_wconf 78' lang='grc' dir='ltr'><strong><em>ἄμκράτος,</em></strong></span> <span class='ocrx_word' id='word_1_246' title='bbox 414 3127 503 3212; x_wconf 91' lang='lat' dir='ltr'><strong>quod</strong></span> <span class='ocrx_word' id='word_1_247' title='bbox 528 3127 764 3198; x_wconf 77' lang='lat' dir='ltr'><strong>Guammatious</strong></span> <span class='ocrx_word' id='word_1_248' title='bbox 786 3127 915 3196; x_wconf 87' lang='lat' dir='ltr'><strong>Anccd.</strong></span> <span class='ocrx_word' id='word_1_249' title='bbox 937 3125 1042 3194; x_wconf 88' lang='lat' dir='ltr'><strong>Bekk.</strong></span> <span class='ocrx_word' id='word_1_250' title='bbox 1064 3126 1138 3192; x_wconf 80' lang='grc'><strong>337.</strong></span> <span class='ocrx_word' id='word_1_251' title='bbox 1166 3148 1185 3190; x_wconf 92' lang='lat' dir='ltr'><strong>a</strong></span> 
     </span>
     <span class='ocr_line' id='line_1_29' title="bbox 57 3226 1183 3316; baseline 0.002 -24"><span class='ocrx_word' id='word_1_252' title='bbox 57 3227 298 3314; x_wconf 85' lang='lat' dir='ltr'><strong>Xenophonte</strong></span> <span class='ocrx_word' id='word_1_253' title='bbox 328 3228 450 3300; x_wconf 90' lang='lat' dir='ltr'><strong>dictum</strong></span> <span class='ocrx_word' id='word_1_254' title='bbox 476 3251 548 3294; x_wconf 87' lang='lat' dir='ltr'><strong>esse</strong></span> <span class='ocrx_word' id='word_1_255' title='bbox 578 3229 689 3294; x_wconf 82' lang='lat' dir='ltr'><strong>scribit</strong></span> <span class='ocrx_word' id='word_1_256' title='bbox 719 3228 805 3297; x_wconf 83' lang='grc' dir='ltr'><strong><em>κατὰ</em></strong></span> <span class='ocrx_word' id='word_1_257' title='bbox 830 3226 1000 3316; x_wconf 77' lang='grc' dir='ltr'><strong><em>οτιγκοιτήν</em></strong></span> <span class='ocrx_word' id='word_1_258' title='bbox 1025 3228 1092 3294; x_wconf 88' lang='lat' dir='ltr'><strong>sed</strong></span> <span class='ocrx_word' id='word_1_259' title='bbox 1122 3227 1183 3294; x_wconf 90' lang='lat' dir='ltr'><strong>im·</strong></span> 
     </span>
     <span class='ocr_line' id='line_1_30' title="bbox 56 3329 1185 3417; baseline 0.001 -23"><span class='ocrx_word' id='word_1_260' title='bbox 56 3329 199 3416; x_wconf 84' lang='lat' dir='ltr'><strong>probat,</strong></span> <span class='ocrx_word' id='word_1_261' title='bbox 236 3352 275 3394; x_wconf 87' lang='lat' dir='ltr'><strong>ac</strong></span> <span class='ocrx_word' id='word_1_262' title='bbox 297 3329 435 3396; x_wconf 87' lang='lat' dir='ltr'><strong>fortasse</strong></span> <span class='ocrx_word' id='word_1_263' title='bbox 460 3353 501 3395; x_wconf 90' lang='lat' dir='ltr'><strong>ne</strong></span> <span class='ocrx_word' id='word_1_264' title='bbox 522 3329 716 3417; x_wconf 90' lang='lat' dir='ltr'><strong>Xenophon</strong></span> <span class='ocrx_word' id='word_1_265' title='bbox 741 3330 874 3417; x_wconf 85' lang='lat' dir='ltr'><strong>quidem</strong></span> <span class='ocrx_word' id='word_1_266' title='bbox 896 3330 943 3394; x_wconf 91' lang='lat' dir='ltr'><strong>sic</strong></span> <span class='ocrx_word' id='word_1_267' title='bbox 969 3329 1101 3416; x_wconf 85' lang='lat' dir='ltr'><strong>scripsit</strong></span> <span class='ocrx_word' id='word_1_268' title='bbox 1125 3329 1185 3395; x_wconf 87' lang='lat' dir='ltr'><strong>aed</strong></span> 
     </span>
     <span class='ocr_line' id='line_1_31' title="bbox 56 3429 1186 3519; baseline 0.002 -25"><span class='ocrx_word' id='word_1_269' title='bbox 56 3431 150 3514; x_wconf 88' lang='lat' dir='ltr'><strong>quod</strong></span> <span class='ocrx_word' id='word_1_270' title='bbox 170 3431 210 3510; x_wconf 87' lang='lat' dir='ltr'><strong>in</strong></span> <span class='ocrx_word' id='word_1_271' title='bbox 232 3431 383 3496; x_wconf 91' lang='lat' dir='ltr'><strong>omnibus</strong></span> <span class='ocrx_word' id='word_1_272' title='bbox 401 3431 497 3496; x_wconf 89' lang='lat' dir='ltr'><strong>codd.</strong></span> <span class='ocrx_word' id='word_1_273' title='bbox 513 3432 632 3518; x_wconf 82' lang='lat' dir='ltr'><strong>legitur</strong></span> <span class='ocrx_word' id='word_1_274' title='bbox 653 3429 716 3500; x_wconf 81' lang='grc' dir='ltr'><strong>ἀνὰ</strong></span> <span class='ocrx_word' id='word_1_275' title='bbox 736 3430 872 3519; x_wconf 79' lang='grc' dir='ltr'><strong><em>κράτος·</em></strong></span> <span class='ocrx_word' id='word_1_276' title='bbox 890 3453 967 3497; x_wconf 84' lang='lat' dir='ltr'><strong>nam</strong></span> <span class='ocrx_word' id='word_1_277' title='bbox 981 3431 1037 3496; x_wconf 89' lang='lat' dir='ltr'><strong>illa</strong></span> <span class='ocrx_word' id='word_1_278' title='bbox 1055 3431 1186 3517; x_wconf 89' lang='lat' dir='ltr'><strong>poetica</strong></span> 
     </span>
     <span class='ocr_line' id='line_1_32' title="bbox 55 3533 1185 3622; baseline 0 -24"><span class='ocrx_word' id='word_1_279' title='bbox 55 3543 104 3598; x_wconf 89' lang='lat' dir='ltr'><strong>est</strong></span> <span class='ocrx_word' id='word_1_280' title='bbox 128 3556 288 3620; x_wconf 79' lang='lat' dir='ltr'><strong>syncope</strong></span> <span class='ocrx_word' id='word_1_281' title='bbox 306 3534 357 3598; x_wconf 88' lang='lat' dir='ltr'><strong>vel</strong></span> <span class='ocrx_word' id='word_1_282' title='bbox 375 3534 486 3621; x_wconf 89' lang='lat' dir='ltr'><strong>potius</strong></span> <span class='ocrx_word' id='word_1_283' title='bbox 503 3557 653 3622; x_wconf 88' lang='lat' dir='ltr'><strong>apocope</strong></span> <span class='ocrx_word' id='word_1_284' title='bbox 673 3535 849 3621; x_wconf 85' lang='lat' dir='ltr'><strong>conjuncta</strong></span> <span class='ocrx_word' id='word_1_285' title='bbox 866 3555 939 3598; x_wconf 89' lang='lat' dir='ltr'><strong>eum</strong></span> <span class='ocrx_word' id='word_1_286' title='bbox 952 3533 1185 3598; x_wconf 79' lang='lat' dir='ltr'><strong>assimilatione</strong></span> 
     </span>
     <span class='ocr_line' id='line_1_33' title="bbox 55 3632 1245 3722; baseline 0.002 -24"><span class='ocrx_word' id='word_1_287' title='bbox 55 3657 235 3721; x_wconf 81' lang='lat' dir='ltr'><strong>consonae</strong></span> <span class='ocrx_word' id='word_1_288' title='bbox 254 3645 292 3698; x_wconf 93' lang='lat' dir='ltr'><strong>ut</strong></span> <span class='ocrx_word' id='word_1_289' title='bbox 313 3632 358 3715; x_wconf 71' lang='lat' dir='ltr'><strong>tp</strong></span> <span class='ocrx_word' id='word_1_290' title='bbox 378 3634 482 3722; x_wconf 83' lang='grc' dir='ltr'><strong><em>φόνον</em></strong></span> <span class='ocrx_word' id='word_1_291' title='bbox 498 3647 558 3702; x_wconf 91' lang='lat' dir='ltr'><strong>eto.</strong></span> <span class='ocrx_word' id='word_1_292' title='bbox 599 3637 655 3703; x_wconf 92' lang='lat' dir='ltr'><strong>De</strong></span> <span class='ocrx_word' id='word_1_293' title='bbox 676 3635 865 3706; x_wconf 87' lang='lat' dir='ltr'><strong>masculinis</strong></span> <span class='ocrx_word' id='word_1_294' title='bbox 885 3634 950 3701; x_wconf 93' lang='lat' dir='ltr'><strong>huc</strong></span> <span class='ocrx_word' id='word_1_295' title='bbox 971 3635 1112 3722; x_wconf 86' lang='lat' dir='ltr'><strong>primum</strong></span> <span class='ocrx_word' id='word_1_296' title='bbox 1131 3657 1184 3700; x_wconf 86' lang='lat' dir='ltr'><strong>re·</strong></span> <span class='ocrx_word' id='word_1_297' title='bbox 1241 3662 1245 3669; x_wconf 57' lang='grc'><strong>“</strong></span> 
     </span>
     <span class='ocr_line' id='line_1_34' title="bbox 51 3735 1184 3822; baseline 0.005 -22"><span class='ocrx_word' id='word_1_298' title='bbox 51 3735 240 3804; x_wconf 79' lang='lat' dir='ltr'><strong>ferendum</strong></span> <span class='ocrx_word' id='word_1_299' title='bbox 266 3745 317 3802; x_wconf 89' lang='lat' dir='ltr'><strong>est</strong></span> <span class='ocrx_word' id='word_1_300' title='bbox 341 3759 461 3802; x_wconf 89' lang='lat' dir='ltr'><strong>nomen</strong></span> <span class='ocrx_word' id='word_1_301' title='bbox 489 3738 648 3816; x_wconf 90' lang='lat' dir='ltr'><strong>omnium,</strong></span> <span class='ocrx_word' id='word_1_302' title='bbox 680 3759 764 3822; x_wconf 87' lang='lat' dir='ltr'><strong>quae</strong></span> <span class='ocrx_word' id='word_1_303' title='bbox 786 3760 891 3805; x_wconf 81' lang='lat' dir='ltr'><strong>sermo</strong></span> <span class='ocrx_word' id='word_1_304' title='bbox 915 3737 1077 3805; x_wconf 90' lang='lat' dir='ltr'><strong>humanus</strong></span> <span class='ocrx_word' id='word_1_305' title='bbox 1105 3758 1184 3806; x_wconf 87' lang='lat' dir='ltr'><strong>con·</strong></span> 
     </span>
     <span class='ocr_line' id='line_1_35' title="bbox 52 3835 1185 3926; baseline 0.002 -26"><span class='ocrx_word' id='word_1_306' title='bbox 52 3837 155 3916; x_wconf 83' lang='lat' dir='ltr'><strong>tinet,</strong></span> <span class='ocrx_word' id='word_1_307' title='bbox 194 3838 467 3922; x_wconf 85' lang='lat' dir='ltr'><strong>augustissimum</strong></span> <span class='ocrx_word' id='word_1_308' title='bbox 498 3835 610 3924; x_wconf 76' lang='grc' dir='ltr'><strong><em>λόγος,</em></strong></span> <span class='ocrx_word' id='word_1_309' title='bbox 645 3839 773 3912; x_wconf 88' lang='lat' dir='ltr'><strong>duabus</strong></span> <span class='ocrx_word' id='word_1_310' title='bbox 802 3839 983 3910; x_wconf 76' lang='lat' dir='ltr'><strong>contsariae</strong></span> <span class='ocrx_word' id='word_1_311' title='bbox 1013 3837 1185 3926; x_wconf 83' lang='lat' dir='ltr'><strong>potestatis</strong></span> 
     </span>
    </p>
   </div>
   <div class='ocr_carea' id='block_1_5' title="bbox 50 3933 1184 4028">
    <p class='ocr_par' dir='ltr' id='par_1_6' title="bbox 50 3933 1184 4028">
     <span class='ocr_line' id='line_1_36' title="bbox 50 3933 1184 4028; baseline 0.004 -26"><span class='ocrx_word' id='word_1_312' title='bbox 50 3938 372 4028; x_wconf 86' lang='lat' dir='ltr'><strong>praepositionibus</strong></span> <span class='ocrx_word' id='word_1_313' title='bbox 395 3933 457 4006; x_wconf 80' lang='grc' dir='ltr'><strong>ἀνά</strong></span> <span class='ocrx_word' id='word_1_314' title='bbox 482 3949 514 4005; x_wconf 89' lang='lat' dir='ltr'><strong>et</strong></span> <span class='ocrx_word' id='word_1_315' title='bbox 532 3937 628 4028; x_wconf 79' lang='grc' dir='ltr'><strong><em>τιαροέ</em></strong></span> <span class='ocrx_word' id='word_1_316' title='bbox 653 3941 790 4027; x_wconf 86' lang='lat' dir='ltr'><strong>adjungi</strong></span> <span class='ocrx_word' id='word_1_317' title='bbox 813 3941 943 4007; x_wconf 91' lang='lat' dir='ltr'><strong>solitum</strong></span> <span class='ocrx_word' id='word_1_318' title='bbox 971 3949 1107 4006; x_wconf 88' lang='lat' dir='ltr'><strong>accentu</strong></span> <span class='ocrx_word' id='word_1_319' title='bbox 1133 3938 1184 4012; x_wconf 87' lang='lat' dir='ltr'><strong>in·</strong></span> 
     </span>
    </p>
   </div>
   <div class='ocr_carea' id='block_1_6' title="bbox 49 4170 1187 4342">
    <p class='ocr_par' dir='ltr' id='par_1_7' title="bbox 49 4170 1187 4342">
     <span class='ocr_line' id='line_1_37' title="bbox 122 4170 1187 4255; baseline 0 -21"><span class='ocrx_word' id='word_1_320' title='bbox 122 4179 179 4248; x_wconf 80' lang='lat'><strong>20)</strong></span> <span class='ocrx_word' id='word_1_321' title='bbox 194 4175 360 4248; x_wconf 83' lang='lat' dir='ltr'><strong>Hesychius</strong></span> <span class='ocrx_word' id='word_1_322' title='bbox 373 4170 526 4248; x_wconf 74' lang='grc' dir='ltr'><strong><em>Λᾶγβατον</em></strong></span> <span class='ocrx_word' id='word_1_323' title='bbox 540 4176 799 4255; x_wconf 74' lang='grc' dir='ltr'><strong><em>ἀνατετραμμένον·</em></strong></span> <span class='ocrx_word' id='word_1_324' title='bbox 813 4182 841 4238; x_wconf 82' lang='grc' dir='ltr'><strong>οἱ</strong></span> <span class='ocrx_word' id='word_1_325' title='bbox 854 4179 886 4237; x_wconf 81' lang='grc' dir='ltr'><strong>δὲ</strong></span> <span class='ocrx_word' id='word_1_326' title='bbox 901 4171 991 4251; x_wconf 73' lang='grc' dir='ltr'><strong><em>λόγον</em></strong></span> <span class='ocrx_word' id='word_1_327' title='bbox 1005 4175 1187 4251; x_wconf 61' lang='grc' dir='ltr'><strong><em>ἐμβάλλοντες</em></strong></span> 
     </span>
     <span class='ocr_line' id='line_1_38' title="bbox 49 4261 670 4342; baseline 0.003 -22"><span class='ocrx_word' id='word_1_328' title='bbox 49 4264 209 4342; x_wconf 80' lang='lat' dir='ltr'><strong>scripsisse</strong></span> <span class='ocrx_word' id='word_1_329' title='bbox 232 4261 344 4320; x_wconf 88' lang='lat' dir='ltr'><strong>videtur</strong></span> <span class='ocrx_word' id='word_1_330' title='bbox 362 4262 468 4338; x_wconf 74' lang='grc' dir='ltr'><strong><em>λιὶμδρν</em></strong></span> <span class='ocrx_word' id='word_1_331' title='bbox 485 4267 670 4338; x_wconf 73' lang='grc' dir='ltr'><strong>ἐμβαίνοντες.</strong></span> 
     </span>
    </p>
   </div>
   <div class='ocr_carea' id='block_1_7' title="bbox 0 0 1418 4809">
    <p class='ocr_par' dir='ltr' id='par_1_8' title="bbox 0 0 1418 4809">
     <span class='ocr_line' id='line_1_39' title="bbox 0 0 1418 4809; baseline 0 5"><span class='ocrx_word' id='word_1_332' title='bbox 0 0 1418 4809; x_wconf 95' lang='lat' dir='ltr'><strong> </strong></span> 
     </span>
    </p>
   </div>
  </div>
 </body>
</html>
