2825 4809
278 319 350 413 ιοι
643 315 964 406 mssnnrnrro
996 319 1024 382 1.
1121 310 1123 316 ’

277 501 384 587 gimus
405 493 622 584 ταρπώμεθα
644 498 708 562 alio
729 495 1009 584 τεταρπώμεσθα,
1043 499 1208 568 λαθέσθαι
1229 513 1256 568 et
1274 506 1346 571 λελο-

276 601 424 677 θέσθαι,
451 595 601 666 πύθοιτο
630 608 663 662 et
683 595 896 677 πεπύθοιτο,
926 597 1010 666 κύθε
1034 609 1066 666 et
1092 598 1263 679 κεκύθωσι,
1285 627 1346 687 quae

276 700 392 768 Curtio
428 721 462 785 p.
487 698 560 763 162.
593 698 788 785 corrigenda
823 699 1024 778 ridentum).
1066 699 1160 765 Nune
1192 700 1230 764 de
1259 703 1347 768 ceteris

276 799 478 886 temporibus
508 818 713 883 quaeramus.
762 799 958 885 Imperieeta
991 798 1148 886 duplicari
1179 821 1268 887 posse
1292 803 1348 866 olim

276 901 436 967 ereditum
467 909 517 966 est
556 899 714 984 exemplis
742 899 914 965 homericis
944 897 1124 977 ε’νένιπτοκ,
1158 898 1317 982 τετεύχασι
1325 904 1347 986 ⁸)

276 1014 309 1068 et
330 999 538 1074 πεπεύθετο,
572 1022 657 1084 quae
683 1021 771 1064 nune
800 1001 971 1064 emendata
995 1010 1086 1076 sunt3
1110 1001 1347 1088 delegataque

277 1100 447 1187 Josephus
468 1100 503 1165 in
523 1099 671 1186 Synopsi
693 1123 726 1186 p.
748 1099 822 1166 366.
845 1101 885 1165 Τ.
908 1101 973 1166 ΙΠ.
998 1101 1099 1167 utitur
1120 1102 1162 1167 ad
1181 1101 1349 1187 probandum

270 1202 541 1289 'diplasiasmum‚
567 1201 685 1265 vitiose
716 1200 872 1286 seriptum
899 1211 950 1268 est
976 1225 1037 1289 pro
1068 1199 1260 1286 δερκέσκετο.
1301 1203 1350 1269 Sed

276 1291 478 1391 proprietate
505 1301 753 1387 significationis
773 1302 937 1367 iterativae
958 1311 1177 1367 sustentantur
1196 1299 1349 1390 ἐπέπληγον

277 1415 310 1470 et
332 1400 518 1488 ἐμέμηκοο,
545 1421 685 1485 quorum
714 1403 849 1466 alterum
876 1404 1025 1488 plerique
1052 1425 1165 1470 omnes
1186 1425 1211 1466 a
1223 1404 1350 1488 praesenti

275 1523 475 1590 syracusano
498 1499 662 1588 πεπλήγω
685 1510 850 1586 repetunt,
881 1505 971 1587 quod
992 1526 1098 1590 genus
1123 1503 1281 1568 verborum
1297 1502 1350 1566 illn-

276 1602 374 1670 stravi
396 1601 440 1665 ad
461 1602 583 1668 Buttm.
603 1624 637 1686 p.
660 1601 712 1665 37.
756 1603 910 1668 Aonistus
930 1604 1020 1690 prior
1042 1603 1085 1668 ab
1109 1604 1219 1690 Epiois
1235 1625 1293 1667 non
1309 1626 1351 1666 au·

275 1715 387 1793 getur3
410 1725 486 1766 nam
508 1696 653 1787 ἆκύχησε
673 1703 775 1767 Hom.
799 1693 832 1767 et
858 1698 1020 1792 διπάφησε
1050 1705 1165 1787 Quint.
1186 1703 1277 1769 XIII.
1297 1703 1351 1768 280.

236 1861 239 1868 .
275 1804 467 1895 prosthesin
488 1802 621 1887 quidem
646 1801 769 1869 habent
791 1804 851 1868 sed
877 1803 1042 1882 stabilem3
1063 1801 1206 1892 Ἀρύραι
1224 1804 1291 1888 (sie)
1309 1800 1350 1888 ἁρ-

275 1907 382 1993 μόσαι
404 1908 487 1972 Ηει.
508 1903 648 1968 lortasse
672 1926 733 1989 pro
758 1899 879 1990 ἆραρέν
902 1905 1013 1970 dorico
1036 1906 1192 1992 seriptum
1212 1915 1270 1980 est3
1294 1897 1351 1989 ἄρη-

275 2004 419 2096 ρύμεκος
442 2005 532 2092 upud
556 2003 716 2086 Quintum
738 2015 771 2068 et
792 2005 942 2089 aequales
967 2006 1010 2089 (v.
1033 2007 1076 2072 ad
1088 2008 1208 2073 Buttm.
1228 2005 1285 2089 56.)
1304 2023 1352 2067 non
1381 2057 1382 2064 ,

265 2109 417 2173 aoristus
447 2115 497 2171 est
517 2105 577 2169 sed
600 2126 756 2189 praesens
789 2105 924 2191 perlecti
953 2104 1056 2170 simile
1080 2130 1147 2192 pro
1176 2103 1352 2192 ἆραρύμινος.

275 2202 567 2292 Κεκορεσσύμενος
587 2205 711 2269 invexit
731 2205 871 2271 Tzetzes
888 2206 932 2270 ed
943 2207 1026 2271 Hes.
1051 2207 1146 2293 Opp.
1158 2209 1209 2274 33.
1225 2205 1353 2271 Δεδιῖσαι
1381 2263 1382 2288 l

274 2310 429 2394 φοβῆσαι
452 2306 535 2369 Hes.
560 2303 699 2369 fortusse
720 2305 842 2370 librarii
864 2329 952 2372 error
977 2329 1039 2392 pro
1074 2306 1217 2375 δειδίσαι
1242 2304 1285 2370 vel
1301 2301 1353 2368 δει-

274 2405 411 2490 digest)
435 2428 456 2470 a
473 2405 574 2470 verbo
603 2405 761 2472 desiluere
786 2405 923 2495 ἐκφοβεῖ
944 2406 1038 2474 Suid.
1066 2407 1169 2474 δείδια
1196 2407 1231 2472 τὸ
1256 2406 1353 2489 φοβοῦ-

273 2531 354 2590 μαι,
381 2504 520 2572 δεδύττω
549 2504 589 2571 τὸ
620 2509 717 2592 popei
741 2503 851 2592 ἕτερον
879 2506 989 2574 Schol.
1018 2507 1098 2572 Ilur.
1122 2508 1205 2572 Heo.
1228 2503 1290 2570 775.
1309 2524 1354 2588 pro

274 2628 340 2692 quo
366 2603 561 2688 δεδίττομαι
585 2599 650 2668 diei
671 2605 755 2669 solet
762 2629 771 2682 3
803 2606 1014 2692 ejusdemque
1041 2609 1188 2694 glossam
1210 2600 1353 2691 Τεθύσαιο

273 2703 470 2792 septenam
491 2707 562 2789 jam
583 2705 779 2792 Sylburgius
807 2707 1032 2774 animadvertit
1057 2731 1098 2775 ex
1121 2707 1277 2774 homen‘eo
1299 2704 1352 2768 loeo
1381 2733 1382 2808 q

344 3006 373 3075 5)
387 3007 565 3060 Πεπιθέσθαι
575 3019 628 3075 pro
640 3008 789 3073 πεισθῆναι
800 3006 923 3078 positum
937 3007 1051 3063 ostendi
1062 3011 1098 3062 ad
1114 3009 1219 3064 Buttm.
1231 3005 1284 3066 265.
1295 3006 1310 3059 l.
1327 3005 1355 3056 ll.

271 3089 324 3147 ubi
341 3099 408 3162 post
425 3093 577 3159 πεισθῆναι
596 3089 746 3145 inferenda
765 3099 830 3156 sunt
846 3094 933 3146 rerba
949 3111 1022 3164 quae
1040 3093 1070 3148 in
1087 3094 1256 3166 superiorem
1271 3107 1357 3146 versun

271 3177 449 3247 irrepserunt
469 3192 561 3248 μορειι
580 3176 637 3230 den
654 3175 765 3232 homer.
790 3173 1064 3249 Spraelsqehrauela
1093 3172 1356 3236 mentesanae.

273 3261 333 3314 336.
351 3257 506 3332 Τετύρτιετο
519 3267 549 3314 et
560 3265 743 3334 τεταρπέσθαι
756 3261 878 3332 Hesych.

299 3358 301 3361 ’
341 3359 372 3429 6)
387 3359 479 3430 Epim.
493 3359 516 3413 I.
530 3362 590 3416 397.
609 3361 639 3417 τὸ
658 3366 815 3432 τετιυχέτον
828 3367 1015 3436 παραιαιικσῦ
1027 3358 1060 3420 ὃν
1072 3335 1214 3421 resistam
1226 3365 1355 3434 ἰτευχέιμ·

271 3444 304 3502 τὰ
317 3445 349 3501 δὲ
361 3441 450 3500 πολλὰ
463 3446 518 3500 τῶν
529 3441 711 3520 ἀντιγράφων
722 3447 778 3516 ἔχει
795 3441 962 3518 τετεύχατον.
1381 3449 1382 3536 l

340 3546 369 3615 7)
387 3545 487 3600 Δείδια
500 3549 592 3617 φοβοῦ
606 3547 677 3607 Ηει.
696 3547 841 3603 Albertius
855 3551 941 3605 δείδιε
958 3550 1075 3622 corrigit
1092 3555 1226 3622 tanquam
1241 3543 1357 3620 imperati·

270 3631 478 3702 imperfecti,
491 3630 720 3688 eniHerodianus
733 3633 762 3687 in
774 3633 915 3689 Choerob.
929 3635 997 3691 Can.
1005 3636 1111 3702 uere.
1119 3639 1195 3691 hune
1206 3635 1311 3690 modum
1319 3631 1355 3683 ab·

265 3714 405 3789 judicavit
417 3715 536 3771 similem
548 3715 646 3789 εὕρηκε
659 3720 840 3790 adpraesens
853 3716 957 3794 εὖρύκω
968 3721 1111 3790 referens3
1131 3739 1225 3794 neque
1238 3719 1356 3775 Homerus

269 3819 304 3858 eo
320 3801 408 3856 utitur
420 3803 498 3872 (nam
515 3803 603 3859 δείδιε
619 3802 785 3860 indieativns
803 3806 859 3874 est)
879 3808 931 3862 sed
949 3805 1071 3870 Quintus
1087 3806 1151 3862 VH.
1169 3809 1230 3864 298.
1258 3801 1321 3858 Mihi
1335 3799 1356 3852 in
1381 3795 1382 3876 l

268 3895 391 3944 mentem
408 3887 486 3942 venit
500 3888 670 3958 Hesychium
683 3891 774 3945 δειδία
791 3891 935 3962 scripsisse
953 3891 1146 3965 imperativum
1163 3891 1243 3947 verbi
1259 3888 1357 3954 δειδιᾷν,
1381 3885 1382 3944 i

268 3967 347 4044 quod
360 3973 479 4028 fortasse
492 3973 631 4030 delitescit
642 3975 671 4028 in
684 3974 812 4048 proxima
829 3977 924 4046 glossa
940 3979 1057 4034 Δεδιιαί
1072 3979 1127 4050 (sie
1142 3981 1218 4048 eod.)
1235 3979 1324 4032 <iselae
1334 3970 1357 4022 id
1381 3983 1382 4054 q

269 4066 313 4113 est
324 4060 404 4129 δεδιᾷ
416 4057 474 4112 sive
486 4060 575 4129 δειδιᾷ
587 4061 675 4128 διιλιᾴ
694 4061 731 4114 ef.
745 4060 854 4116 Teehn.
868 4065 927 4117 254.
943 4065 1008 4119 adn.
1027 4068 1051 4120 4.
1078 4063 1157 4128 Quae
1175 4048 1297 4133 seqnitur
1315 4059 1358 4111 Δι-

267 4145 391 4205 orlarios
405 4139 494 4205 δειλός
510 4151 643 4217 corrupta
659 4144 773 4200 videtur
783 4165 835 4219 pro
853 4148 1019 4216 δεδίσκελσς,
1039 4153 1118 4222 quod
1136 4148 1221 4206 series
1239 4141 1359 4220 posolal·
1381 4193 1382 4204 .

267 4230 357 4284 verbo
371 4230 535 4302 δεδίσκομιιι
547 4236 578 4284 nt
589 4227 711 4286 διδάσκω
726 4227 900 4296 διδάσκαλος.
