2825 4809
245 363 319 436 ιιι
401 347 405 352 ’
529 357 850 427 orsssusnmo
874 361 920 426 11.
964 362 1004 427 r.
1020 363 1066 429 11.

126 572 132 579 0
242 539 371 634 ὑψόθι,
419 534 536 616 οἷ’κοθι
568 551 630 610 ete.
662 567 731 610 non
767 556 1016 633 componuntur.
1071 545 1135 612 His
1174 547 1339 618 inconsulte

241 647 503 715 intermiscentur
535 636 625 730 όγχι,
664 641 747 733 daps,
788 649 881 736 τῆλε,
920 670 1003 733 quae
1042 647 1116 734 ipsa
1153 648 1260 714 forma
1294 653 1339 718 de·

242 753 341 819 clarat
377 771 445 814 non
479 769 554 813 eum
590 733 643 814 dle
655 757 689 814 et
706 735 756 815 σε
781 749 964 836 composita
987 750 1046 815 sed
1069 749 1209 816 maxime
1232 752 1339 839 simpli·
1390 789 1391 836 J

241 854 292 920 cia
315 864 349 919 et
367 871 555 938 aperagoge
576 871 659 915 esse.
701 849 758 914 Ab
786 849 837 916 his
866 861 973 916 antem
1002 863 1234 937 processerunt
1255 850 1341 939 ἀγχοῦ
1390 845 1391 848 ¹

240 948 374 1042 ἇγχόθι,
398 948 490 1043 ὑψοῦ
509 945 634 1037 ὑψόθι,
657 952 758 1038 τηλοῦ
778 947 902 1040 τηλόθι
925 952 1041 1018 eodem
1054 953 1153 1018 modo
1167 963 1341 1038 atquecon·

240 1055 313 1122 silio
336 1065 374 1119 ut
392 1050 511 1143 όψοσε,
534 1044 688 1134 ἀγχόθεν,
711 1047 870 1139 τηλόθεν,
893 1075 1012 1140 nempe
1033 1054 1076 1118 ad
1096 1055 1272 1121 relationes
1290 1057 1341 1121 loci
1390 1117 1391 1122 ,

240 1155 421 1223 accuratius
443 1151 654 1217 definiendas.
699 1150 818 1218 Cetera
839 1153 934 1218 etiam
958 1153 1080 1219 leviora
1100 1165 1176 1219 sunt
1199 1167 1232 1222 ει
1253 1157 1341 1222 Ιειόο·

238 1283 310 1325 rum
332 1266 516 1322 auctorum:
537 1251 576 1319 τὸ
599 1255 723 1340 κρῆθεν
744 1252 847 1341 φασὶν
869 1247 937 1320 ἀπὸ
955 1259 1015 1321 τοῦ
1030 1250 1194 1343 etspesv-
1217 1253 1341 1324 δύναται

239 1351 448 1426 desaisire&
475 1357 534 1420 τοῦ
556 1347 745 1440 καρητόθεν
767 1346 854 1419 εἶναι
880 1355 956 1422 sch.
986 1357 1025 1421 Il.
1048 1357 1145 1425 XVI.
1168 1355 1241 1422 548.
1267 1361 1340 1443 quod

238 1462 308 1527 sine
325 1481 427 1526 causa
447 1455 589 1542 lingitur.
631 1457 677 1521 Et
698 1477 740 1519 ex
761 1453 888 1520 duabus
904 1457 1069 1523 Eustathii
1093 1459 1261 1524 sententiis
1283 1461 1340 1538 786,

235 1563 289 1629 30.
314 1559 352 1626 τό
375 1553 507 1625 νειόθεν
530 1557 760 1643 συγκέκοπται
786 1554 823 1621 ἐκ
848 1562 908 1623 τοῦ
935 1556 1124 1639 ιειατόθεν,
1156 1557 1186 1626 εἰ
1213 1561 1260 1649 μὴ
1286 1557 1339 1645 (ipo

237 1659 275 1731 ἐκ
295 1664 355 1728 τοῦ
385 1663 474 1736 νεῖος
499 1667 572 1722 ιιιιε.
598 1656 710 1743 potior
735 1656 793 1733 sit,
822 1657 877 1722 vix
903 1659 1024 1746 ambigi
1046 1671 1166 1748 potest.
1210 1663 1340 1749 Apollo-

233 1764 308 1830 nius
329 1783 406 1828 vero
430 1782 498 1826 non
520 1759 626 1824 solum
648 1757 804 1822 adverbia
827 1781 910 1843 quac
931 1761 1040 1826 locum
1062 1763 1263 1848 significant,
1290 1766 1340 1830 ista

233 1866 361 1930 ratione
380 1861 530 1928 emolitur
552 1860 612 1926 sed
632 1858 730 1924 etiam
754 1859 833 1924 alia:
864 1860 958 1947 παρὰ
981 1887 1042 1950 την
1066 1859 1160 1984 ἷγόφι
1179 1865 1291 1952 φωνὴι
1308 1865 1339 1932 τό
1390 1857 1391 1898 3

232 1960 289 2092 ἶφι
311 1958 492 2086 σινεκόιιη·
514 1960 553 2027 τό
578 1960 693 2044 μέντοι
714 1954 816 2048 νόσφι
836 1959 923 2047 πρός
939 1987 1033 2029 ενιιιν
1047 1962 1153 2042 οὕτως
1166 1961 1340 2034 ἀπεδίδοτο

232 2066 289 2134 ότι
313 2063 410 2152 παρὰ
434 2061 471 2130 τό
500 2087 537 2129 νο
565 2060 759 2148 στερητικὸν
788 2060 845 2127 καί
868 2059 907 2126 τό
940 2061 1090 2130 ἕπεσθαι
1119 2089 1153 2152 p
1179 2067 1253 2132 608.
1294 2070 1340 2134 De
1390 2053 1391 2166 l

231 2167 288 2234 illo
318 2164 556 2253 adstipulantur
586 2160 839 2227 Choeroboscus
875 2161 971 2229 Orth.
1000 2164 1074 2230 224.
1106 2177 1138 2230 ει
1163 2167 1274 2234 Schol.
1302 2171 1339 2234 A.

231 2269 275 2334 ad
295 2268 335 2334 Il.
357 2269 385 2333 Ι.
409 2260 523 2332 151.”
504 2289 536 2344 ις
558 2257 628 2340 ἶνός
650 2257 744 2350 ἶνόφι
768 2257 813 2340 ὡς
840 2259 963 2343 χαλκός
983 2268 1107 2346 χαλκοῦ
1125 2263 1274 2358 χαλκόφι
1292 2271 1339 2335 καί

230 2369 317 2437 κατὰ
340 2366 510 2455 σσγκοπὴν
531 2390 590 2453 της
611 2388 648 2430 νο
669 2357 735 2451 ἶφι.
768 2365 892 2431 Verum
910 2365 974 2431 hoo
993 2388 1012 2430 a
1029 2364 1176 2456 χαλκοφι
1189 2380 1221 2434 ει
1233 2371 1338 2436 οειειιι

231 2493 315 2557 quae
348 2491 421 2534 cum
452 2466 584 2533 nomine
612 2464 796 2550 composite
827 2477 919 2544 sunt,
960 2467 1132 2552 dupliciter
1167 2469 1338 2559 discrepet3

114 2563 117 2568 ¹
229 2572 370 2659 primum
391 2569 482 2656 quod
502 2589 671 2652 nunquam
692 2566 823 2631 asciscit
843 2593 861 2633 ν
879 2589 1084 2653 paragogum
1100 2579 1136 2632 ut
1151 2575 1272 2692 ναῦφιν
1284 2585 1339 2638 ειε.

228 2680 298 2738 tum
318 2672 408 2758 quod
432 2670 578 2756 synthesi
600 2680 713 2755 aptum
736 2679 795 2746 cst,
814 2662 978 2758 Ιφικλῆς,
997 2665 1229 2754 Ἰφιγένεια,’
1217 2672 1338 2758 ιφιγὲι-

227 2799 339 2862 γητος,
370 2767 604 2860 ἶφικιόμενος,
639 2769 699 2834 sed
721 2770 854 2835 nomine
874 2792 947 2835 cum
970 2768 1095 2856 syllaba
1115 2795 1155 2859 φι
1174 2775 1341 2858 conjuncte
1389 2845 1390 2850 J

226 2896 295 2940 non
316 2882 563 2960 praeponuntur
587 2871 675 2946 aliis3
705 2894 781 2935 nam
808 2866 1046 2960 λιβιαφιγενὴς
1071 2895 1205 2958 prorsus
1232 2875 1339 2961 singu-
1389 2865 1390 2890 ¹

225 2977 292 3041 lare
314 2986 365 3042 est
385 2985 418 3040 et
438 2998 505 3040 non
528 2972 664 3037 minoris
686 2972 832 3037 miraculi
852 2994 950 3057 quam
970 2970 997 3036 si
1016 2972 1089 3056 quis
1107 2973 1340 3065 λιβιαθεγειός
1389 2971 1390 2974 “

223 3079 275 3142 vel
296 3070 522 3164 θηβησιγενής
542 3073 651 3139 dicere
673 3073 883 3159 periclitetur,
907 3095 989 3158 quae
1012 3095 1109 3138 nemo
1125 3095 1199 3138 cum
1216 3075 1338 3162 ἔχαιρο-

224 3173 416 3264 σθοφανης,
441 3169 681 3263 όιιισθοφαιής
702 3175 946 3261 comparaverit.
991 3176 1044 3238 Ac
1064 3173 1201 3240 forsitan
1221 3176 1337 3261 Ibycus

223 3299 265 3342 ne
286 3300 365 3342 usus
388 3277 521 3361 quidem
543 3286 592 3342 est
611 3275 811 3342 nominativo
833 3276 889 3342 illo
915 3275 974 3341 sed
997 3275 1105 3341 dativo
1128 3278 1261 3363 pluralis
1278 3303 1336 3342 nu-

222 3379 303 3443 meri
328 3379 601 3465 λιβοαφιγένεσσι
632 3398 692 3463 pro
725 3378 960 3463 λιβυαγενέσφι
990 3399 1050 3464 per
1082 3379 1275 3444 metathesin
1301 3391 1338 3444 ut

220 3478 421 3544 homericum
443 3475 657 3564 ἱθαγενὲεσσι
681 3477 884 3562 aliquantum
904 3477 1054 3544 variaret.
1098 3481 1215 3565 Itaque
1238 3482 1335 3567 magis

222 3580 382 3666 sequendi
402 3579 554 3644 videntur
575 3580 631 3664 qui
649 3573 706 3668 ἶφι
725 3579 841 3665 adject
833 3601 920 3644 1vum
936 3601 1008 3644 esse
1020 3591 1083 3645 stet
1084 3593 1205 3646 uuntu
1206 3583 1335 3650 Stchol.

220 3682 317 3769 Lips.
340 3682 383 3746 ad
405 3682 445 3747 Il.
466 3684 508 3750 V
530 3678 646 3748 556.2
628 3705 708 3765 ιφια
731 3675 861 3766 ἰσχυρά,
892 3669 971 3768 οὗη
1000 3675 1118 3747 εὐθεῖα
1145 3681 1184 3749 τὸ
1207 3677 1333 3771 ἶφιιοῡ
1388 3727 1389 3730 =

221 3806 316 3871 ιφιος
337 3785 378 3848 τὰ
402 3777 492 3871 ἴφια,
516 3792 548 3847 ει
567 3781 771 3860 Eustethius‚
797 3781 853 3867 qui
873 3803 1043 3847 numerum
1066 3777 1293 3869 singularem
1283 3807 1334 3901 ιφι

219 3884 358 3968 θρέμμα
379 3883 474 3970 ponit
494 3883 567 3962 582,
586 3885 635 3948 12.
659 3883 712 3949 eui
736 3884 888 3949 convenit
875 3878 1152 3949 tmeseulinum
1150 3877 1335 3974 Ιφιςταχός
1388 3887 1389 3896 ’

217 3982 317 4050 Phot.
329 3987 361 4070 ὅ)
408 3985 527 4053 Sed
502 4007 569 4051 srve
592 3983 854 4051 adverbiumt
804 3994 854 4050 est
879 3978 934 4073 ἶφι
965 3985 1032 4050 sive
1062 3987 1257 4070 adjectivum
1277 3983 1333 4048 ad-

290 4222 316 4282 5)
329 4207 485 4276 Nereidum
502 4239 559 4274 nne
578 4237 595 4272 e
613 4216 739 4273 Lucieno
754 4217 919 4290 Ἰφιάνασσα
939 4229 1065 4289 vocetur,
1086 4224 1122 4277 eb
1143 4224 1266 4278 Homero
1280 4211 1335 4272 Ἰό-

219 4315 311 4356 νασσο
323 4323 404 4360 ιοιοι
416 4306 537 4372 lenires,
552 4322 671 4376 quorum
683 4305 767 4358 trium
777 4305 922 4360 nominum
934 4307 1054 4362 sortasse
1067 4327 1155 4364 unum
1169 4317 1212 4364 est
1224 4316 1331 4380 etymon
1387 4361 1388 4366 ,
