2825 4809
172 374 237 438 on
258 368 528 439 Psosrrmsr
548 369 611 438 m
634 370 899 438 munisse
934 355 973 437 οἱ
989 374 1067 441 vu.
1122 381 1194 452 119

83 551 164 640 cipri,
196 555 252 620 alii
282 577 357 620 cum
389 551 450 641 ἇρί
480 576 665 620 connexum
695 565 826 641 putant3
860 552 1061 643 ἀριστερειᾶν
1092 558 1195 624 herba

82 657 217 720 lustralis
233 657 349 721 eedem
364 649 588 743 περιστιριῶν
603 656 731 724 dicitur.
762 655 873 724 Πτίλα
890 655 932 722 τὰ
949 652 1066 727 ἁπαλὰ
1084 661 1194 742 πτερὰ

82 760 170 842 ποσὰ
202 757 241 824 τὸ
275 757 377 824 cillo»
408 757 610 842 πλεονασμῷ
645 757 762 824 Orion.
798 757 875 834 128,
907 758 938 823 5.
968 779 1033 843 quo
1061 759 1194 826 delendi

81 868 184 945 potest
198 855 362 942 Hesychii
378 857 539 942 scriptura
550 856 651 942 vulgo
671 858 827 924 damnata
853 857 957 926 Tel-boi
979 859 1060 944 (sio)
1083 858 1194 944 πτερά

82 959 253 1024 accedente
275 957 421 1023 Pollucis
443 956 628 1023 testimonio
650 959 697 1024 II.
723 959 775 1025 50.
798 959 901 1046 pilos,
929 960 1048 1044 quibus
1074 961 1194 1047 palpe-

80 1060 150 1124 brae
170 1059 319 1128 munitae
341 1068 426 1136 sunt,
451 1081 472 1122 a
490 1059 656 1124 nonnullis
677 1059 790 1140 τίλους
805 1061 925 1126 vocari.
952 1061 1065 1148 Magis
1083 1072 1193 1128 tamen

77 1162 135 1224 huc
155 1159 281 1225 inclino
303 1170 341 1224 ut
360 1159 480 1226 πτίλον
500 1182 707 1246 peronymon
731 1183 803 1228 esse
826 1171 937 1248 putem
959 1185 979 1230 a
1000 1159 1123 1247 πτερόν
1143 1163 1194 1228 le·

76 1264 156 1327 niter
184 1263 352 1326 deflexum
378 1270 416 1324 ut
440 1283 564 1348 penna,
598 1261 700 1347 pinna
728 1259 903 1347 πίννα“).
955 1264 1033 1330 Non
1062 1264 1194 1349 majoris

76 1364 209 1431 aestimo
223 1363 325 1448 -quod
347 1363 428 1428 ΕΜ.
449 1359 524 1439 646,
542 1362 595 1426 24.
618 1361 776 1449 proponit
796 1361 908 1449 πραΰς
929 1362 996 1432 ἀπὸ
1021 1369 1082 1434 τοῦ
1103 1363 1195 1454 bicos

75 1465 151 1529 ΕΜ.
174 1464 251 1542 686,
273 1465 325 1529 24.
347 1459 532 1550 Πορδακός
552 1485 629 1528 vero
645 1463 787 1530 Vossius
805 1466 847 1528 sd
865 1467 947 1532 Hes.
972 1464 1061 1530 houd
1081 1466 1194 1552 inepte

77 1567 115 1630 acl
135 1561 234 1653 ἄρδω
257 1575 435 1652 comparat
466 1563 580 1630 Verba
598 1561 704 1650 ἕψειν,
730 1558 846 1654 breccis,
869 1565 1001 1634 πέττειν
1023 1588 1094 1632 eam
1109 1567 1194 1634 inter

76 1691 107 1732 se
134 1668 384 1732 similitudinem
412 1665 535 1756 habent
561 1676 598 1730 ut
628 1666 792 1732 communi
822 1667 892 1732 solo
921 1667 982 1734 niti
1011 1668 1191 1747 videantur,

79 1770 284 1854 eundemque
309 1769 453 1834 colorem
479 1778 608 1832 servant
636 1766 782 1832 derivata
809 1762 903 1852 ἑφθὰ
933 1767 990 1834 καὶ
1018 1765 1108 1835 ὀπτὰ
1137 1771 1200 1838 καὶι

80 1869 187 1938 πεπτὰ
198 1867 366 1954 βρώματα
386 1867 554 1934 Plutarch.
578 1869 619 1934 de
636 1867 742 1935 Senit.
766 1868 807 1932 Τ.
830 1869 909 1935 VII.
927 1869 1000 1934 382.
1025 1869 1113 1953 (126.
1131 1871 1193 1955 D.)

80 1980 110 2034 et
128 1991 270 2054 coquere,
294 1972 386 2055 quod
406 1971 581 2036 thematico
599 1971 700 2039 πέπον
718 1969 903 2056 proximum
921 1980 979 2048 cst,
1002 1993 1070 2037 non
1089 1972 1196 2038 solum

85 2072 123 2134 cle
142 2070 290 2136 carnibus
313 2071 440 2150 dicitur,
464 2094 549 2156 quae
571 2071 731 2156 ἕψονται,
757 2071 817 2136 sed
847 2070 944 2136 etiam
971 2072 1012 2138 de
1039 2072 1195 2159 operibus

81 2173 228 2258 pistoriis.
275 2170 501 2255 Λατύσσομαι
518 2183 551 2238 et
575 2172 775 2256 πλατυγίζω,
799 2175 882 2260 latus
905 2183 937 2237 et
958 2171 1095 2252 πλατύς,
1117 2175 1196 2240 lanx

81 2284 109 2337 et
129 2272 298 2357 πλάστιγξ
321 2273 493 2359 composui
519 2273 554 2339 in
573 2273 675 2338 Proll.
697 2273 771 2340 304.
793 2295 861 2337 non
883 2283 919 2337 ut
944 2275 1079 2340 altemm
1102 2275 1194 2342 alteri

80 2375 248 2438 subnatum
271 2397 345 2440 esse
367 2375 560 2440 affirmarem
582 2375 642 2440 sed
663 2384 799 2461 propter
818 2374 909 2439 vocis
928 2386 961 2440 et
983 2376 1196 2461 significatio·
1238 2445 1240 2448 ,

77 2479 122 2542 nis
144 2476 419 2542 convenientiam.
471 2475 563 2541 Cacti
593 2477 719 2542 caulem
739 2475 936 2541 Aristoteles
965 2478 1073 2542 etalii
1094 2480 1197 2564 rccs'o·

76 2605 146 2644 νινα
173 2588 311 2655 vocant,
343 2576 531 2662 Hesychius
554 2578 706 2666 τὲρνακα.
756 2577 798 2642 Ιιι
820 2577 966 2661 ejusdem
992 2580 1111 2664 glossis
1135 2578 1196 2646 Εἴ-

77 2685 206 2745 omem
232 2677 426 2755 ἐπείθοντο,
446 2674 590 2766 Ὠρητός
611 2675 779 2764 πήρωσις,
801 2698 967 2743 consonae
989 2679 1112 2765 primae
1135 2681 1194 2744 de-

75 2780 176 2845 fectus
199 2803 272 2846 non
292 2779 411 2864 injuria
430 2779 570 2844 librariis
587 2778 767 2865 imputatur
785 2779 951 2864 iidemque
975 2782 1138 2846 nonnullis
1159 2782 1196 2848 in

77 2882 299 2968 suspicionem
330 2891 488 2945 venemnt
518 2904 560 2946 ne
592 2882 627 2946 in
654 2882 781 2946 Lucan.
804 2880 851 2946 Π.
873 2880 946 2946 406.
977 2904 1037 2966 pro
1062 2885 1195 2966 junctus

77 2983 156 3065 ὅσοι
190 2985 353 3049 Pisaurus
391 2982 582 3068 scripserint
621 2983 657 3047 id
697 2983 788 3067 quod
819 2983 986 3068 vulgatum
1019 2992 1069 3046 est
1099 2983 1194 3064 Sapis

74 3085 268 3167 Isauram).
312 3083 429 3167 Itaque
459 3085 642 3171 conjugatis
670 3085 804 3170 quidem
823 3082 990 3148 vocabulis
1014 3069 1046 3146 π
1073 3082 1196 3148 mobile

76 3185 213 3250 concedi
229 3184 330 3249 debet
351 3185 410 3248 sed
431 3194 469 3248 ut
489 3185 607 3251 iisdem
628 3196 684 3250 aut
705 3185 855 3250 additum
877 3193 933 3248 eut
955 3184 1134 3248 detractum
1153 3185 1196 3249 sit

75 3287 160 3351 nullo
185 3297 239 3350 sot
262 3295 350 3350 certo
373 3297 406 3350 et
426 3286 673 3374 inexpugnabili
694 3294 885 3372 argumento
914 3285 999 3350 effici
1020 3309 1120 3372 posse
1144 3287 1195 3350 vi-

78 3391 179 3454 detur.
204 3425 246 3436 -
268 3388 323 3452 De
344 3387 437 3454 litera
455 3375 517 3454 ’rho
539 3389 621 3454 nihil
643 3388 751 3454 offerri
772 3387 849 3452 licet
869 3396 1000 3472 praeter
1021 3389 1112 3472 quod
1127 3390 1194 3452 Ar-

76 3492 184 3556 rianus
214 3488 387 3553 affirmavit
418 3513 471 3577 ap.
499 3492 593 3556 Eust.
620 3491 694 3568 364,
718 3490 748 3554 8.
776 3483 890 3556 Ὃδίσν
919 3489 1034 3554 ducem
1056 3490 1194 3556 Halizo-
1310 3505 1314 3516 “

76 3615 152 3656 num
179 3591 223 3655 ab
250 3592 398 3675 Homero
428 3591 625 3657 celebratum
654 3592 732 3656 olim
755 3600 906 3656 vocatum
934 3591 1035 3656 fuisse
1058 3589 1194 3661 Ῥόδιον.

142 3812 192 3878 38)
211 3805 284 3879 Νὴια
304 3807 392 3879 πτερά
410 3805 500 3880 ἤγουν
520 3812 550 3863 αἱ
569 3812 660 3865 κῶπαι
681 3809 747 3864 Sch.
767 3807 829 3864 Nic.
850 3809 933 3864 Ther.
952 3812 1011 3865 stt.
1033 3811 1196 3880 micelenei

78 3903 228 3964 ααίνουσαι
247 3900 330 3950 πτίία
348 3897 489 3968 Lycophr.
505 3899 547 3951 25.
565 3897 652 3966 gloss.
672 3897 745 3950 ἱστία
763 3891 779 3963 ἢ
797 3899 889 3950 κῶπαι
895 3937 904 3965 ,
924 3897 979 3950 hoc
998 3913 1034 3952 ex
1052 3897 1198 3954 homerico

80 3981 176 4055 ίρετμὰ
197 3975 258 4036 τότε
278 3979 366 4054 πτερὰ
387 3987 468 4051 νηυσὶ
487 3985 618 4036 πέλονται
638 3981 694 4034 Od.
707 3981 760 4034 XI.
778 3983 835 4035 125.

145 4067 192 4134 30)
210 4064 321 4136 Πόίχος
341 4066 370 4119 ἰιι
393 4086 477 4121 numo
499 4067 669 4121 Gnosiorum
688 4084 746 4120 non
768 4061 852 4136 ὄχλον
870 4067 1014 4140 populum
1037 4064 1198 4134 significare

80 4152 188 4204 sedvel
203 4151 325 4218 homisis
345 4151 490 4222 cujusdam
508 4152 554 4206 vel
570 4151 748 4221 magistratus
766 4169 828 4206 esse
848 4169 950 4206 nomen
959 4150 1018 4220 jam
1035 4149 1083 4203 diu
1097 4149 1198 4203 docuit

80 4236 228 4290 Eckhelius
241 4256 269 4290 v.
283 4236 421 4292 Dietrich.
435 4238 589 4292 Comment.
605 4240 641 4290 de
652 4237 805 4308 Transpos.
819 4255 848 4308 p.
859 4239 898 4290 lb.
924 4236 1056 4292 Veterem
1071 4251 1197 4292 errorem

82 4322 204 4391 sequitur
215 4322 368 4378 Grimmius
385 4322 416 4376 in
428 4321 502 4377 Hist.
519 4321 631 4393 linguae
647 4340 735 4392 germ.
753 4322 788 4376 T.
803 4323 825 4376 I.
840 4323 899 4375 380.
1039 4319 1044 4324 ’
