2825 4809
246 366 322 441 368
533 361 855 435 DISSERTATIO
883 360 930 425 Π.
973 360 1014 426 P.
1033 360 1080 425 II.

249 550 438 641 φερέοικος,
456 549 644 628 Μενέλαος,
667 571 733 633 quo
755 548 791 612 in
807 566 929 632 genere
949 542 1032 609 nihil
1050 554 1100 611 est
1118 545 1325 629 inconstantiae,

249 652 310 718 sed
325 650 421 717 etiam
438 673 465 715 αι
455 648 646 715 character
661 649 753 715 verbi
775 657 824 714 est
842 642 972 712 muta’
952 646 1163 733 αμέστρατος,
1185 646 1326 773 ἐκεχειρία,

250 751 494 837 έξεχέβρογχος,
524 753 764 836 στρεφεδινεῖν,
790 746 993 834 χαιρέκακος
1017 746 1086 812 εἰναι
1110 746 1329 835 ἐπιχαιρέκακος

250 862 311 918 etc.
328 851 442 938 paucis
463 852 570 917 inter
569 861 640 919 aet
627 838 940 925 tofluotuantibus,
965 844 1128 934 Φαρενίκη
1144 857 1175 913 et
1188 849 1328 937 Βιρανέκη,

248 953 301 1019 vel
323 953 421 1018 etism
442 952 550 1019 αι1“ιιοι
551 976 570 1017 a
588 951 747 1017 traductis
762 959 800 1015 ut
813 960 865 1017 est
879 949 1081 1015 homericum
1098 945 1330 1033 τερπικέραυνος,

249 1054 420 1141 proprium
441 1049 681 1121 Παιθιανασσα
701 1053 812 1119 Νοιιιι.
830 1051 929 1120 VIII.
952 1050 1025 1116 193.
1051 1048 1117 1113 nisi
1138 1042 1332 1117 Πειοιένυοαα

251 1154 382 1241 scripsit
408 1165 445 1219 ut
467 1151 657 1234 Πεισιάναξ
684 1163 718 1219 et
746 1176 833 1240 quae
858 1151 972 1220 Schol.
1002 1150 1090 1218 Vict.
1112 1149 1151 1213 Π.
1172 1148 1259 1216 xlv.
1276 1149 1332 1214 tot
1377 1213 1384 1240 ρ

250 1255 405 1343 producit
416 1249 610 1341 Ἀρχέλοχος
626 1247 845 1341 Ἀρίσταρχος
868 1248 1123 1337 ἆναλομώτερον
1142 1243 1333 1336 ταῖἈρχιλο
1381 1285 1383 1319 ;

250 1359 349 1437 λοχος
377 1350 421 1432 ὡς
452 1355 646 1438 Φερένικος,
679 1353 873 1433 Μενέλαος,
907 1374 1016 1438 neque
1046 1352 1142 1417 aliter
1165 1351 1241 1417 hacc
1261 1351 1334 1415 scribi
1381 1385 1384 1396 ·

250 1456 320 1521 vult
361 1455 574 1521 Herodianus
614 1456 726 1541 Epim.
757 1455 829 1522 167.
860 1454 920 1521 sed
949 1454 1044 1519 aliter
1073 1452 1250 1541 composita
1266 1462 1337 1538 putat
1382 1511 1385 1523 ,

250 1550 457 1643 ἆρχέτυπος,
488 1549 781 1640 αρχέπλοοτος,’
763 1557 962 1643 αρχέκακος,
987 1549 1173 1653 ἅρχέλαος,
1195 1547 1336 1637 ἀρχέμανος
1383 1619 1384 1622 ,

251 1656 289 1723 ἐκ
310 1658 368 1723 τοῦ
390 1650 475 1743 ἆρχη
467 1650 726 1746 συνετελέσθη
750 1657 888 1743 quodsi
907 1656 954 1721 rta
965 1665 1054 1721 esset
1063 1678 1126 1741 per
1149 1680 1169 1723 ο
1190 1654 1337 1720 scriberen-

250 1766 303 1822 tur
330 1767 367 1822 ut
394 1751 582 1843 ἆρχοειδης,
617 1753 900 1843 ἇρχομλυπτάιλης.
950 1757 992 1823 In
1018 1755 1227 1822 substantivis
1254 1754 1337 1841 digni·

251 1868 352 1924 tatem
380 1856 637 1943 significantibus
663 1858 764 1944 vulgo
793 1858 861 1923 fere
882 1859 988 1924 fixum
1017 1867 1068 1925 est
1091 1858 1179 1925 iota.
1210 1855 1250 1927 τὰ
1266 1855 1339 1940 παρὰ

250 1958 290 2027 τὸ
313 1954 406 2047 ι’έρχω
425 1955 483 2025 διὰ
505 1962 564 2025 τοῦ
597 1987 610 2026 ι
649 1982 817 2046 μραφεται
851 1953 1133 2047 ἄρχιστρατημός,
1172 1953 1340 2040 ἀρχιτέκτων
1384 1999 1385 2002 =

249 2060 360 2148 Epim.
388 2060 435 2124 Π.
460 2058 539 2137 340,
569 2060 621 2125 22.
632 2059 689 2145 ²²)
718 2059 759 2124 ci.
788 2058 937 2125 Boeckh.
973 2060 1016 2124 ad
1040 2059 1143 2125 Pind.
1171 2057 1265 2144 Expl.
1286 2058 1318 2121 27
1318 2058 1341 2121 3.

250 2163 375 2229 Verum
397 2159 438 2225 de
461 2158 523 2225 hac
544 2160 706 2225 vocalium
724 2161 979 2226 connexirarum
995 2160 1248 2227 commutatione
1261 2158 1342 2223 abun·

252 2263 367 2327 denter
389 2261 591 2349 disputatum
614 2271 663 2326 est
684 2261 728 2325 ad
747 2261 873 2348 Phr-yn.
896 2261 969 2327 768.
981 2264 1036 2347 ²³)
1067 2263 1183 2331 Verba
1205 2259 1343 2346 trisyllaba

252 2372 493 2450 componuntur
513 2384 579 2427 uno
601 2363 700 2427 modo
728 2356 943 2450 ἆλτιφόβιος,
973 2362 1219 2447 κακιζότεχνος,
1245 2357 1345 2448 ἐγειρό-

251 2486 361 2551 φρωυ,
392 2462 624 2541 έθελόόουλος.
676 2463 747 2531 Sed
782 2463 995 2531 Grammatici
1026 2463 1218 2550 hujusmodi
1240 2484 1346 2549 quoque

251 2566 438 2653 praesentia
465 2587 700 2652 nonnunquam
729 2564 890 2631 decurtari
918 2565 1045 2631 dicunt.
1076 2563 1116 2632 ἐκ
1141 2570 1202 2633 τοῦ
1226 2562 1346 2647 μαλαὶνιυ

250 2664 447 2755 κελαινοφης
469 2670 621 2757 σομκοπῇ
647 2669 706 2753 τῆς
727 2690 773 2731 ναν
730 2655 963 2755 ’συλλαβῆς
984 2667 1042 2735 καὶ
1061 2672 1175 2755 τροπῇ
1199 2669 1255 2735 τοῦ
1274 2687 1347 2747 μς
1312 2662 1347 2740 εἰς

251 2795 281 2833 ιι.
304 2762 470 2833 Καθόλου
494 2791 536 2834 τα
565 2761 650 2852 ὑπὲρ
674 2762 735 2833 δύο
761 2767 929 2852 συλλαβὰς
951 2766 1121 2853 βαρύτονα
1151 2766 1349 2850 συντιθέμενα

252 2862 411 2935 ἐκκόπτει
427 2867 509 2950 μίαν
534 2864 722 2954 συλλαβην,
749 2867 858 2952 μανόω
884 2874 916 2934 Γ
914 2866 1101 2956 ανυμηδης,
1129 2867 1243 2935 τανύω
1268 2862 1347 2933 τακό-

240 2962 443 3046 .πεπλος,(
426 2966 557 3053 αφαένιυ
587 2962 812 3057 ὑφαινομένης
841 2963 1026 3059 υφαιμένης
1046 2970 1161 3057 Epim.
1187 2971 1218 3035 I.
1239 2969 1305 3035 234.
1326 2978 1351 3032 et

250 3069 369 3134 iisdem
395 3068 502 3134 verbis
533 3079 566 3133 et
590 3068 677 3133 vitiis
705 3070 786 3135 EM.
807 3069 886 3148 501,
912 3071 965 3137 50.
1008 3071 1098 3138 Gud.
1118 3073 1197 3138 313.
1219 3092 1277 3137 nec
1294 3069 1351 3134 labe

230 3180 340 3235 caret
368 3168 603 3255 Theognostus
631 3169 747 3236 ceteris
779 3172 950 3238 succinens
981 3172 1064 3239 Can.
1093 3173 1152 3252 81,
1176 3173 1230 3239 28.
1250 3168 1350 3239 idciro

252 3265 485 3354 ἶθαινόθυμος
515 3267 705 3360 ὶέιαιμενης,
739 3271 865 3355 μιαένω
897 3268 1091 3363 μιαιφόνος.
1146 3276 1300 3341 Errantes
1325 3270 1352 3332 in

250 3370 336 3435 viam
367 3370 494 3436 reducit
522 3372 633 3457 Epim.
666 3372 694 3438 I.
727 3371 779 3436 61.
814 3366 860 3451 ὦς
890 3376 1014 3457 μιαένω
1046 3372 1250 3465 μιαιφόνος,
1282 3370 1352 3441 otro

246 3465 439 3557 Ἰθαιμένης
459 3469 554 3558 παρὰ
575 3471 612 3539 τὸ
635 3468 777 3553 testeo,
808 3469 906 3541 ἔνθου
925 3474 983 3542 καὶ
1003 3474 1043 3543 τό
1065 3471 1210 3545 iduare
1228 3469 1352 3559 dordr>

322 3704 368 3774 22)
380 3705 435 3760 Pro
448 3702 618 3779 ἆρχιπονμῆκ
631 3706 804 3779 posteriores
817 3706 1025 3764 substituerunt
1037 3717 1244 3784 προταμοίμην
1255 3714 1354 3765 accentu

251 3792 352 3847 eodem
372 3807 428 3863 quo
447 3796 614 3863 ῥοαποίμην,
631 3799 796 3866 ουμποίμην
813 3792 1075 3867 v.Parall.195aq.

319 3877 366 3946 2³)
392 3875 567 3935 contrariam
593 3885 706 3934 nostrae
735 3879 903 3935 sententiam
929 3881 1080 3952 profitetur
1107 3882 1138 3937 J.
1162 3876 1356 3937 Grimmiuain

251 3962 373 4019 Gramm.
394 3963 488 4019 Germ.
509 3962 541 4018 Τ.
554 3964 592 4018 Π.
612 3965 671 4019 tro.
690 3966 805 4022 nomina
821 3965 871 4021 illa
890 3970 1061 4040 φερέπονοι,
1084 3968 1219 4040 έχέφρανρ
1236 3973 1289 4023 etc.
1307 3979 1359 4019 cam

249 4047 421 4120 Imperatiris
448 4048 604 4121 composita
628 4066 690 4107 esse
715 4060 819 4124 putans
844 4052 885 4108 sic
909 4060 941 4107 ut
964 4053 1125 4123 germanica
1146 4051 1357 4121 sanamque

250 4130 424 4199 Leberecht,
443 4132 618 4191 Habereclst.
648 4136 688 4191 At
705 4135 871 4207 gravissime
889 4147 1050 4209 repugnant
1066 4158 1139 4211 quae
1155 4138 1271 4194 literam
1284 4129 1360 4191 futuri

251 4218 504 4275 characteristicum
519 4223 640 4290 habent,
661 4226 840 4297 reputastis,
861 4222 1062 4298 ἀκερσεκόμης,
1082 4227 1209 4281 futurum
1229 4223 1303 4281 enim
1317 4220 1361 4275 im·

250 4302 376 4374 perativo
396 4310 481 4360 caret.
