2825 4809
208 360 282 429 404
559 350 880 420 DISSERTATIO
908 350 974 416 111.

209 538 302 603 aliter
325 536 493 602 collocatis
521 536 610 603 idem
634 536 718 601 dixit
744 546 844 621 atque
863 534 991 601 Moerin
1013 533 1145 599 Atticos
1174 539 1325 621 βραγχᾷν

209 640 328 717 dicere,
350 660 418 703 non
439 644 613 727 βραγχιᾷν,
636 662 714 702 nam
728 640 915 726 βαραγχιᾷν
935 636 1067 724 penitus
1084 636 1238 723 ignotum
1265 646 1344 701 est.-

208 740 296 805 Illud
312 741 389 825 jure
416 750 568 805 censetur
594 740 629 805 in
657 762 793 806 numero
823 739 1183 826 onomatopoetieorum
1210 737 1325 825 proxi·

207 864 359 927 mamque
379 842 622 907 similitudinem
643 842 743 908 habet
763 865 838 908 cum
857 840 966 907 verbis
986 847 1123 925 βραχεῖν
1143 851 1177 906 et
1196 839 1328 928 βαρδα·

206 950 285 1027 ztir,
307 967 392 1030 quae
406 943 595 1031 Hesychius
611 964 679 1011 uno
694 945 798 1011 modu
813 944 1044 1035 interpratur
1060 937 1160 1031 ἠχεῖν,
1184 962 1327 1026 cumque

208 1043 335 1131 ῥέγχειν
357 1056 390 1111 et
409 1044 551 1133 βρόγχος
571 1045 611 1111 ci.
626 1046 729 1111 Proll.
742 1046 816 1112 334.
840 1044 967 1111 Techn.
984 1046 1035 1111 70.
1071 1045 1254 1110 Praeterea
1273 1043 1327 1108 hic

209 1146 303 1211 ad'ert
326 1145 501 1231 Βαράγχια
530 1145 572 1215 τὰ
598 1146 744 1234 βράγχια
768 1152 835 1214 τῶν
861 1144 1005 1229 ἰχθύων,
1037 1148 1128 1232 quod
1155 1144 1328 1213 confirmat

114 1316 117 1319 .
209 1248 320 1315 Schol.
344 1248 437 1334 Opp.
459 1248 536 1313 Hal.
555 1250 583 1315 I.
608 1248 680 1313 160.
703 1246 832 1335 dodun
852 1245 974 1336 βρδχια
994 1245 1185 1334 antipapa,
1206 1246 1327 1312 hodie-

208 1373 273 1436 qne
304 1351 352 1417 sic
380 1360 538 1415 vocantur
567 1348 744 1417 branchiae
777 1351 919 1438 piscium
949 1348 1127 1436 σπάραχνα
1154 1348 1328 1437 ψδρίδων.

207 1452 303 1519 Idem
325 1449 472 1519 Κάναδοι
494 1451 625 1536 γνάθοι,
651 1448 826 1537 Κάῤῥιιξον
843 1449 981 1538 Πάφιοι
1000 1449 1132 1536 πράξαν,
1154 1448 1328 1537 Φάραῃια

208 1548 377 1643 φραγμός,
398 1552 486 1617 unde
507 1554 727 1640 compositmn
745 1564 798 1619 est
816 1554 1012 1638 adjectivum
1031 1549 1329 1639 παρεμφδραντος

208 1658 340 1723 armos
362 1652 427 1719 hoc
453 1664 502 1719 est
530 1654 589 1719 τὸν
619 1660 695 1721 νοῦν
722 1656 975 1741 διεφθαρμένος
998 1664 1037 1719 ut
1057 1654 1327 1741 Διεντέμφρακτο

208 1755 398 1843 διέφθαρτο
408 1756 440 1841 ²)
448 1780 458 1833 ;
470 1778 548 1821 unm
561 1754 603 1823 τὰ
619 1754 803 1843 δράγματα
818 1755 1011 1841 plerumque
1026 1750 1324 1838 constant'elignie

207 1856 397 1923 transversis
418 1856 603 1935 niventis,
628 1866 662 1923 et
682 1856 884 1923 obstructum
905 1858 1011 1923 simile
1032 1868 1084 1923 eat
1100 1856 1265 1944 perplexo
1276 1876 1330 1941 ⁴ac

206 1957 394 2046 perturbato
409 1960 454 2043 ι).
504 1958 620 2046 Alphe
653 1968 763 2023 antem
792 1958 915 2025 mobile
948 1969 999 2025 est
1029 1960 1128 2024 etiam
1158 1959 1194 2023 in
1224 1954 1329 2022 verbo

206 2057 375 2147 φράγνυιιι
397 2058 575 2147 φάργνυμι.
620 2058 705 2126 Cum
723 2061 777 2125 hie
798 2061 939 2127 conferri
955 2072 1096 2147 possunt
1115 2064 1279 2145 σπαργᾷν
1298 2068 1331 2123 et

207 2161 299 2246 quod
318 2160 431 2229 schol.
446 2161 532 2226 Plat
549 2160 620 2227 civ.
635 2164 677 2229 V.
691 2163 766 2228 405.
789 2162 867 2228 huic
888 2163 1029 2249 apponit
1048 2167 1330 2249 σφαραγεῖσθαι·
1391 2164 1393 2175 ²

205 2284 281 2327 nam
311 2272 484 2345 utrumque
517 2263 560 2329 de
591 2263 747 2331 uberibus
780 2264 985 2350 turgentibus
1018 2263 1138 2329 dicitur
1169 2272 1203 2325 et
1235 2283 1330 2330 com-

205 2385 337 2429 munem
354 2362 453 2429 habet
472 2365 632 2451 originem
651 2390 672 2430 a
690 2365 791 2432 verbo
809 2362 909 2432 σιτάω
928 2361 1125 2445 canonicato,
1145 2363 1207 2429 aed
1228 2362 1332 2449 alpha

205 2464 426 2531 intercedente
457 2466 554 2531 etiam
585 2467 760 2533 declinatio
792 2478 917 2533 mutata
948 2475 1008 2531 est.
1064 2464 1164 2547 Quae
1194 2463 1333 2548 utrique

207 2566 347 2633 sermoni
368 2567 552 2633 communia
568 2578 646 2633 sunt
662 2567 775 2655 γάλως
794 2571 873 2651 ulos,
895 2567 1057 2652 originem
1073 2560 1206 2631 nonita
1228 2588 1331 2651 aper·
1390 2635 1391 2652 ξ

205 2680 273 2735 tam
293 2667 415 2735 habent
435 2680 472 2735 ut
487 2671 632 2754 judicari
654 2670 777 2757 possit,
806 2681 917 2733 utrum
937 2668 1104 2753 antiquius
1125 2666 1179 2732 sit.
1224 2667 1332 2733 Plec-

204 2792 351 2835 nesmum
374 2769 516 2855 syllabae
538 2772 702 2837 secundae
728 2772 864 2838 adnotat
883 2772 965 2837 EM.
987 2767 1067 2847 550,
1092 2769 1143 2834 14.
1166 2766 1268 2853 παρὰ
1290 2768 1330 2833 τὸ
1390 2837 1391 2844 ,

205 2874 252 2937 ‘ted
272 2868 397 2954 γίνεται
416 2864 522 2949 ὄνομα
541 2871 724 2959 ῥηματικὸν
737 2867 804 2949 nuic
819 2873 876 2938 καὶ
894 2870 983 2939 κατὰ
997 2869 1217 2953 πλεονασμὸν
1235 2874 1333 2947 κῶας

205 2967 250 3049 ὡς
276 2966 345 3037 α’πδ
374 2976 433 3039 τοῦ
458 2966 506 3050 ὥς
530 2971 655 3058 γίνεται
681 2966 761 3050 ὦας.
803 2971 874 3038 Alii
898 2976 966 3049 κιῦς
994 2970 1142 3037 scribunt
1170 2980 1332 3055 tanquam

205 3082 406 3137 contractum
430 3096 471 3137 ex
492 3078 583 3149 κῶας
605 3084 642 3137 ut
663 3067 721 3149 οὖς
742 3095 784 3137 ex
806 3066 903 3150 οὖας,
932 3082 964 3137 et
986 3095 1048 3158 pro
1071 3084 1179 3157 etymo
1202 3066 1332 3136 habent

205 3165 269 3249 οἶς,
292 3173 380 3238 unde
401 3170 479 3239 κόον
500 3174 537 3240 τὸ
563 3170 736 3259 πρόβατον
755 3197 786 3239 v.
807 3173 930 3238 Parall.
949 3173 1002 3239 87.
1025 3172 1127 3260 alpha
1149 3182 1264 3237 autem
1286 3173 1332 3236 ad

204 3271 462 3338 terminationem
477 3274 639 3360 pertinere
656 3285 774 3361 putant
793 3269 887 3340 utin
907 3275 1022 3361 δέρας,
1045 3275 1168 3362 φρέαρ.
1213 3275 1329 3339 Hero-

205 3371 322 3436 dianus
346 3373 380 3436 in
401 3374 481 3439 ΕΜ.
505 3375 613 3451 1‚42.
642 3374 679 3444 ἐκ
705 3380 765 3441 τοῦ
791 3372 837 3465 ἴψ
858 3373 986 3461 γίνεται
1012 3380 1104 3464 ῥῆμα
1129 3370 1261 3453 idme,
1294 3374 1332 3452 ἐξ

205 3462 242 3539 οὗ
270 3469 393 3550 ἶαπτός
415 3472 472 3537 καὶ
495 3469 655 3552 tramae,
679 3474 737 3539 ubi
760 3476 854 3542 deest
874 3475 1059 3563 pleonasmi
1079 3476 1218 3555 mentio,
1242 3497 1330 3561 quae

203 3572 345 3670 injicitm
367 3598 400 3659 p.
422 3573 496 3650 464,
518 3572 548 3639 9.
576 3569 687 3641 identat
713 3571 783 3643 διπδ
807 3580 867 3643 τοῦ
890 3574 979 3645 litato
1002 3579 1089 3645 κατὰ
1110 3575 1330 3661 πλεονασμὸν

203 3677 264 3741 τοῦ
283 3700 315 3752 α,
339 3674 430 3758 quod
445 3683 559 3739 contra
576 3676 631 3739 alii
649 3683 797 3741 statuunt
809 3672 899 3743 ἴπτω
917 3698 961 3741 ex
975 3672 1090 3745 ἶάπτω
1110 3687 1228 3743 natum
1242 3700 1328 3754 esse,

270 3875 301 3944 2)
314 3874 369 3929 Hic
381 3882 430 3931 aut
445 3876 654 3949 διεμοέφριαιο
671 3876 856 3933 scribendum
873 3884 926 3945 eet,
943 3884 975 3931 ut
985 3877 1147 3933 Kuesterut
1162 3878 1265 3943 voluit,
1278 3886 1329 3933 aut

201 3961 402 4031 διεπέφρακτο.

272 4047 302 4111 3)
320 4045 475 4115 Hesychius
493 4050 664 4119 Βαραιιινρῖσι
683 4042 820 4108 ἀκάνθαις
838 4043 966 4110 σκόλοψι.
1008 4044 1181 4117 Hnjnsmodi
1208 4047 1327 4101 sudibus

203 4129 379 4207 cancellatim
397 4132 557 4203 compositis
577 4138 777 4185 construuntur
796 4132 953 4204 sepimenta
969 4149 1045 4201 quae
1065 4131 1095 4185 in
1114 4132 1214 4187 media
1233 4131 1328 4187 latini·

200 4215 259 4261 tate
276 4204 382 4267 berria
400 4222 551 4283 vocantur3
576 4232 737 4285 nomenque
761 4219 817 4273 hoc
840 4221 925 4272 durat
945 4218 975 4271 in
994 4218 1207 4287 francogallioo
1228 4217 1329 4281 darre,

201 4290 358 4349 barrteade
377 4318 403 4353 v.
422 4301 468 4353 Du
481 4300 568 4369 Cang.
588 4308 617 4353 et
635 4300 750 4370 Menag.
765 4303 841 4357 Dict.
862 4323 891 4375 p.
906 4307 949 4359 81.
