2825 4809
242 302 313 374 174
608 261 930 360 mssnnrnnro
960 291 987 356 1.

240 479 394 569 ρόμενος,
422 487 555 565 praesto
582 487 635 546 est
660 475 785 553 thema,
814 475 903 540 unde
929 497 997 540 non
1024 475 1128 540 solum
1152 473 1255 545 λάσκια
1280 484 1326 547 sed
1374 461 1375 486 ¹

241 583 339 650 etiam
355 576 458 657 λάλος
475 577 581 644 evolvi
598 576 715 663 possit,
733 587 767 641 et
783 598 804 640 a
821 573 923 655 λάλος
937 576 1080 642 vicissim
1093 577 1190 655 λαλῶ,
1209 578 1326 662 λαλάζιι,

239 679 384 769 λαλαγὴ,
405 702 474 745 non
494 689 532 744 ut
553 678 662 744 Orion
683 676 764 742 dicit
785 700 819 762 p.
843 676 916 742 187.
937 689 971 742 ct
992 676 1155 743 Obocrob.
1176 677 1209 742 in
1226 678 1326 747 Pedn.

240 785 297 861 80,
317 782 370 849 35.
397 783 444 847 λιῦ
475 779 561 847 κατὰ
593 773 909 858 άναόιντλασιασμιλν
937 779 1041 844 λαλῶ.
1090 777 1158 842 Illis
1182 778 1327 846 verborum

239 883 427 952 biformium
446 878 605 966 exemplis
621 878 701 944 addi
716 887 827 975 potest
842 877 980 944 latinum
1000 878 1118 944 tinnire
1139 888 1170 944 et
1189 879 1328 948 tintinnire

242 988 311 1052 sive
331 983 516 1050 tintinnare.
561 981 665 1064 Quod
684 1000 762 1046 vcro
781 977 1002 1046 Schneiderus
1021 979 1134 1046 scribit
1154 981 1196 1045 ad
1213 982 1327 1049 Aristot.

240 1089 282 1152 Τ.
295 1086 361 1151 ΙΗ.
380 1084 455 1150 382.
478 1085 613 1165 simplex
633 1084 696 1166 [uit
717 1079 806 1160 τλζια,
828 1082 1025 1163 duplicatum
1047 1079 1164 1162 τετίζω
1184 1093 1210 1148 rt
1228 1082 1328 1165 τιτίζα,

237 1191 322 1254 eaor
342 1186 464 1268 τέττιγι
485 1203 600 1250 nomen
622 1185 701 1267 suit,
727 1181 849 1246 idonea
874 1180 1001 1247 ratione
1026 1191 1125 1247 caret.
1167 1182 1247 1246 Nam
1265 1195 1329 1249 uta

238 1283 338 1354 πιτιώ
361 1283 616 1350 άεείναλιιαιεει
636 1281 804 1364 πιττίζειν,
836 1283 927 1366 quod
953 1283 1046 1348 aliter
1072 1280 1201 1364 στάζειν
1224 1283 1328 1362 dicitnr,

239 1388 287 1453 sic
307 1409 328 1450 a
348 1381 433 1461 τιτλς
455 1382 670 1466 τιτίζειν”);
690 1382 824 1449 nomina
840 1405 917 1449 voro
934 1384 1010 1470 ipsa
1029 1384 1222 1449 avicularum
1238 1386 1328 1471 primi-

238 1489 305 1553 tiva
324 1495 401 1551 sunt
420 1494 458 1549 ut
480 1480 611 1563 κόκκυξ,
631 1482 747 1562 κικκάς
769 1484 837 1549 sive
863 1484 1018 1571 ιιίκιῤῥας,
1042 1485 1100 1569 qui
1122 1495 1154 1549 et
1171 1485 1330 1570 κσιιιιαβόας

241 1589 374 1665 dicitur,
406 1586 496 1650 ulula
522 1606 598 1649 vero
627 1582 770 1670 κικκάβη
798 1608 828 1650 v.
852 1583 976 1650 Coraes
1007 1585 1051 1649 ad
1073 1585 1218 1652 Xenocr.
1242 1609 1271 1672 p.
1291 1587 1328 1650 79.
1377 1651 1378 1658 ¹

238 1699 343 1754 turtur
378 1697 440 1754 etc.
472 1707 639 1770 unumque
670 1685 922 1772 quadrupedum
954 1684 1070 1771 Βηβήν
1106 1683 1144 1751 τι)
1178 1684 1331 1770 πρόβατον.

238 1790 309 1858 Sed
326 1811 427 1876 sacpc
444 1787 527 1852 haec
542 1785 744 1872 anadiplosis
762 1809 836 1852 cum
850 1785 1050 1852 derivatione
1061 1786 1220 1852 nascitur:
1242 1785 1330 1873 κράζει

108 1955 114 1964 ,
239 1888 421 1977 κεκράκτης
444 1885 645 1973 κεκραγμός,
666 1885 749 1970 σι’ζω
772 1884 892 1967 σιὰμός
913 1896 947 1952 et
969 1887 1163 1968 σισιλῖσμάς
1180 1887 1243 1952 sive
1263 1910 1332 1954 σισι·

238 1989 354 2077 λιγμός
382 1988 494 2056 Schol.
527 1991 595 2058 Od.
626 1991 691 2055 IX.
720 1988 793 2054 394.
823 1988 918 2052 Eunt.
943 1987 1036 2065 1636,
1061 1988 1113 2053 17.
1142 1989 1228 2074 quod
1255 1988 1331 2052 simul
1378 2023 1379 2034 ι

237 2091 437 2157 extrinsecus
460 2091 561 2156 crevit
578 2101 612 2156 ct
631 2091 836 2155 intrinsecus.
873 2089 925 2152 Ita
948 2111 968 2152 a
983 2089 1077 2176 θρέω
1095 2090 1165 2155 sive
1183 2086 1269 2176 θράω
1288 2111 1332 2152 su-

237 2214 329 2258 surro
351 2191 535 2277 profectum
555 2202 606 2256 est
628 2186 820 2278 τενθρηδιάν
849 2189 924 2275 (pro
955 2210 1021 2275 quo
1044 2188 1185 2278 θρηδών
1207 2190 1263 2254 dici
1280 2211 1332 2274 po-

236 2303 320 2359 terat
339 2307 378 2356 ut
399 2291 553 2378 πρηδών)
585 2292 783 2375 mutatisque
810 2289 1021 2356 antistoechis
1044 2288 1250 2378 πεμφρηόών
1268 2289 1332 2358 seh.

235 2394 310 2460 Nic.
327 2393 383 2458 Al.
407 2393 478 2458 182.
502 2403 535 2459 et
556 2415 597 2458 ex
616 2393 731 2459 eadem
750 2392 851 2478 stirpe
866 2397 985 2477 θροῦς,
1007 2388 1164 2480 τονθράς,
1186 2388 1315 2477 corderii

236 2504 270 2560 et
290 2495 381 2579 quod
401 2493 472 2558 aliis
492 2494 594 2560 literis
616 2495 705 2559 idem
727 2492 891 2579 significat
911 2489 1100 2580 βομβρύζω.
1132 2491 1335 2578 Itemapte'o

236 2593 332 2684 φλάω
360 2594 463 2661 bullio
491 2595 595 2661 bilbio
626 2617 748 2660 nomen
779 2592 963 2681 παμφάλυξ
992 2591 1100 2670 bulla,
1140 2594 1230 2678 quod
1257 2591 1336 2656 etiam

233 2693 398 2780 βομβαλίς
419 2705 452 2759 et
474 2695 647 2782 βαμβόλαξ
668 2695 828 2761 scribitur.
872 2693 1011 2758 Homeri
1039 2692 1177 2759 verbum
1198 2689 1337 2780 κάρκαιρε

235 2801 315 2879 γαῖα
338 2795 483 2862 πόδεσσι
505 2792 690 2881 ὀρνυμένων
711 2797 752 2861 Π.
773 2796 857 2862 ΧΧ.
880 2794 951 2859 157.
979 2794 1186 2862 scholiastae
1207 2804 1261 2860 aut
1278 2814 1336 2858 nro·

233 2905 303 2960 tum
317 2906 423 2961 terrac
443 2895 627 2981 significare
646 2907 765 2983 putant
782 2906 838 2961 aut
856 2918 973 2960 sonum
990 2892 1209 2984 ἒνραδαίνετο
1228 2890 1337 2962 ἐσείετο

234 2995 375 3084 ἐψόφει.
417 2997 507 3062 sslud
526 2997 670 3085 praefert
689 2998 770 3063 EM.
794 2997 866 3075 716,
892 2997 921 3062 1.
950 2993 1080 3083 σκαίρια
1108 2994 1169 3062 καὶ
1196 2990 1336 3081 ἀποβολῇ

232 3093 340 3183 καίρω
369 3098 692 3185 narrentanorum}
723 3096 907 3182 καρκαίρια.
962 3097 1032 3166 Sed
1064 3095 1145 3163 haec
1178 3093 1338 3182 originatio

233 3194 455 3278 subasburda‚
484 3196 655 3286 καρκαίρω
679 3197 814 3265 verbrmr
840 3199 982 3264 solidum
1010 3207 1061 3264 est
1089 3209 1122 3263 ct
1148 3198 1339 3264 individuum

231 3306 269 3360 ut
290 3297 463 3382 yorpyct'pw
489 3310 524 3364 ct
546 3299 685 3366 fortasse
710 3300 857 3385 ejusdem
881 3299 1142 3386 significationis,
1171 3322 1269 3384 quam
1292 3319 1339 3360 cx·

230 3398 341 3485 primit
362 3401 584 3484 germanicum
602 3404 770 3468 cataracta
814 3399 900 3466 Nam
929 3401 957 3466 si
987 3423 1105 3487 agmen
1130 3401 1269 3465 militum
1291 3417 1340 3484 per

231 3521 383 3586 campum
404 3501 577 3566 ordinatim
599 3501 738 3578 incedit,
766 3501 879 3566 oculos
905 3503 1122 3588 spectantium
1143 3502 1227 3568 nihil
1248 3499 1341 3584 magis

230 3599 305 3665 ferit
333 3622 431 3685 quam
458 3602 563 3667 crebri
594 3613 627 3668 et
655 3602 812 3670 micantes
844 3603 968 3690 pedum
997 3613 1106 3668 motus
1139 3604 1187 3669 sio
1218 3613 1255 3668 ut
1286 3599 1341 3664 diei

230 3699 338 3787 possit
362 3703 413 3768 ere
434 3704 520 3769 Erde
544 3707 693 3770 wimmelt
718 3717 782 3770 vote
806 3705 955 3772 Facerem
1002 3706 1079 3770 Hoc
1104 3704 1133 3768 si
1157 3714 1266 3770 ratum
1290 3701 1341 3766 ha-

230 3800 355 3879 bemus,
380 3811 553 3889 utrumque
574 3803 709 3870 verbum
730 3828 799 3871 non
823 3805 866 3871 ad
888 3805 1036 3872 auditum
1057 3806 1202 3892 pertinet
1227 3803 1285 3872 sed
1305 3801 1342 3866 ad

201 4055 205 4070 ’
299 4056 346 4123 31))
364 4056 503 4112 Incertior
521 4064 565 4111 est
581 4056 721 4128 scriptura
738 4055 860 4128 τιγόνιαν
878 4075 931 4130 pro
950 4055 1124 4126 τειιιγάνιιιν,
1146 4059 1222 4112 unde
1240 4055 1342 4110 Meine·

230 4138 295 4194 kias
316 4141 512 4197 meretriculae
532 4161 635 4198 nomen
656 4145 775 4198 ductum
797 4142 957 4214 suspicatur
976 4142 1155 4215 Ἀλέξανδρος
1175 4145 1207 4198 ἐν
1229 4146 1345 4211 Τιγσνίῳ

231 4225 357 4281 scribens
368 4228 433 4282 Vol.
447 4228 498 4282 IV.
513 4232 572 4281 554.
584 4247 637 4300 pro
650 4230 682 4283 ἐν
696 4233 804 4299 Τίγονι.
828 4227 927 4284 Tutius
943 4227 1061 4285 forsitan
1075 4227 1161 4283 fuerit
1173 4231 1203 4284 tr
1220 4219 1344 4300 Τρυγόνα
