<?xml version="1.0" encoding="UTF-8"?>
<!DOCTYPE html PUBLIC "-//W3C//DTD XHTML 1.0 Transitional//EN"
    "http://www.w3.org/TR/xhtml1/DTD/xhtml1-transitional.dtd">
<html xmlns="http://www.w3.org/1999/xhtml" xml:lang="en" lang="en">
 <head>
  <title>
</title>
<meta http-equiv="Content-Type" content="text/html;charset=utf-8" />
  <meta name='ocr-system' content='tesseract 3.04.00' />
  <meta name='ocr-capabilities' content='ocr_page ocr_carea ocr_par ocr_line ocrx_word'/>
</head>
<body>
  <div class='ocr_page' id='page_1' title='image "./pathologiaegrae01lobegoog/pathologiaegrae01lobegoog_0408.png"; bbox 0 0 2825 4809; ppageno 0'>
   <div class='ocr_carea' id='block_1_1' title="bbox 209 336 1042 419">
    <p class='ocr_par' dir='ltr' id='par_1_1' title="bbox 209 336 1042 419">
     <span class='ocr_line' id='line_1_1' title="bbox 209 336 1042 419; baseline -0.019 -2"><span class='ocrx_word' id='word_1_1' title='bbox 209 344 285 419; x_wconf 76' lang='grc'>390</span> <span class='ocrx_word' id='word_1_2' title='bbox 496 336 818 407; x_wconf 83' lang='lat' dir='ltr'><strong>DISSERTATIO</strong></span> <span class='ocrx_word' id='word_1_3' title='bbox 846 336 893 401; x_wconf 90' lang='lat'>11.</span> <span class='ocrx_word' id='word_1_4' title='bbox 936 336 977 402; x_wconf 88' lang='lat' dir='ltr'>P.</span> <span class='ocrx_word' id='word_1_5' title='bbox 994 336 1042 402; x_wconf 83' lang='grc' dir='ltr'>Π.</span> 
     </span>
    </p>
   </div>
   <div class='ocr_carea' id='block_1_2' title="bbox 115 520 1393 4373">
    <p class='ocr_par' dir='ltr' id='par_1_2' title="bbox 115 520 1393 4373">
     <span class='ocr_line' id='line_1_2' title="bbox 210 520 1331 611; baseline -0.006 -21"><span class='ocrx_word' id='word_1_6' title='bbox 210 546 308 611; x_wconf 86' lang='lat' dir='ltr'>quam</span> <span class='ocrx_word' id='word_1_7' title='bbox 334 522 370 587; x_wconf 93' lang='lat' dir='ltr'>in</span> <span class='ocrx_word' id='word_1_8' title='bbox 398 522 531 589; x_wconf 83' lang='lat' dir='ltr'>nostris·</span> <span class='ocrx_word' id='word_1_9' title='bbox 547 522 639 589; x_wconf 90' lang='lat' dir='ltr'>libris</span> <span class='ocrx_word' id='word_1_10' title='bbox 667 522 859 610; x_wconf 77' lang='lat' dir='ltr'>saepissime</span> <span class='ocrx_word' id='word_1_11' title='bbox 888 522 973 589; x_wconf 82' lang='grc' dir='ltr'><strong><em>ποία</em></strong></span> <span class='ocrx_word' id='word_1_12' title='bbox 1002 520 1154 587; x_wconf 84' lang='lat' dir='ltr'>scribitur</span> <span class='ocrx_word' id='word_1_13' title='bbox 1180 520 1284 605; x_wconf 86' lang='lat' dir='ltr'>idque</span> <span class='ocrx_word' id='word_1_14' title='bbox 1313 542 1331 583; x_wconf 84' lang='lat' dir='ltr'>a</span> 
     </span>
     <span class='ocr_line' id='line_1_3' title="bbox 209 621 1332 712; baseline -0.007 -17"><span class='ocrx_word' id='word_1_15' title='bbox 209 625 375 712; x_wconf 82' lang='lat' dir='ltr'>Gregorio</span> <span class='ocrx_word' id='word_1_16' title='bbox 403 624 524 711; x_wconf 83' lang='lat' dir='ltr'>paritor</span> <span class='ocrx_word' id='word_1_17' title='bbox 552 634 589 689; x_wconf 91' lang='lat' dir='ltr'>ut</span> <span class='ocrx_word' id='word_1_18' title='bbox 623 625 700 709; x_wconf 78' lang='grc' dir='ltr'><strong><em>ῥυόα</em></strong></span> <span class='ocrx_word' id='word_1_19' title='bbox 729 635 763 690; x_wconf 88' lang='lat' dir='ltr'>et</span> <span class='ocrx_word' id='word_1_20' title='bbox 789 622 889 709; x_wconf 81' lang='grc' dir='ltr'><strong><em>χροόα</em></strong></span> <span class='ocrx_word' id='word_1_21' title='bbox 918 622 1038 689; x_wconf 87' lang='lat' dir='ltr'>rectius</span> <span class='ocrx_word' id='word_1_22' title='bbox 1067 623 1111 687; x_wconf 87' lang='lat' dir='ltr'>ad</span> <span class='ocrx_word' id='word_1_23' title='bbox 1138 621 1332 710; x_wconf 79' lang='lat' dir='ltr'>epenthesis</span> 
     </span>
     <span class='ocr_line' id='line_1_4' title="bbox 210 724 1332 811; baseline -0.006 -16"><span class='ocrx_word' id='word_1_24' title='bbox 210 728 356 795; x_wconf 78' lang='lat' dir='ltr'>refertur.</span> <span class='ocrx_word' id='word_1_25' title='bbox 408 727 503 793; x_wconf 91' lang='lat' dir='ltr'>Idem</span> <span class='ocrx_word' id='word_1_26' title='bbox 518 728 781 794; x_wconf 86' lang='lat' dir='ltr'>consonantium</span> <span class='ocrx_word' id='word_1_27' title='bbox 811 726 942 792; x_wconf 81' lang='lat' dir='ltr'>deiectu</span> <span class='ocrx_word' id='word_1_28' title='bbox 972 725 1059 791; x_wconf 82' lang='lat' dir='ltr'>effici</span> <span class='ocrx_word' id='word_1_29' title='bbox 1090 725 1191 789; x_wconf 81' lang='lat' dir='ltr'>tradit</span> <span class='ocrx_word' id='word_1_30' title='bbox 1221 724 1332 811; x_wconf 87' lang='lat' dir='ltr'>Epim</span> 
     </span>
     <span class='ocr_line' id='line_1_5' title="bbox 211 822 1335 917; baseline -0.004 -22"><span class='ocrx_word' id='word_1_31' title='bbox 211 830 257 897; x_wconf 92' lang='lat'>11.</span> <span class='ocrx_word' id='word_1_32' title='bbox 279 828 354 895; x_wconf 90' lang='grc'>425.</span> <span class='ocrx_word' id='word_1_33' title='bbox 378 830 528 916; x_wconf 86' lang='lat' dir='ltr'>exemplo</span> <span class='ocrx_word' id='word_1_34' title='bbox 551 830 664 917; x_wconf 90' lang='lat' dir='ltr'>inepto</span> <span class='ocrx_word' id='word_1_35' title='bbox 688 829 725 898; x_wconf 77' lang='grc' dir='ltr'>ἐκ</span> <span class='ocrx_word' id='word_1_36' title='bbox 746 834 807 897; x_wconf 83' lang='grc' dir='ltr'><strong><em>τοῦ</em></strong></span> <span class='ocrx_word' id='word_1_37' title='bbox 834 822 954 915; x_wconf 80' lang='grc' dir='ltr'><strong><em>ὡρινός</em></strong></span> <span class='ocrx_word' id='word_1_38' title='bbox 975 824 1102 913; x_wconf 78' lang='grc' dir='ltr'><strong><em>γίνεται</em></strong></span> <span class='ocrx_word' id='word_1_39' title='bbox 1121 823 1227 909; x_wconf 80' lang='grc' dir='ltr'><strong><em>ὥριος</em></strong></span> <span class='ocrx_word' id='word_1_40' title='bbox 1250 824 1335 891; x_wconf 82' lang='grc' dir='ltr'><strong><em>κατὰ</em></strong></span> 
     </span>
     <span class='ocr_line' id='line_1_6' title="bbox 212 921 1336 1020; baseline -0.007 -19"><span class='ocrx_word' id='word_1_41' title='bbox 212 924 386 1020; x_wconf 77' lang='grc' dir='ltr'><strong><em>ἀποβολὴν</em></strong></span> <span class='ocrx_word' id='word_1_42' title='bbox 415 937 517 1001; x_wconf 74' lang='grc' dir='ltr'><strong><em>τοῦν</em></strong></span> <span class='ocrx_word' id='word_1_43' title='bbox 551 926 749 1018; x_wconf 71' lang='grc' dir='ltr'><strong><em>ἀναπέμψαι</em></strong></span> <span class='ocrx_word' id='word_1_44' title='bbox 777 934 840 998; x_wconf 77' lang='grc' dir='ltr'><strong><em>τοῦ</em></strong></span> <span class='ocrx_word' id='word_1_45' title='bbox 871 927 971 995; x_wconf 93' lang='grc' dir='ltr'><strong><em>τόνου</em></strong></span> <span class='ocrx_word' id='word_1_46' title='bbox 1006 923 1118 1012; x_wconf 78' lang='grc' dir='ltr'><strong><em>ὥςπερ</em></strong></span> <span class='ocrx_word' id='word_1_47' title='bbox 1156 921 1336 1012; x_wconf 76' lang='grc' dir='ltr'><strong><em>ἓσπερινός</em></strong></span> 
     </span>
     <span class='ocr_line' id='line_1_7' title="bbox 211 1028 1381 1119; baseline -0.009 -18"><span class='ocrx_word' id='word_1_48' title='bbox 211 1029 383 1119; x_wconf 77' lang='grc' dir='ltr'><em>ἑσπέριος,</em></span> <span class='ocrx_word' id='word_1_49' title='bbox 412 1031 599 1118; x_wconf 84' lang='grc' dir='ltr'><strong><em>χειμερινάς</em></strong></span> <span class='ocrx_word' id='word_1_50' title='bbox 626 1030 815 1117; x_wconf 82' lang='grc' dir='ltr'><strong><em>χειμέριος·</em></strong></span> <span class='ocrx_word' id='word_1_51' title='bbox 843 1054 921 1096; x_wconf 79' lang='lat' dir='ltr'>nam</span> <span class='ocrx_word' id='word_1_52' title='bbox 949 1028 1137 1114; x_wconf 85' lang='lat' dir='ltr'>adjectiva</span> <span class='ocrx_word' id='word_1_53' title='bbox 1127 1053 1162 1093; x_wconf 91' lang='lat' dir='ltr'>m</span> <span class='ocrx_word' id='word_1_54' title='bbox 1190 1054 1246 1107; x_wconf 89' lang='grc' dir='ltr'>ιυς</span> <span class='ocrx_word' id='word_1_55' title='bbox 1278 1051 1335 1093; x_wconf 85' lang='lat' dir='ltr'>ex·</span> <span class='ocrx_word' id='word_1_56' title='bbox 1364 1063 1381 1114; x_wconf 40' lang='lat' dir='ltr'>»J</span> 
     </span>
     <span class='ocr_line' id='line_1_8' title="bbox 211 1130 1336 1259; baseline -0.004 -58"><span class='ocrx_word' id='word_1_57' title='bbox 211 1135 323 1201; x_wconf 88' lang='lat' dir='ltr'>euntia</span> <span class='ocrx_word' id='word_1_58' title='bbox 348 1144 465 1200; x_wconf 87' lang='lat' dir='ltr'>natura</span> <span class='ocrx_word' id='word_1_59' title='bbox 497 1144 673 1219; x_wconf 73' lang='lat' dir='ltr'>gravantur</span> <span class='ocrx_word' id='word_1_60' title='bbox 707 1134 855 1221; x_wconf 84' lang='lat' dir='ltr'>exceptis</span> <span class='ocrx_word' id='word_1_61' title='bbox 871 1132 1079 1259; x_wconf 74' lang='lat' dir='ltr'>perpaucis.</span> <span class='ocrx_word' id='word_1_62' title='bbox 1127 1130 1336 1196; x_wconf 86' lang='lat' dir='ltr'>Adverbium</span> 
     </span>
     <span class='ocr_line' id='line_1_9' title="bbox 212 1227 1337 1325; baseline -0.005 -21"><span class='ocrx_word' id='word_1_63' title='bbox 212 1259 273 1325; x_wconf 90' lang='lat' dir='ltr'>pro</span> <span class='ocrx_word' id='word_1_64' title='bbox 302 1237 452 1325; x_wconf 87' lang='lat' dir='ltr'>exemplo</span> <span class='ocrx_word' id='word_1_65' title='bbox 475 1237 570 1302; x_wconf 83' lang='lat' dir='ltr'>affert</span> <span class='ocrx_word' id='word_1_66' title='bbox 589 1237 669 1303; x_wconf 83' lang='grc' dir='ltr'>ΕΜ.</span> <span class='ocrx_word' id='word_1_67' title='bbox 701 1236 752 1314; x_wconf 89' lang='grc'>19,</span> <span class='ocrx_word' id='word_1_68' title='bbox 779 1237 832 1302; x_wconf 83' lang='grc'>32.</span> <span class='ocrx_word' id='word_1_69' title='bbox 863 1229 977 1322; x_wconf 79' lang='grc' dir='ltr'><strong><em>άὲκητι</em></strong></span> <span class='ocrx_word' id='word_1_70' title='bbox 1005 1228 1081 1301; x_wconf 73' lang='lat' dir='ltr'>cini</span> <span class='ocrx_word' id='word_1_71' title='bbox 1104 1238 1165 1300; x_wconf 85' lang='grc' dir='ltr'><strong><em>τοῦ</em></strong></span> <span class='ocrx_word' id='word_1_72' title='bbox 1191 1227 1337 1301; x_wconf 81' lang='grc' dir='ltr'><strong><em>άειιαστό</em></strong></span> 
     </span>
     <span class='ocr_line' id='line_1_10' title="bbox 211 1331 1382 1429; baseline -0.004 -26"><span class='ocrx_word' id='word_1_73' title='bbox 211 1364 275 1405; x_wconf 84' lang='grc' dir='ltr'><strong><em>κατ</em></strong></span> <span class='ocrx_word' id='word_1_74' title='bbox 276 1331 485 1429; x_wconf 77' lang='grc' dir='ltr'><strong><em>άποβσλὴν</em></strong></span> <span class='ocrx_word' id='word_1_75' title='bbox 507 1343 567 1406; x_wconf 84' lang='grc' dir='ltr'><strong><em>τοῦ</em></strong></span> <span class='ocrx_word' id='word_1_76' title='bbox 596 1336 695 1404; x_wconf 83' lang='grc' dir='ltr'><strong><em>σκαὶ</em></strong></span> <span class='ocrx_word' id='word_1_77' title='bbox 721 1341 836 1425; x_wconf 80' lang='grc' dir='ltr'><strong><em>τροπῇ</em></strong></span> <span class='ocrx_word' id='word_1_78' title='bbox 857 1333 977 1425; x_wconf 76' lang='grc' dir='ltr'><strong><em>ἰωνικῇ</em></strong></span> <span class='ocrx_word' id='word_1_79' title='bbox 1000 1336 1076 1423; x_wconf 83' lang='grc' dir='ltr'><strong><em>[τοῦ</em></strong></span> <span class='ocrx_word' id='word_1_80' title='bbox 1099 1363 1121 1401; x_wconf 93' lang='grc' dir='ltr'><strong><em>α</em></strong></span> <span class='ocrx_word' id='word_1_81' title='bbox 1143 1331 1193 1414; x_wconf 83' lang='grc' dir='ltr'><strong><em>εἷς</em></strong></span> <span class='ocrx_word' id='word_1_82' title='bbox 1215 1332 1252 1421; x_wconf 82' lang='grc' dir='ltr'>η]</span> <span class='ocrx_word' id='word_1_83' title='bbox 1281 1332 1337 1399; x_wconf 80' lang='grc' dir='ltr'>καὶ</span> <span class='ocrx_word' id='word_1_84' title='bbox 1381 1339 1382 1348; x_wconf 74' lang='grc'>’</span> 
     </span>
     <span class='ocr_line' id='line_1_11' title="bbox 164 1431 1338 1528; baseline -0.004 -23"><span class='ocrx_word' id='word_1_85' title='bbox 164 1500 172 1515; x_wconf 70' lang='grc'><strong><em>,</em></strong></span> <span class='ocrx_word' id='word_1_86' title='bbox 212 1432 410 1523; x_wconf 69' lang='grc' dir='ltr'><strong><em>ἀναβιβάσαι</em></strong></span> <span class='ocrx_word' id='word_1_87' title='bbox 429 1442 489 1507; x_wconf 83' lang='grc' dir='ltr'><strong><em>τοῦ</em></strong></span> <span class='ocrx_word' id='word_1_88' title='bbox 509 1436 621 1506; x_wconf 88' lang='grc' dir='ltr'><strong><em>τόνου·</em></strong></span> <span class='ocrx_word' id='word_1_89' title='bbox 645 1436 665 1528; x_wconf 83' lang='grc' dir='ltr'><strong><em>ἡ</em></strong></span> <span class='ocrx_word' id='word_1_90' title='bbox 688 1437 751 1523; x_wconf 81' lang='grc' dir='ltr'>γὰρ</span> <span class='ocrx_word' id='word_1_91' title='bbox 773 1433 930 1523; x_wconf 75' lang='grc' dir='ltr'><strong><em>ἀποβολὴ</em></strong></span> <span class='ocrx_word' id='word_1_92' title='bbox 952 1435 1120 1526; x_wconf 80' lang='grc' dir='ltr'><strong><em>πολλάκις</em></strong></span> <span class='ocrx_word' id='word_1_93' title='bbox 1140 1431 1338 1520; x_wconf 75' lang='grc' dir='ltr'>ἀναβιβάζει</span> 
     </span>
     <span class='ocr_line' id='line_1_12' title="bbox 211 1535 1337 1625; baseline -0.004 -18"><span class='ocrx_word' id='word_1_94' title='bbox 211 1538 289 1617; x_wconf 82' lang='grc' dir='ltr'><strong><em>τοὺς</em></strong></span> <span class='ocrx_word' id='word_1_95' title='bbox 309 1535 433 1618; x_wconf 80' lang='grc' dir='ltr'><strong><em>τόνους.</em></strong></span> <span class='ocrx_word' id='word_1_96' title='bbox 476 1540 606 1605; x_wconf 84' lang='lat' dir='ltr'>Eodem</span> <span class='ocrx_word' id='word_1_97' title='bbox 627 1541 730 1605; x_wconf 89' lang='lat' dir='ltr'>utitur</span> <span class='ocrx_word' id='word_1_98' title='bbox 750 1549 784 1603; x_wconf 86' lang='lat' dir='ltr'>et</span> <span class='ocrx_word' id='word_1_99' title='bbox 803 1539 847 1602; x_wconf 89' lang='lat' dir='ltr'>ad</span> <span class='ocrx_word' id='word_1_100' title='bbox 875 1540 1013 1604; x_wconf 85' lang='lat' dir='ltr'>eandem</span> <span class='ocrx_word' id='word_1_101' title='bbox 1040 1560 1110 1604; x_wconf 91' lang='lat' dir='ltr'>rem</span> <span class='ocrx_word' id='word_1_102' title='bbox 1131 1538 1337 1625; x_wconf 88' lang='lat' dir='ltr'>Apollonius</span> 
     </span>
     <span class='ocr_line' id='line_1_13' title="bbox 214 1635 1339 1728; baseline 0.001 -23"><span class='ocrx_word' id='word_1_103' title='bbox 214 1641 255 1707; x_wconf 92' lang='lat' dir='ltr'>de</span> <span class='ocrx_word' id='word_1_104' title='bbox 278 1639 374 1725; x_wconf 88' lang='lat' dir='ltr'>Conj.</span> <span class='ocrx_word' id='word_1_105' title='bbox 397 1666 430 1728; x_wconf 90' lang='lat' dir='ltr'>p.</span> <span class='ocrx_word' id='word_1_106' title='bbox 453 1640 527 1707; x_wconf 84' lang='lat'><strong>500.</strong></span> <span class='ocrx_word' id='word_1_107' title='bbox 549 1642 637 1707; x_wconf 88' lang='lat' dir='ltr'>Adv.</span> <span class='ocrx_word' id='word_1_108' title='bbox 660 1641 734 1707; x_wconf 91' lang='grc'>545.</span> <span class='ocrx_word' id='word_1_109' title='bbox 758 1641 818 1707; x_wconf 90' lang='lat' dir='ltr'>sed</span> <span class='ocrx_word' id='word_1_110' title='bbox 839 1640 1002 1725; x_wconf 85' lang='lat' dir='ltr'>adjunctis</span> <span class='ocrx_word' id='word_1_111' title='bbox 1023 1641 1113 1706; x_wconf 84' lang='lat' dir='ltr'>aliis.</span> <span class='ocrx_word' id='word_1_112' title='bbox 1134 1640 1174 1709; x_wconf 90' lang='grc' dir='ltr'><strong><em>τὸ</em></strong></span> <span class='ocrx_word' id='word_1_113' title='bbox 1196 1635 1339 1708; x_wconf 82' lang='grc' dir='ltr'><strong><em>όιειιαστί</em></strong></span> 
     </span>
     <span class='ocr_line' id='line_1_14' title="bbox 213 1736 1337 1829; baseline -0.002 -21"><span class='ocrx_word' id='word_1_114' title='bbox 213 1737 375 1809; x_wconf 78' lang='grc' dir='ltr'><strong><em>ἀποτελεῖ</em></strong></span> <span class='ocrx_word' id='word_1_115' title='bbox 397 1740 437 1811; x_wconf 85' lang='grc' dir='ltr'><strong><em>τὸ</em></strong></span> <span class='ocrx_word' id='word_1_116' title='bbox 460 1738 576 1829; x_wconf 76' lang='grc' dir='ltr'><strong><em>ἇόνιητι</em></strong></span> <span class='ocrx_word' id='word_1_117' title='bbox 597 1748 656 1809; x_wconf 80' lang='grc' dir='ltr'><strong><em>τοῦ</em></strong></span> <span class='ocrx_word' id='word_1_118' title='bbox 677 1740 775 1809; x_wconf 88' lang='grc' dir='ltr'><strong><em>τόνου</em></strong></span> <span class='ocrx_word' id='word_1_119' title='bbox 797 1736 942 1829; x_wconf 75' lang='grc' dir='ltr'><strong><em>εὐλόγως</em></strong></span> <span class='ocrx_word' id='word_1_120' title='bbox 964 1736 1251 1827; x_wconf 71' lang='grc' dir='ltr'><strong><em>άναβιβιισθένιος</em></strong></span> <span class='ocrx_word' id='word_1_121' title='bbox 1275 1740 1337 1807; x_wconf 76' lang='grc' dir='ltr'>καὶ</span> 
     </span>
     <span class='ocr_line' id='line_1_15' title="bbox 162 1836 1340 1928; baseline 0 -19"><span class='ocrx_word' id='word_1_122' title='bbox 162 1872 166 1895; x_wconf 65' lang='lat'><em>²</em></span> <span class='ocrx_word' id='word_1_123' title='bbox 213 1839 338 1911; x_wconf 79' lang='grc' dir='ltr'><strong><em>καθότι</em></strong></span> <span class='ocrx_word' id='word_1_124' title='bbox 360 1840 470 1911; x_wconf 86' lang='grc' dir='ltr'><strong><em>ενδεια</em></strong></span> <span class='ocrx_word' id='word_1_125' title='bbox 495 1842 661 1922; x_wconf 81' lang='grc' dir='ltr'><strong><em>πολλάκις</em></strong></span> <span class='ocrx_word' id='word_1_126' title='bbox 680 1849 740 1911; x_wconf 81' lang='grc' dir='ltr'><strong><em>τοῦ</em></strong></span> <span class='ocrx_word' id='word_1_127' title='bbox 761 1867 783 1911; x_wconf 96' lang='grc' dir='ltr'><strong><em>σ</em></strong></span> <span class='ocrx_word' id='word_1_128' title='bbox 804 1839 1037 1928; x_wconf 78' lang='grc' dir='ltr'><strong><em>όιναβιβασμὸν</em></strong></span> <span class='ocrx_word' id='word_1_129' title='bbox 1050 1847 1110 1910; x_wconf 78' lang='lat' dir='ltr'>roi</span> <span class='ocrx_word' id='word_1_130' title='bbox 1129 1841 1230 1911; x_wconf 89' lang='grc' dir='ltr'><strong><em>τόνου</em></strong></span> <span class='ocrx_word' id='word_1_131' title='bbox 1246 1836 1340 1911; x_wconf 81' lang='grc' dir='ltr'><strong><em>άπα-</em></strong></span> 
     </span>
     <span class='ocr_line' id='line_1_16' title="bbox 212 1938 1340 2032; baseline -0.001 -21"><span class='ocrx_word' id='word_1_132' title='bbox 212 1946 313 2023; x_wconf 83' lang='grc' dir='ltr'><strong><em>τελεῖ,</em></strong></span> <span class='ocrx_word' id='word_1_133' title='bbox 337 1938 530 2030; x_wconf 82' lang='grc' dir='ltr'><strong><em>οότάμινος,</em></strong></span> <span class='ocrx_word' id='word_1_134' title='bbox 554 1941 771 2032; x_wconf 79' lang='grc' dir='ltr'><strong><em>ἐληλάμενυς,</em></strong></span> <span class='ocrx_word' id='word_1_135' title='bbox 794 1941 1019 2030; x_wconf 78' lang='grc' dir='ltr'><strong><em>δεσπότης,’</em></strong></span> <span class='ocrx_word' id='word_1_136' title='bbox 1003 1942 1159 2031; x_wconf 76' lang='grc' dir='ltr'><strong><em>εργάτης</em></strong></span> <span class='ocrx_word' id='word_1_137' title='bbox 1187 1943 1252 2011; x_wconf 81' lang='grc' dir='ltr'>καὶ</span> <span class='ocrx_word' id='word_1_138' title='bbox 1275 1969 1340 2010; x_wconf 77' lang='grc' dir='ltr'>κα-</span> 
     </span>
     <span class='ocr_line' id='line_1_17' title="bbox 212 2040 1343 2134; baseline -0.002 -21"><span class='ocrx_word' id='word_1_139' title='bbox 212 2042 295 2113; x_wconf 75' lang='grc' dir='ltr'><strong><em>θότι</em></strong></span> <span class='ocrx_word' id='word_1_140' title='bbox 315 2044 357 2114; x_wconf 85' lang='grc' dir='ltr'><strong><em>τὰ</em></strong></span> <span class='ocrx_word' id='word_1_141' title='bbox 379 2042 479 2134; x_wconf 73' lang='grc' dir='ltr'><strong><em>πάθη</em></strong></span> <span class='ocrx_word' id='word_1_142' title='bbox 500 2052 572 2124; x_wconf 87' lang='grc' dir='ltr'><strong><em>τοῖς</em></strong></span> <span class='ocrx_word' id='word_1_143' title='bbox 589 2040 710 2123; x_wconf 86' lang='grc' dir='ltr'><strong><em>τόποις</em></strong></span> <span class='ocrx_word' id='word_1_144' title='bbox 731 2047 951 2132; x_wconf 81' lang='grc' dir='ltr'><strong><em>συνεντρέχει,</em></strong></span> <span class='ocrx_word' id='word_1_145' title='bbox 974 2045 1039 2112; x_wconf 90' lang='lat' dir='ltr'>hoc</span> <span class='ocrx_word' id='word_1_146' title='bbox 1061 2057 1111 2111; x_wconf 89' lang='lat' dir='ltr'>est</span> <span class='ocrx_word' id='word_1_147' title='bbox 1130 2045 1212 2132; x_wconf 87' lang='lat' dir='ltr'>quia</span> <span class='ocrx_word' id='word_1_148' title='bbox 1232 2045 1281 2113; x_wconf 80' lang='grc' dir='ltr'><strong><em>τὰ</em></strong></span> <span class='ocrx_word' id='word_1_149' title='bbox 1294 2070 1343 2123; x_wconf 87' lang='grc' dir='ltr'>εις</span> 
     </span>
     <span class='ocr_line' id='line_1_18' title="bbox 212 2142 1390 2236; baseline -0.002 -21"><span class='ocrx_word' id='word_1_150' title='bbox 212 2171 271 2236; x_wconf 82' lang='grc' dir='ltr'>της</span> <span class='ocrx_word' id='word_1_151' title='bbox 300 2142 458 2229; x_wconf 82' lang='grc' dir='ltr'><strong><em>ἀρσενικὰ</em></strong></span> <span class='ocrx_word' id='word_1_152' title='bbox 487 2145 628 2235; x_wconf 81' lang='grc' dir='ltr'><strong><em>βραχείᾳ</em></strong></span> <span class='ocrx_word' id='word_1_153' title='bbox 656 2143 917 2233; x_wconf 78' lang='grc' dir='ltr'><strong><em>παραληγόμενα</em></strong></span> <span class='ocrx_word' id='word_1_154' title='bbox 949 2142 1149 2232; x_wconf 76' lang='grc' dir='ltr'><strong><em>βαρύνονται</em></strong></span> <span class='ocrx_word' id='word_1_155' title='bbox 1178 2150 1264 2215; x_wconf 83' lang='lat' dir='ltr'>Arc.</span> <span class='ocrx_word' id='word_1_156' title='bbox 1289 2148 1342 2213; x_wconf 84' lang='grc'>20.</span> <span class='ocrx_word' id='word_1_157' title='bbox 1389 2171 1390 2178; x_wconf 62' lang='grc'><strong>“</strong></span> 
     </span>
     <span class='ocr_line' id='line_1_19' title="bbox 212 2244 1392 2334; baseline 0.002 -20"><span class='ocrx_word' id='word_1_158' title='bbox 212 2273 243 2315; x_wconf 90' lang='lat' dir='ltr'>v.</span> <span class='ocrx_word' id='word_1_159' title='bbox 266 2248 387 2314; x_wconf 85' lang='lat' dir='ltr'>Parsll.</span> <span class='ocrx_word' id='word_1_160' title='bbox 408 2247 484 2311; x_wconf 85' lang='grc'>447.</span> <span class='ocrx_word' id='word_1_161' title='bbox 511 2247 589 2313; x_wconf 90' lang='lat' dir='ltr'>item</span> <span class='ocrx_word' id='word_1_162' title='bbox 614 2258 651 2312; x_wconf 90' lang='lat' dir='ltr'>ut</span> <span class='ocrx_word' id='word_1_163' title='bbox 672 2246 846 2334; x_wconf 84' lang='lat' dir='ltr'>participia</span> <span class='ocrx_word' id='word_1_164' title='bbox 867 2244 1058 2333; x_wconf 74' lang='grc' dir='ltr'><strong><em>ἱστάμενος,</em></strong></span> <span class='ocrx_word' id='word_1_165' title='bbox 1085 2245 1343 2333; x_wconf 78' lang='grc' dir='ltr'><strong><em>πιμπλάμενος.</em></strong></span> <span class='ocrx_word' id='word_1_166' title='bbox 1390 2277 1392 2284; x_wconf 70' lang='grc'><em>’</em></span> 
     </span>
     <span class='ocr_line' id='line_1_20' title="bbox 213 2344 1393 2436; baseline -0.004 -17"><span class='ocrx_word' id='word_1_167' title='bbox 213 2353 338 2419; x_wconf 91' lang='lat' dir='ltr'>Verum</span> <span class='ocrx_word' id='word_1_168' title='bbox 358 2350 422 2415; x_wconf 85' lang='lat' dir='ltr'>ista</span> <span class='ocrx_word' id='word_1_169' title='bbox 444 2344 631 2414; x_wconf 86' lang='lat' dir='ltr'>adverbii&#39;</span> <span class='ocrx_word' id='word_1_170' title='bbox 612 2348 729 2434; x_wconf 82' lang='grc' dir='ltr'><strong><em>αέκητι</em></strong></span> <span class='ocrx_word' id='word_1_171' title='bbox 753 2347 895 2413; x_wconf 80' lang='lat' dir='ltr'><strong>evolutio</strong></span> <span class='ocrx_word' id='word_1_172' title='bbox 919 2349 1090 2435; x_wconf 78' lang='lat' dir='ltr'>operosior</span> <span class='ocrx_word' id='word_1_173' title='bbox 1110 2362 1162 2415; x_wconf 91' lang='lat' dir='ltr'>est</span> <span class='ocrx_word' id='word_1_174' title='bbox 1180 2373 1290 2436; x_wconf 84' lang='lat' dir='ltr'>quam</span> <span class='ocrx_word' id='word_1_175' title='bbox 1309 2362 1345 2414; x_wconf 90' lang='lat' dir='ltr'>ut</span> <span class='ocrx_word' id='word_1_176' title='bbox 1392 2384 1393 2387; x_wconf 21' lang='grc' dir='ltr'><strong><em>ι</em></strong></span> 
     </span>
     <span class='ocr_line' id='line_1_21' title="bbox 214 2450 1347 2539; baseline -0.002 -20"><span class='ocrx_word' id='word_1_177' title='bbox 214 2451 439 2519; x_wconf 78' lang='lat' dir='ltr'>assensionem</span> <span class='ocrx_word' id='word_1_178' title='bbox 453 2461 591 2516; x_wconf 86' lang='lat' dir='ltr'>moveat.</span> <span class='ocrx_word' id='word_1_179' title='bbox 622 2451 677 2516; x_wconf 93' lang='lat' dir='ltr'>De</span> <span class='ocrx_word' id='word_1_180' title='bbox 693 2450 876 2538; x_wconf 82' lang='lat' dir='ltr'>participiis</span> <span class='ocrx_word' id='word_1_181' title='bbox 893 2473 967 2515; x_wconf 92' lang='lat' dir='ltr'>cum</span> <span class='ocrx_word' id='word_1_182' title='bbox 981 2452 1164 2539; x_wconf 87' lang='lat' dir='ltr'>Apollonio</span> <span class='ocrx_word' id='word_1_183' title='bbox 1184 2452 1347 2519; x_wconf 78' lang='lat' dir='ltr'>dissentit</span> 
     </span>
     <span class='ocr_line' id='line_1_22' title="bbox 214 2546 1344 2641; baseline 0.001 -22"><span class='ocrx_word' id='word_1_184' title='bbox 214 2557 313 2621; x_wconf 74' lang='lat' dir='ltr'>studii</span> <span class='ocrx_word' id='word_1_185' title='bbox 341 2571 502 2619; x_wconf 80' lang='lat' dir='ltr'>successor</span> <span class='ocrx_word' id='word_1_186' title='bbox 529 2564 558 2619; x_wconf 87' lang='lat' dir='ltr'>et</span> <span class='ocrx_word' id='word_1_187' title='bbox 585 2556 710 2618; x_wconf 77' lang='lat' dir='ltr'>haeres:</span> <span class='ocrx_word' id='word_1_188' title='bbox 739 2552 778 2619; x_wconf 87' lang='grc' dir='ltr'><strong><em>τό</em></strong></span> <span class='ocrx_word' id='word_1_189' title='bbox 805 2546 988 2636; x_wconf 80' lang='grc' dir='ltr'><strong><em>οὐτάμενος</em></strong></span> <span class='ocrx_word' id='word_1_190' title='bbox 1010 2555 1068 2621; x_wconf 79' lang='grc' dir='ltr'><strong><em>ναὶ</em></strong></span> <span class='ocrx_word' id='word_1_191' title='bbox 1088 2550 1344 2641; x_wconf 77' lang='grc' dir='ltr'><strong><em>ἕληλάμενοςό</em></strong></span> 
     </span>
     <span class='ocr_line' id='line_1_23' title="bbox 208 2648 1346 2743; baseline 0.005 -24"><span class='ocrx_word' id='word_1_192' title='bbox 208 2648 416 2740; x_wconf 77' lang='grc' dir='ltr'><strong><em>Ἡρωδιανὸς</em></strong></span> <span class='ocrx_word' id='word_1_193' title='bbox 441 2651 476 2720; x_wconf 80' lang='grc' dir='ltr'><strong><em>ἕν</em></strong></span> <span class='ocrx_word' id='word_1_194' title='bbox 497 2656 537 2743; x_wconf 75' lang='grc' dir='ltr'><strong><em>τῇ</em></strong></span> <span class='ocrx_word' id='word_1_195' title='bbox 557 2648 712 2721; x_wconf 75' lang='grc' dir='ltr'><strong><em>καθόλου</em></strong></span> <span class='ocrx_word' id='word_1_196' title='bbox 734 2650 773 2719; x_wconf 78' lang='grc' dir='ltr'>οὗ</span> <span class='ocrx_word' id='word_1_197' title='bbox 796 2652 931 2734; x_wconf 78' lang='grc' dir='ltr'><strong><em>δοξάζει</em></strong></span> <span class='ocrx_word' id='word_1_198' title='bbox 949 2655 1036 2720; x_wconf 83' lang='grc' dir='ltr'><strong><em>κατὰ</em></strong></span> <span class='ocrx_word' id='word_1_199' title='bbox 1054 2650 1171 2733; x_wconf 75' lang='grc' dir='ltr'><strong><em>πάθος</em></strong></span> <span class='ocrx_word' id='word_1_200' title='bbox 1185 2649 1264 2722; x_wconf 82' lang='grc' dir='ltr'>ἇπό</span> <span class='ocrx_word' id='word_1_201' title='bbox 1282 2660 1346 2725; x_wconf 73' lang='grc' dir='ltr'><strong><em>τοῦ</em></strong></span> 
     </span>
     <span class='ocr_line' id='line_1_24' title="bbox 115 2748 1349 2844; baseline 0.002 -22"><span class='ocrx_word' id='word_1_202' title='bbox 115 2781 120 2793; x_wconf 73' lang='grc'><em>“</em></span> <span class='ocrx_word' id='word_1_203' title='bbox 215 2748 418 2838; x_wconf 77' lang='grc' dir='ltr'><strong><em>οὐτασμένος</em></strong></span> <span class='ocrx_word' id='word_1_204' title='bbox 444 2754 503 2819; x_wconf 79' lang='grc' dir='ltr'>καὶ</span> <span class='ocrx_word' id='word_1_205' title='bbox 529 2754 753 2840; x_wconf 78' lang='grc' dir='ltr'><strong><em>ἕληλασμόνος</em></strong></span> <span class='ocrx_word' id='word_1_206' title='bbox 780 2748 853 2822; x_wconf 57' lang='grc' dir='ltr'><strong><em>ἀλλ)</em></strong></span> <span class='ocrx_word' id='word_1_207' title='bbox 885 2750 931 2834; x_wconf 79' lang='grc' dir='ltr'><strong><em>ὡς</em></strong></span> <span class='ocrx_word' id='word_1_208' title='bbox 955 2748 1024 2821; x_wconf 88' lang='grc' dir='ltr'>άπό</span> <span class='ocrx_word' id='word_1_209' title='bbox 1053 2760 1114 2823; x_wconf 81' lang='grc' dir='ltr'><strong><em>τοῦ</em></strong></span> <span class='ocrx_word' id='word_1_210' title='bbox 1134 2749 1262 2844; x_wconf 75' lang='grc' dir='ltr'><strong><em>οἷπημι</em></strong></span> <span class='ocrx_word' id='word_1_211' title='bbox 1287 2757 1349 2824; x_wconf 83' lang='grc' dir='ltr'><strong><em>ναὶ</em></strong></span> 
     </span>
     <span class='ocr_line' id='line_1_25' title="bbox 215 2849 1349 2943; baseline 0.004 -24"><span class='ocrx_word' id='word_1_212' title='bbox 215 2849 356 2943; x_wconf 77' lang='grc' dir='ltr'><strong><em>ἐλήλημι</em></strong></span> <span class='ocrx_word' id='word_1_213' title='bbox 386 2853 552 2925; x_wconf 82' lang='lat' dir='ltr'>Ohoerob.</span> <span class='ocrx_word' id='word_1_214' title='bbox 585 2853 667 2920; x_wconf 83' lang='lat' dir='ltr'>Cau.</span> <span class='ocrx_word' id='word_1_215' title='bbox 703 2854 776 2921; x_wconf 84' lang='lat'><strong>837.</strong></span> <span class='ocrx_word' id='word_1_216' title='bbox 831 2856 1043 2923; x_wconf 77' lang='lat' dir='ltr'>substantiva</span> <span class='ocrx_word' id='word_1_217' title='bbox 1074 2856 1115 2921; x_wconf 84' lang='lat' dir='ltr'>ab</span> <span class='ocrx_word' id='word_1_218' title='bbox 1149 2857 1208 2923; x_wconf 87' lang='lat' dir='ltr'>illo</span> <span class='ocrx_word' id='word_1_219' title='bbox 1242 2859 1349 2923; x_wconf 72' lang='lat' dir='ltr'>allata</span> 
     </span>
     <span class='ocr_line' id='line_1_26' title="bbox 215 2951 1347 3046; baseline 0.003 -23"><span class='ocrx_word' id='word_1_220' title='bbox 215 2951 416 3043; x_wconf 85' lang='grc' dir='ltr'><strong><em>δεσποστής,</em></strong></span> <span class='ocrx_word' id='word_1_221' title='bbox 450 2952 613 3043; x_wconf 78' lang='grc' dir='ltr'><strong><em>ἐργαστής</em></strong></span> <span class='ocrx_word' id='word_1_222' title='bbox 639 2951 802 3042; x_wconf 84' lang='lat' dir='ltr'>nusquam</span> <span class='ocrx_word' id='word_1_223' title='bbox 829 2958 961 3024; x_wconf 85' lang='lat' dir='ltr'>inventa</span> <span class='ocrx_word' id='word_1_224' title='bbox 986 2969 1076 3037; x_wconf 88' lang='lat' dir='ltr'>sunt,</span> <span class='ocrx_word' id='word_1_225' title='bbox 1109 2970 1143 3023; x_wconf 89' lang='lat' dir='ltr'>et</span> <span class='ocrx_word' id='word_1_226' title='bbox 1168 2982 1259 3046; x_wconf 83' lang='lat' dir='ltr'>quae</span> <span class='ocrx_word' id='word_1_227' title='bbox 1292 2960 1347 3026; x_wconf 90' lang='lat' dir='ltr'>his</span> 
     </span>
     <span class='ocr_line' id='line_1_27' title="bbox 215 3056 1349 3144; baseline 0.006 -21"><span class='ocrx_word' id='word_1_228' title='bbox 215 3078 419 3123; x_wconf 89' lang='lat' dir='ltr'>communem</span> <span class='ocrx_word' id='word_1_229' title='bbox 448 3080 467 3121; x_wconf 86' lang='lat' dir='ltr'>a</span> <span class='ocrx_word' id='word_1_230' title='bbox 494 3056 601 3122; x_wconf 91' lang='lat' dir='ltr'>verbis</span> <span class='ocrx_word' id='word_1_231' title='bbox 629 3058 791 3144; x_wconf 85' lang='lat' dir='ltr'>originem</span> <span class='ocrx_word' id='word_1_232' title='bbox 820 3059 944 3126; x_wconf 88' lang='lat' dir='ltr'>babent</span> <span class='ocrx_word' id='word_1_233' title='bbox 975 3059 1139 3143; x_wconf 81' lang='grc' dir='ltr'><strong><em>θαυματά</em></strong></span> <span class='ocrx_word' id='word_1_234' title='bbox 1170 3059 1247 3129; x_wconf 77' lang='grc' dir='ltr'><strong><em>ἀντὶ</em></strong></span> <span class='ocrx_word' id='word_1_235' title='bbox 1282 3068 1349 3130; x_wconf 86' lang='grc' dir='ltr'><strong><em>τοῦ</em></strong></span> 
     </span>
     <span class='ocr_line' id='line_1_28' title="bbox 213 3156 1349 3241; baseline 0.008 -18"><span class='ocrx_word' id='word_1_236' title='bbox 213 3156 399 3241; x_wconf 81' lang='grc' dir='ltr'><strong><em>θαυμαστά</em></strong></span> <span class='ocrx_word' id='word_1_237' title='bbox 421 3158 533 3226; x_wconf 90' lang='lat' dir='ltr'>Schol.</span> <span class='ocrx_word' id='word_1_238' title='bbox 554 3159 654 3225; x_wconf 91' lang='lat' dir='ltr'>Pind.</span> <span class='ocrx_word' id='word_1_239' title='bbox 676 3160 733 3227; x_wconf 92' lang='lat' dir='ltr'>Ol.</span> <span class='ocrx_word' id='word_1_240' title='bbox 755 3161 783 3227; x_wconf 92' lang='grc' dir='ltr'>Ι.</span> <span class='ocrx_word' id='word_1_241' title='bbox 798 3161 852 3227; x_wconf 86' lang='grc'>43.</span> <span class='ocrx_word' id='word_1_242' title='bbox 875 3159 1007 3241; x_wconf 86' lang='grc' dir='ltr'><strong><em>αἰνετός</em></strong></span> <span class='ocrx_word' id='word_1_243' title='bbox 1027 3157 1105 3228; x_wconf 83' lang='grc' dir='ltr'><strong><em>κατ’</em></strong></span> <span class='ocrx_word' id='word_1_244' title='bbox 1130 3159 1267 3229; x_wconf 76' lang='grc' dir='ltr'><strong><em>ἔνδειαν</em></strong></span> <span class='ocrx_word' id='word_1_245' title='bbox 1283 3169 1349 3232; x_wconf 82' lang='grc' dir='ltr'><strong><em>τοῦ</em></strong></span> 
     </span>
     <span class='ocr_line' id='line_1_29' title="bbox 215 3246 1350 3348; baseline 0.007 -24"><span class='ocrx_word' id='word_1_246' title='bbox 215 3246 343 3324; x_wconf 71' lang='grc' dir='ltr'>ιῖΕΜ.</span> <span class='ocrx_word' id='word_1_247' title='bbox 371 3259 430 3337; x_wconf 83' lang='grc'>36,</span> <span class='ocrx_word' id='word_1_248' title='bbox 458 3261 511 3326; x_wconf 88' lang='grc'>29.</span> <span class='ocrx_word' id='word_1_249' title='bbox 541 3255 670 3341; x_wconf 85' lang='grc' dir='ltr'><strong><em>όνοτός,</em></strong></span> <span class='ocrx_word' id='word_1_250' title='bbox 699 3256 836 3348; x_wconf 83' lang='grc' dir='ltr'><strong><em>όγατός,</em></strong></span> <span class='ocrx_word' id='word_1_251' title='bbox 868 3264 985 3329; x_wconf 89' lang='lat' dir='ltr'>eodem</span> <span class='ocrx_word' id='word_1_252' title='bbox 1012 3274 1149 3329; x_wconf 90' lang='lat' dir='ltr'>accentu</span> <span class='ocrx_word' id='word_1_253' title='bbox 1181 3275 1350 3331; x_wconf 82' lang='lat' dir='ltr'>notantur</span> 
     </span>
     <span class='ocr_line' id='line_1_30' title="bbox 216 3360 1348 3453; baseline 0.01 -30"><span class='ocrx_word' id='word_1_254' title='bbox 216 3380 282 3444; x_wconf 93' lang='lat' dir='ltr'>quo</span> <span class='ocrx_word' id='word_1_255' title='bbox 304 3381 372 3424; x_wconf 93' lang='lat' dir='ltr'>non</span> <span class='ocrx_word' id='word_1_256' title='bbox 393 3360 518 3427; x_wconf 84' lang='lat' dir='ltr'>affecta.</span> <span class='ocrx_word' id='word_1_257' title='bbox 562 3363 617 3428; x_wconf 89' lang='lat' dir='ltr'>De</span> <span class='ocrx_word' id='word_1_258' title='bbox 646 3363 848 3430; x_wconf 86' lang='lat' dir='ltr'>substantivo</span> <span class='ocrx_word' id='word_1_259' title='bbox 876 3366 1024 3450; x_wconf 90' lang='lat' dir='ltr'>ejusdem</span> <span class='ocrx_word' id='word_1_260' title='bbox 1044 3366 1175 3453; x_wconf 84' lang='lat' dir='ltr'>generis</span> <span class='ocrx_word' id='word_1_261' title='bbox 1195 3368 1348 3434; x_wconf 86' lang='lat' dir='ltr'>verbalis</span> 
     </span>
     <span class='ocr_line' id='line_1_31' title="bbox 214 3460 1349 3536; baseline 0.01 -11"><span class='ocrx_word' id='word_1_262' title='bbox 214 3460 447 3527; x_wconf 82' lang='lat' dir='ltr'>incredibiliter</span> <span class='ocrx_word' id='word_1_263' title='bbox 477 3463 632 3529; x_wconf 86' lang='lat' dir='ltr'>ariolatur</span> <span class='ocrx_word' id='word_1_264' title='bbox 658 3465 870 3531; x_wconf 87' lang='lat' dir='ltr'>Herodianus</span> <span class='ocrx_word' id='word_1_265' title='bbox 899 3468 943 3532; x_wconf 84' lang='lat' dir='ltr'>ad</span> <span class='ocrx_word' id='word_1_266' title='bbox 970 3468 1010 3534; x_wconf 91' lang='lat'>11.</span> <span class='ocrx_word' id='word_1_267' title='bbox 1038 3468 1174 3536; x_wconf 87' lang='lat' dir='ltr'><strong>XXIV.</strong></span> <span class='ocrx_word' id='word_1_268' title='bbox 1196 3469 1276 3535; x_wconf 88' lang='grc'>228.</span> <span class='ocrx_word' id='word_1_269' title='bbox 1304 3468 1349 3536; x_wconf 84' lang='grc' dir='ltr'><strong><em>τὸ</em></strong></span> 
     </span>
     <span class='ocr_line' id='line_1_32' title="bbox 214 3558 1348 3657; baseline 0.008 -29"><span class='ocrx_word' id='word_1_270' title='bbox 214 3558 371 3646; x_wconf 89' lang='grc' dir='ltr'><strong><em>ποταμός</em></strong></span> <span class='ocrx_word' id='word_1_271' title='bbox 393 3561 521 3649; x_wconf 75' lang='grc' dir='ltr'><strong><em>ἐγένετο</em></strong></span> <span class='ocrx_word' id='word_1_272' title='bbox 543 3565 639 3651; x_wconf 84' lang='grc' dir='ltr'><strong><em>παρὰ</em></strong></span> <span class='ocrx_word' id='word_1_273' title='bbox 660 3565 698 3634; x_wconf 87' lang='grc' dir='ltr'><strong><em>τό</em></strong></span> <span class='ocrx_word' id='word_1_274' title='bbox 722 3564 899 3652; x_wconf 89' lang='grc' dir='ltr'><strong><em>ποτασμός</em></strong></span> <span class='ocrx_word' id='word_1_275' title='bbox 919 3562 1003 3635; x_wconf 70' lang='grc' dir='ltr'><strong><em>καθ’</em></strong></span> <span class='ocrx_word' id='word_1_276' title='bbox 1034 3564 1232 3657; x_wconf 79' lang='grc' dir='ltr'><strong><em>ὑφαίρεσιν,</em></strong></span> <span class='ocrx_word' id='word_1_277' title='bbox 1262 3594 1348 3637; x_wconf 88' lang='lat' dir='ltr'>nam</span> 
     </span>
     <span class='ocr_line' id='line_1_33' title="bbox 214 3662 1347 3755; baseline 0.01 -27"><span class='ocrx_word' id='word_1_278' title='bbox 214 3684 322 3748; x_wconf 90' lang='lat' dir='ltr'>neque</span> <span class='ocrx_word' id='word_1_279' title='bbox 341 3662 404 3729; x_wconf 92' lang='lat' dir='ltr'>hoc</span> <span class='ocrx_word' id='word_1_280' title='bbox 425 3687 545 3731; x_wconf 90' lang='lat' dir='ltr'>nornen</span> <span class='ocrx_word' id='word_1_281' title='bbox 567 3668 782 3753; x_wconf 87' lang='lat' dir='ltr'>cognovimus</span> <span class='ocrx_word' id='word_1_282' title='bbox 802 3691 912 3755; x_wconf 89' lang='lat' dir='ltr'>neque</span> <span class='ocrx_word' id='word_1_283' title='bbox 927 3670 1063 3737; x_wconf 89' lang='lat' dir='ltr'>verbum</span> <span class='ocrx_word' id='word_1_284' title='bbox 1083 3669 1255 3753; x_wconf 87' lang='grc' dir='ltr'><strong><em>ποτάζειν,</em></strong></span> <span class='ocrx_word' id='word_1_285' title='bbox 1282 3674 1347 3739; x_wconf 88' lang='lat' dir='ltr'>sed</span> 
     </span>
     <span class='ocr_line' id='line_1_34' title="bbox 213 3764 1347 3862; baseline 0.009 -33"><span class='ocrx_word' id='word_1_286' title='bbox 213 3764 269 3831; x_wconf 88' lang='lat' dir='ltr'>ille</span> <span class='ocrx_word' id='word_1_287' title='bbox 290 3775 399 3831; x_wconf 87' lang='lat' dir='ltr'>tamen</span> <span class='ocrx_word' id='word_1_288' title='bbox 420 3766 484 3833; x_wconf 91' lang='lat' dir='ltr'>hoc</span> <span class='ocrx_word' id='word_1_289' title='bbox 506 3768 615 3834; x_wconf 89' lang='lat' dir='ltr'>dicere</span> <span class='ocrx_word' id='word_1_290' title='bbox 638 3792 706 3836; x_wconf 91' lang='lat' dir='ltr'>non</span> <span class='ocrx_word' id='word_1_291' title='bbox 728 3771 892 3857; x_wconf 86' lang='lat' dir='ltr'>potuisset</span> <span class='ocrx_word' id='word_1_292' title='bbox 919 3772 948 3837; x_wconf 91' lang='lat' dir='ltr'>si</span> <span class='ocrx_word' id='word_1_293' title='bbox 980 3794 1055 3837; x_wconf 89' lang='lat' dir='ltr'>curn</span> <span class='ocrx_word' id='word_1_294' title='bbox 1076 3773 1242 3860; x_wconf 83' lang='lat' dir='ltr'>scriptura</span> <span class='ocrx_word' id='word_1_295' title='bbox 1260 3798 1347 3862; x_wconf 92' lang='lat' dir='ltr'>pro-</span> 
     </span>
     <span class='ocr_line' id='line_1_35' title="bbox 215 3866 1349 3971; baseline 0.008 -40"><span class='ocrx_word' id='word_1_296' title='bbox 215 3866 343 3932; x_wconf 85' lang='lat' dir='ltr'>sodiam</span> <span class='ocrx_word' id='word_1_297' title='bbox 364 3870 480 3934; x_wconf 82' lang='lat' dir='ltr'>mutari</span> <span class='ocrx_word' id='word_1_298' title='bbox 504 3871 740 3950; x_wconf 85' lang='lat' dir='ltr'>existimasset,</span> <span class='ocrx_word' id='word_1_299' title='bbox 692 3873 860 3971; x_wconf 64' lang='lat' dir='ltr'>—quod</span> <span class='ocrx_word' id='word_1_300' title='bbox 885 3873 982 3959; x_wconf 89' lang='lat' dir='ltr'>hujus</span> <span class='ocrx_word' id='word_1_301' title='bbox 1003 3875 1146 3941; x_wconf 89' lang='lat' dir='ltr'>nominis</span> <span class='ocrx_word' id='word_1_302' title='bbox 1170 3876 1349 3942; x_wconf 85' lang='lat' dir='ltr'>character</span> 
     </span>
     <span class='ocr_line' id='line_1_36' title="bbox 213 3969 1346 4065; baseline 0.008 -31"><span class='ocrx_word' id='word_1_303' title='bbox 213 3992 281 4035; x_wconf 91' lang='lat' dir='ltr'>non</span> <span class='ocrx_word' id='word_1_304' title='bbox 309 3969 476 4056; x_wconf 84' lang='lat' dir='ltr'>prohibet3</span> <span class='ocrx_word' id='word_1_305' title='bbox 511 3996 588 4037; x_wconf 86' lang='lat' dir='ltr'>nam</span> <span class='ocrx_word' id='word_1_306' title='bbox 618 3975 653 4039; x_wconf 93' lang='lat' dir='ltr'>in</span> <span class='ocrx_word' id='word_1_307' title='bbox 686 4002 773 4055; x_wconf 85' lang='grc' dir='ltr'><strong><em>αμος</em></strong></span> <span class='ocrx_word' id='word_1_308' title='bbox 803 3976 991 4042; x_wconf 87' lang='lat' dir='ltr'>exeuntium</span> <span class='ocrx_word' id='word_1_309' title='bbox 1018 3978 1120 4041; x_wconf 85' lang='lat' dir='ltr'>multa</span> <span class='ocrx_word' id='word_1_310' title='bbox 1148 3984 1346 4065; x_wconf 72' lang='lat' dir='ltr'>gravantur.</span> 
     </span>
     <span class='ocr_line' id='line_1_37' title="bbox 198 4070 1348 4163; baseline 0.009 -28"><span class='ocrx_word' id='word_1_311' title='bbox 198 4070 365 4137; x_wconf 69' lang='lat' dir='ltr'>=Duorum</span> <span class='ocrx_word' id='word_1_312' title='bbox 387 4072 614 4140; x_wconf 88' lang='lat' dir='ltr'>adverbiorum</span> <span class='ocrx_word' id='word_1_313' title='bbox 636 4087 870 4162; x_wconf 85' lang='lat' dir='ltr'>oxytonorum,</span> <span class='ocrx_word' id='word_1_314' title='bbox 895 4100 979 4163; x_wconf 86' lang='lat' dir='ltr'>quae</span> <span class='ocrx_word' id='word_1_315' title='bbox 994 4078 1122 4162; x_wconf 86' lang='lat' dir='ltr'>abjecta</span> <span class='ocrx_word' id='word_1_316' title='bbox 1137 4080 1235 4145; x_wconf 86' lang='lat' dir='ltr'>litera</span> <span class='ocrx_word' id='word_1_317' title='bbox 1249 4081 1348 4145; x_wconf 82' lang='lat' dir='ltr'>finali</span> 
     </span>
     <span class='ocr_line' id='line_1_38' title="bbox 127 4168 1347 4268; baseline 0.012 -34"><span class='ocrx_word' id='word_1_318' title='bbox 127 4212 135 4217; x_wconf 91' lang='lat'>-</span> <span class='ocrx_word' id='word_1_319' title='bbox 214 4168 374 4256; x_wconf 84' lang='lat' dir='ltr'>barytons</span> <span class='ocrx_word' id='word_1_320' title='bbox 397 4175 496 4255; x_wconf 86' lang='lat' dir='ltr'>fiunt,</span> <span class='ocrx_word' id='word_1_321' title='bbox 525 4201 626 4242; x_wconf 90' lang='lat' dir='ltr'>unum</span> <span class='ocrx_word' id='word_1_322' title='bbox 648 4183 735 4262; x_wconf 84' lang='grc' dir='ltr'><strong><em>χῶρι</em></strong></span> <span class='ocrx_word' id='word_1_323' title='bbox 755 4179 990 4266; x_wconf 89' lang='lat' dir='ltr'>Apollonius</span> <span class='ocrx_word' id='word_1_324' title='bbox 981 4202 1053 4268; x_wconf 93' lang='lat' dir='ltr'>1pse</span> <span class='ocrx_word' id='word_1_325' title='bbox 1076 4180 1152 4245; x_wconf 88' lang='grc'>572.</span> <span class='ocrx_word' id='word_1_326' title='bbox 1176 4180 1257 4247; x_wconf 90' lang='lat' dir='ltr'>dicit</span> <span class='ocrx_word' id='word_1_327' title='bbox 1284 4206 1347 4249; x_wconf 84' lang='lat' dir='ltr'>cc-</span> 
     </span>
     <span class='ocr_line' id='line_1_39' title="bbox 218 4268 1347 4373; baseline 0.014 -39"><span class='ocrx_word' id='word_1_328' title='bbox 218 4273 295 4337; x_wconf 88' lang='lat' dir='ltr'>teris</span> <span class='ocrx_word' id='word_1_329' title='bbox 325 4276 487 4345; x_wconf 86' lang='lat' dir='ltr'>adverbiis</span> <span class='ocrx_word' id='word_1_330' title='bbox 515 4280 551 4344; x_wconf 95' lang='lat' dir='ltr'>in</span> <span class='ocrx_word' id='word_1_331' title='bbox 572 4268 599 4348; x_wconf 75' lang='grc' dir='ltr'><em>ἶ</em></span> <span class='ocrx_word' id='word_1_332' title='bbox 621 4280 845 4347; x_wconf 87' lang='lat' dir='ltr'>desinentibus</span> <span class='ocrx_word' id='word_1_333' title='bbox 875 4276 949 4371; x_wconf 75' lang='grc' dir='ltr'><strong><em>ἶφι,</em></strong></span> <span class='ocrx_word' id='word_1_334' title='bbox 978 4278 1044 4373; x_wconf 72' lang='grc' dir='ltr'>ὕψι</span> <span class='ocrx_word' id='word_1_335' title='bbox 1065 4292 1127 4348; x_wconf 85' lang='lat' dir='ltr'>etc.</span> <span class='ocrx_word' id='word_1_336' title='bbox 1149 4305 1347 4350; x_wconf 85' lang='lat' dir='ltr'>accommo-</span> 
     </span>
    </p>
   </div>
   <div class='ocr_carea' id='block_1_3' title="bbox 0 0 1424 4809">
    <p class='ocr_par' dir='ltr' id='par_1_3' title="bbox 0 0 1424 4809">
     <span class='ocr_line' id='line_1_40' title="bbox 0 0 1424 4809; baseline 0 0"><span class='ocrx_word' id='word_1_337' title='bbox 0 0 1424 4809; x_wconf 95' lang='lat' dir='ltr'> </span> 
     </span>
    </p>
   </div>
  </div>
 </body>
</html>
