2825 4809
119 307 464 391 'nnssosmmffl
477 319 541 388 ss
555 319 821 388 manassi
839 319 982 389 cvm.
995 321 1058 408 ss.
1083 327 1157 400 177

84 508 220 596 Apollonii
235 507 297 572 ΠΙ.
316 507 392 572 453.
415 516 449 572 et
469 505 564 571 1013.
586 502 724 592 προπρὸ
756 499 788 570 i'
819 501 1157 593 ἇφειδὴσαεα-έμ-

84 609 196 700 ponar}
215 603 234 696 ἡ
254 607 528 684 ἐπαναδίπλωσις
542 609 601 692 τῆς
616 604 818 692 προθέσεως
832 602 970 693 προπρά
979 641 1020 656 -·-
1033 607 1157 697 ε’μφαί.

83 737 118 779 νει
131 710 181 797 γάρ
198 709 318 793 μᾶλλον
337 707 376 774 τά
398 705 484 788 μετὰ
504 709 659 793 σπουδῆς
676 703 736 771 καὶ
751 703 939 794 προχείρως
958 709 1158 796 γεγενῆσθαι

83 813 125 898 ιὴν
143 807 226 878 άάσιν
249 818 308 874 etc.
333 809 416 874 EM.
436 807 511 886 349,
529 806 561 872 5.
589 804 625 873 ci
651 804 945 890 έπισυνειθέμεναι
973 809 1158 895 προθέσεις

82 910 243 996 διεγείρουσι
270 909 330 998 τὴν
356 907 573 1000 έιιφασιν44)
593 918 628 973 et
649 906 788 994 Trypho
812 907 892 994 περὶ
913 915 1002 976 παθ.
1025 933 1059 996 p
1081 911 1155 978 227.

80 1011 199 1078 Boissou.
227 1011 434 1097 pleonasmos
476 1019 532 1074 aut
563 1008 658 1074 metri
696 1029 797 1074 causa
829 1009 954 1074 admitti
989 1010 1068 1076 dicit
1102 1023 1159 1076 aut

80 1109 222 1200 ἐμφάσεως
243 1105 289 1191 ὡς
308 1109 501 1196 δαρδάπτει.
536 1111 614 1176 Ηοο
630 1109 765 1195 quidem
787 1119 820 1174 st
839 1131 923 1195 quae
945 1111 1157 1196 praecedunt,

79 1213 170 1298 poetici
186 1211 597 1287 sermonisillustnamonta
617 1223 710 1288 sunt,
733 1212 792 1276 sed
815 1209 1036 1300 έλελέσφακος
1056 1237 1154 1280 voca-

79 1313 160 1379 bulum
180 1313 401 1399 quotidianum
419 1324 453 1379 ot
474 1313 598 1380 trivide
621 1322 671 1378 est
697 1323 735 1378 ut
761 1311 957 1398 γάγγραινα,
988 1315 1156 1406 πασπάλρ

79 1417 172 1480 stalis
199 1416 288 1504 prius
318 1417 488 1482 dictorum.
541 1413 627 1480 Cum
651 1411 788 1495 ἐλελίζει
817 1413 977 1500 particula
1006 1415 1156 1503 προπρά,
1245 1471 1248 1488 .

78 1539 149 1599 quun
171 1517 405 1584 Grammaticus
431 1517 538 1583 Pm's.
568 1515 591 1582 l,
620 1538 648 1581 c.
673 1515 831 1602 apponit,
865 1537 906 1580 ex
931 1527 1023 1602 parte
1046 1517 1157 1603 aliqua

78 1618 207 1696 convenit,
226 1642 296 1684 non
316 1620 350 1684 in
366 1629 481 1686 totum
514 1618 602 1684 Nam
622 1616 658 1682 in
681 1627 822 1702 utroque
843 1616 930 1682 lacta
951 1627 1002 1683 est
1023 1619 1157 1703 quidem

79 1719 254 1805 anadiplosis,
288 1721 412 1806 sed1in
444 1720 507 1786 hoo
535 1718 703 1796 dictionis,
736 1718 771 1782 in
803 1717 859 1784 illo
888 1719 1034 1803 syllabae
1065 1733 1102 1786 ut
1122 1723 1157 1787 in

77 1820 210 1905 scopuloso,
225 1817 409 1906 γάγγραινα
430 1831 465 1886 et
484 1821 520 1885 in
541 1820 677 1908 proprio
688 1819 818 1900 Λέλεξ,
841 1821 869 1884 si
886 1819 963 1886 huic
981 1823 1158 1888 antecessit

77 1921 130 1999 Λέξ
145 1932 176 1986 ut
183 1921 382 2009 Apollonius
404 1921 589 2008 significare
609 1922 739 1988 videtur
759 1921 794 1985 in
816 1919 977 2008 principio
1001 1923 1156 2008 syntaxis

77 2041 96 2083 c.
112 2020 146 2086 ll
164 2023 191 2088 4.
212 2023 270 2088 ubi
296 2031 436 2107 quatuor
455 2045 578 2109 genera
596 2019 827 2108 geminationis
854 2033 1034 2088 enumerat:
1068 2021 1157 2092 ἔστιν

79 2115 121 2184 tn
139 2122 175 2201 tic
197 2124 236 2190 τὸ
258 2119 343 2190 αὐτὸ
366 2129 533 2205 στοιχεῖον
560 2119 877 2218 παραλαμβάνεται,
905 2121 1043 2208 ἔλλαβεν
1070 2120 1156 2192 έννε-

77 2242 132 2286 πεν·
147 2220 222 2295 ἀλλὰ,
241 2223 303 2290 καὶ
323 2221 488 2311 συλλαβή,
502 2224 664 2309 Λέλεγες,
687 2220 847 2306 πάμπαν·
869 2221 954 2290 titt
977 2224 1035 2292 aui
1058 2225 1156 2306 λέξις,

75 2318 149 2387 lloio’
167 2316 231 2409 άγν,
258 2327 372 2391 Μῶσα
394 2322 517 2408 λίγεια,
539 2324 654 2410 Βαράς
673 2323 779 2408 βαρὺς
799 2321 968 2405 σύνοικος·
990 2321 1076 2394 ἄλλά
1098 2326 1157 2394 καὶ

72 2421 140 2507 μέχρι
168 2422 264 2510 λόγου
299 2424 337 2490 τὸ
372 2427 508 2492 τοιοῦτο
540 2420 649 2513 διήκει
677 2420 776 2510 ἡνίκα
803 2422 843 2490 τὰ
873 2421 1031 2512 εἰρημένα
1053 2419 1157 2506 αὖθις

72 2518 362 2609 insumpsimus,
378 2523 437 2591 ὅτε
451 2525 512 2606 μέν
529 2519 726 2609 άναγκαέιος,
742 2524 799 2592 ὅτε
818 2526 855 2594 δέ
875 2526 909 2593 ἒν
926 2529 1080 2617 παρολκῇ
1092 2528 1155 2610 ⁴⁵).

70 2621 190 2688 lumen
212 2625 325 2692 differt
349 2625 493 2711 aliquid3
522 2624 662 2711 primum
683 2625 775 2709 quod
796 2631 916 2712 γραῒνα
938 2650 1004 2692 non
1028 2629 1155 2707 dicitur,

70 2742 115 2785 non
131 2726 226 2812 magis
248 2749 350 2812 quam
369 2732 486 2814 φαῖνιι,
505 2731 614 2808 χαῖνα,
637 2727 698 2790 sed
712 2726 789 2806 Λέξ
809 2726 879 2792 dici
894 2729 1002 2815 potuit
1024 2737 1060 2793 ut
1077 2730 1158 2816 κρέξ

68 2844 87 2884 v.
103 2825 207 2892 Parall.
232 2827 308 2892 100.
339 2826 458 2891 deinde
489 2827 579 2912 quod
600 2848 684 2912 quae
703 2826 824 2893 usitato
853 2823 1034 2916 γάγγραινα
1059 2839 1090 2894 et
1109 2831 1153 2894 si·

113 3063 153 3130 ii)
167 3064 306 3134 Apollon.
321 3063 359 3118 de
370 3062 444 3116 Δάν.
458 3061 508 3114 550
524 3079 568 3132 sq.
586 3057 701 3116 πλεῖστά
721 3061 796 3116 ἰσιιν
814 3061 845 3116 ἰν
863 3060 1080 3134 παραλληλόιηνι
1096 3067 1156 3118 νεί-

64 3151 197 3204 loa-asi
210 3151 243 3204 ir
253 3151 390 3220 προθέσει
406 3145 497 3219 ἀμφὶ
513 3147 594 3216 περὶ
609 3139 742 3218 κρήνην,
760 3141 1153 3219 προπροκυλινδόμενοι.

64 3225 118 3284 Illud
130 3233 231 3302 legitur
244 3234 281 3288 11.
295 3234 332 3292 Π.
341 3235 400 3288 305.
415 3232 506 3288 similo
520 3229 591 3301 quid
602 3237 671 3303 περ(
687 3230 711 3284 τ’
728 3230 808 3303 ἀμφί
823 3250 851 3286 τε
868 3229 978 3305 τάφρον
988 3233 1081 3288 XVII.
1092 3235 1153 3288 700.

63 3309 125 3368 llis
140 3315 200 3371 Cer.
212 3321 276 3374 27⁶.
298 3319 434 3390 Apollon.
450 3317 503 3372 ΙΙΙ.
517 3317 579 3372 tii.
610 3314 768 3386 conjuncto
787 3320 840 3373 sub
860 3336 917 3386 uno
936 3327 1056 3375 accentu
1074 3340 1155 3391 περι-

63 3406 119 3468 ιμρι
126 3401 205 3458 Phot.
214 3404 299 3460 saio.
312 3412 345 3458 ut
356 3404 474 3458 latinum
487 3404 694 3466 circumcirca,
706 3404 785 3472 quod
796 3402 955 3460 Priscianus
963 3405 1045 3460 XIV.
1055 3406 1084 3469 3,
1092 3408 1153 3460 tot.

64 3496 107 3535 cun
120 3484 189 3560 ἀμφὶ
209 3495 280 3563 περί
299 3491 425 3558 coniert3
452 3485 656 3542 substantivum
676 3493 834 3559 περιαμφές
856 3495 1050 3545 circumactio
1071 3489 1154 3544 finxit

62 3564 152 3638 Eupolis
169 3575 303 3647 exemplo
322 3575 411 3631 nullo.
443 3573 549 3630 Crebra
564 3589 633 3628 voro
651 3581 695 3626 cst
713 3571 878 3645 compositio
897 3573 1153 3647 άμριπεριννίονες,

62 3660 213 3728 πῦριιμπέχω
233 3667 291 3715 etc.
325 3654 645 3732 Προπροννλινδάμενος
666 3654 736 3712 nosci
760 3657 790 3712 τὸ
810 3658 914 3732 μικρὸν
934 3658 1037 3734 μικρὸν
1060 3659 1154 3715 κυλιό-

60 3753 137 3798 μενον·
153 3746 232 3799 τοῦτο
252 3745 308 3816 γάρ
327 3747 410 3814 δηλοῖ
428 3742 444 3813 ἦ
464 3743 598 3813 ἐπαγωγὴ
618 3746 663 3810 τῆς
681 3739 737 3816 πρό
755 3743 851 3799 Schol.
872 3746 948 3818 Opp.
965 3745 1030 3800 Hal.
1050 3747 1072 3800 Ι.
1094 3747 1151 3802 toi.

58 3815 90 3872 'fs
105 3828 145 3879 ιοῦ
162 3825 253 3899 πάρος
271 3825 411 3903 πάροιθεν
431 3832 479 3883 ναὶ
499 3827 559 3884 κατ’
582 3827 845 3902 άνιιδιπλασιασμὸν
862 3825 1057 3903 προπάροιθεν
1075 3833 1150 3886 Gud.

61 3905 102 3971 4⁸¹,
112 3911 150 3965 4⁷·
162 3913 211 3982 qui
228 3913 483 3986 anadiplasiasmus
497 3913 587 3983 magis
604 3915 642 3968 ad
658 3912 805 3970 notionem
818 3915 942 3986 pertinet
955 3933 1038 3986 quam
1051 3919 1089 3970 ad
1103 3935 1153 3971 vo-

61 4005 111 4046 ltu.
132 3996 177 4052 Sic
189 3999 274 4054 etiam
285 3995 436 4073 προπρεάν
447 4007 476 4055 et
486 3994 648 4072 προπρηνής
660 4007 791 4056 constant
803 4018 839 4054 ex
851 4001 1013 4072 synonymis
1026 4002 1152 4072 ejusdcm

61 4075 144 4148 stirpis3
163 4080 277 4158 πρόπαρ
292 4093 322 4140 et
335 4082 480 4159 πρόπροθι
495 4101 532 4139 ox
546 4083 655 4140 effabili
671 4091 702 4139 ot
720 4084 865 4142 ineffabili.

109 4174 287 4241 4⁵)‘Rutiiius
299 4179 323 4234 I.
337 4181 379 4243 11,
393 4179 435 4233 30.
449 4178 637 4250 anadiplosis
653 4179 803 4236 interdum
819 4179 857 4249 sit
873 4189 930 4234 uno
945 4177 1041 4244 verbo,
1062 4182 1152 4234 inter·

62 4251 114 4307 iuss
124 4261 257 4330 pluriam
273 4263 424 4320 cerbomm
443 4264 655 4336 conjunctione.
794 4326 799 4336 x

97 4344 218 4396 cosses,
233 4351 322 4390 susos,
900 4351 940 4415 12
