2825 4809
262 363 338 437 296
553 349 875 421 Dlsslcltm'flo
901 351 948 418 Il.
992 351 1033 418 P.
1056 351 1085 418 I.

259 542 340 622 λίζιο
365 539 422 607 καὶ
448 543 601 626 ονγκοπῇ
625 535 832 619 dramaticon,
865 539 925 604 sed
951 537 1034 603 alius
1062 537 1097 603 in
1117 539 1191 604 EM.
1209 539 1278 618 281,
1293 543 1322 608 2·

259 638 474 722 δνοπαλίξειν
501 635 573 707 ἀπὸ
598 637 659 706 δύο
689 635 907 726 ὁμοιοσὴμων
932 644 992 706 τοῦ
1019 641 1125 708 δονεῖν
1150 641 1203 707 καὶ
1224 639 1336 711 namn
1373 691 1374 704 .

261 741 319 810 καὶ
342 739 378 809 ἓν
393 744 558 830 ονγκονιῇ.
599 739 766 825 Equidem
787 761 856 804 non
875 741 1063 827 negaverim
1079 763 1120 808 ex
1137 741 1272 808 inusitato
1291 742 1334 810 δι’·

258 867 316 921 νος
343 836 365 931 ἡ
391 839 520 928 ταραχή
547 831 665 906 Zonar.
694 840 769 906 559.
798 842 887 908 unde
915 838 1018 923 δόναξ
1046 852 1080 907 et
1107 843 1206 929 δονεῖν
1225 843 1337 908 derivata

258 943 427 1021 videntem,
461 950 495 1008 et
520 941 620 1007 verbo
647 940 791 1009 πάλλειν
821 943 976 1029 componi
1005 941 1153 1030 potuisse
1178 943 1337 1028 adjectivum

258 1037 450 1130 δονονναλής
474 1054 512 1106 ut
535 1040 751 1132 κληροπολής
770 1065 801 1108 v.
822 1044 915 1110 Diss.
936 1045 964 1110 Ι.
990 1065 1018 1109 c.
1044 1043 1142 1111 VIII.
1162 1046 1187 1129 ξ.
1207 1044 1252 1108 10.
1288 1044 1338 1111 sed
1374 1043 1375 1062 ¹

260 1145 402 1212 omissae
421 1144 456 1208 in
477 1144 587 1230 priore
608 1142 751 1230 syntheti
773 1155 866 1231 parte
886 1144 1008 1212 vocalis
1026 1133 1339 1232 {exemplumvereor

259 1256 297 1312 ut
322 1246 495 1312 monstrari
527 1245 642 1331 possit.
693 1245 781 1310 Nam
809 1247 901 1331 quod
928 1245 1039 1314 Schol.
1066 1234 1168 1312 Arist.
1192 1247 1269 1332 qu.
1285 1245 1339 1310 eet

260 1347 365 1432 (539.)
394 1357 428 1412 et
453 1346 508 1411 alii
533 1345 678 1412 referunt
704 1345 857 1412 oramben
887 1346 929 1413 ab
956 1347 1078 1413 Atticis
1099 1345 1276 1434 κοράμβλιμ
1293 1345 1339 1410 dici

258 1444 314 1516 ὅτι
340 1446 405 1525 τὰς
432 1444 538 1536 κόρας
566 1441 744 1531 ἀμβλύνει,
775 1447 838 1514 Ιιοο
869 1470 990 1515 nomen
1020 1470 1088 1514 non
1118 1448 1267 1534 reperitur
1287 1457 1340 1512 ante

260 1548 477 1616 Columellam
501 1545 589 1613 cult
610 1547 709 1613 Hort.
734 1549 805 1616 178.
828 1553 927 1617 ceolis
948 1553 1081 1616 inimica
1102 1551 1249 1616 cormello
1266 1547 1341 1612 etlic

258 1651 295 1715 in
318 1649 416 1716 codd.
444 1669 590 1717 coramve
616 1659 651 1714 et
674 1652 820 1717 corombc
845 1651 1002 1737 scriptum
1030 1661 1147 1728 estut
1173 1643 1341 1734 νορδμβρίο

259 1750 411 1828 omnibus
433 1750 588 1836 Gregorii
609 1749 687 1816 Cor.
716 1751 808 1816 libris
840 1775 874 1840 p.
905 1754 977 1819 137.
1008 1753 1114 1819 sicut
1136 1751 1200 1817 hoc
1221 1750 1341 1814 duntaxat

258 1853 411 1918 affirmari
431 1852 540 1940 possit
557 1852 733 1918 nonnullos
749 1875 870 1920 nomen
885 1853 998 1932 bocco,
1023 1854 1091 1920 sive
1112 1852 1279 1918 brassicam
1293 1852 1343 1944 sive

259 1954 405 2041 speciem
425 1953 496 2038 ejus
517 1953 718 2039 significans,
744 1954 787 2020 ad
807 1951 892 2042 κόρη
913 1955 1080 2032 retulisse3
1103 1978 1145 2020 ea
1165 1977 1237 2020 vero
1256 1952 1343 2016 admo-

260 2056 339 2120 dum
360 2075 482 2141 anceps
508 2065 560 2120 est
579 2056 792 2139 conjectatio,
814 2077 876 2122 nec
897 2057 1044 2123 firmatur
1065 2056 1106 2123 ab
1128 2055 1287 2142 Hesycbio
1305 2052 1345 2138 qni

257 2179 379 2224 nomen
404 2156 488 2222 illnd
514 2155 557 2221 ad
581 2156 680 2242 longe
706 2157 804 2222 aliam
833 2157 979 2244 plantam
1004 2158 1158 2224 transfert
1187 2155 1298 2245 Κύριον
1319 2152 1345 2219 ri

258 2255 459 2345 νιορίανδρον
480 2251 502 2344 ἢ
522 2257 651 2338 μᾶλλον
679 2257 898 2344 κορίομβλον,
928 2259 1075 2326 brassica
1102 2270 1226 2337 autem,
1251 2276 1348 2342 quaet

258 2357 389 2424 Catone
408 2360 516 2440 crispo
537 2367 687 2434 vocatur,
710 2354 842 2446 κράμβη
865 2360 953 2426 dicta
975 2371 1026 2426 est
1046 2359 1145 2446 παρὰ
1169 2360 1207 2427 τὸ
1226 2354 1349 2445 κράμβοι

258 2460 324 2526 hoc
346 2469 397 2524 est
417 2481 438 2524 a
458 2457 546 2525 foliis
567 2459 696 2547 crispis.
741 2458 977 2549 Theognostus
996 2461 1080 2528 Gan.
1105 2463 1187 2539 132,
1208 2459 1258 2525 20.
1274 2477 1349 2541 qum

257 2583 380 2628 nomen
400 2559 506 2645 προίξ
525 2583 545 2624 e
567 2560 673 2646 προΐξ
690 2570 804 2625 natum
829 2562 909 2628 dicit
928 2565 1016 2629 κατὰ
1036 2560 1220 2650 corrourio,
1241 2559 1351 2626 fortasse

257 2658 463 2751 σνναλοιφὴν
489 2660 666 2746 significat,
689 2662 743 2728 cui
761 2661 922 2751 φροίμιον
942 2662 1129 2749 assignatur
1148 2663 1230 2729 EM.
1251 2661 1313 2736 801,
1328 2659 1351 2722 3.

258 2785 320 2829 nec
342 2762 442 2828 dubie
462 2759 659 2849 πρηγορεών
677 2785 696 2828 c
717 2759 935 2852 προημοριών
955 2773 993 2829 ut
1013 2763 1135 2832 Suidas
1157 2761 1277 2839 scribit,
1294 2781 1353 2825 con·

259 2875 398 2932 tractum
424 2873 475 2929 est
501 2863 614 2948 utique
639 2863 849 2961 iaso-lentium
883 2887 960 2930 nam
990 2854 1042 2950 οη·
1066 2866 1102 2930 in
1129 2853 1354 2932 ‘niconmtnitnr

257 2970 369 3051 νῶμα,
396 2969 520 3050 βῶσαι,
547 2987 614 3031 non
644 2966 680 3030 in
702 2994 723 3055 η
751 2977 883 3054 praeter
910 2966 1070 3032 aeolicum
1099 2960 1285 3054 ἆγνὴκαμις
1310 2981 1355 3046 pro

258 3065 465 3157 ἠγνοήκαμεν
478 3068 562 3132 Hes.
581 3077 615 3133 et
630 3067 791 3154 adjectiva
810 3091 895 3154 quae
912 3077 1072 3134 vocantur
1089 3059 1264 3152 ὁλοποθῆ,
1283 3061 1356 3126 valdo

259 3191 337 3235 vero
357 3178 548 3256 suspectum
568 3164 753 3255 Πρηρόοια
775 3169 883 3238 θυσία
899 3171 982 3236 Hes.
1002 3169 1184 3256 Syncopcn
1207 3165 1359 3232 exdndmt

259 3269 460 3354 Apollonius
484 3278 519 3335 et
538 3269 595 3334 alii
616 3269 897 3356 praepositionem
917 3266 987 3358 πρό
1010 3270 1129 3336 curtari
1149 3279 1358 3355 negantes.-

259 3370 457 3446 Nominum‚
480 3391 566 3455 quae
587 3370 623 3434 in
642 3381 809 3457 postrema
830 3371 973 3457 syntheti
997 3382 1092 3458 parte
1114 3370 1360 3439 collocamsunt

260 3469 360 3538 modo
382 3469 487 3557 prima
506 3470 631 3556 syllaba
650 3473 797 3539 vocalem
818 3473 949 3550 amittit,
978 3473 1079 3538 modo
1108 3493 1196 3556 quae
1226 3468 1359 3555 sequitur·

260 3571 354 3638 Illius
376 3572 506 3658 generis
528 3573 679 3661 exempla
700 3574 882 3661 compluria
902 3583 979 3639 sunt
1000 3573 1060 3639 sed
1079 3596 1148 3640 non
1163 3572 1265 3638 unius
1281 3565 1362 3634 modi.

260 3672 349 3740 Nam
371 3682 429 3737 aut
445 3673 616 3740 merismus
637 3685 780 3742 mutatur
801 3687 838 3741 nt
847 3673 979 3764 ’δίφρος
1004 3673 1100 3760 παρὰ
1120 3673 1157 3741 τὸ
1184 3671 1249 3741 δύο
1270 3669 1363 3761 φέρειν

259 3773 375 3844 Schol.
408 3774 477 3841 od.
503 3776 569 3841 ΠΙ.
596 3777 671 3843 324.
702 3779 794 3864 quod
823 3777 963 3864 amplius
991 3775 1173 3842 declaratur
1199 3773 1366 3860 adjectione

263 3877 401 3964 epitheti
414 3879 596 3964 synonymi
618 3877 738 3967 δίφροι
762 3881 895 3961 διιοχεῖς
915 3877 1001 3943 Poll.
1023 3877 1071 3943 X
1087 3879 1141 3942 47.
1166 3887 1226 3942 aut
1247 3899 1309 3941 vox
1325 3872 1364 3935 in·

260 3980 385 4066 tegrior
404 3979 440 4045 in
461 3989 676 4066 conspectum
695 4002 766 4046 non
786 3980 891 4046 venit:
920 3975 1094 4068 peccarim]
1121 3975 1278 4065 μεσόδμῃ
1304 3995 1367 4057 σογ-

262 4086 355 4169 νιονιῇ
366 4083 398 4166 ⁸)
420 4082 502 4148 EM.
517 4081 592 4160 581,
607 4081 639 4147 5.
662 4083 796 4168 quicum
815 4079 1016 4169 Apollonius
1038 4080 1073 4145 in
1092 4080 1177 4145 Lex.
1202 4073 1368 4155 οἷσιοδόιη

330 4301 361 4369 3)
380 4300 480 4356 Galen.
499 4301 593 4357 Gloss.
611 4298 741 4373 μεσὸδμη
760 4299 777 4371 ἡ
796 4299 862 4356 καθ’
883 4301 933 4357 ἕνα
951 4293 1030 4358 οἷκον
1049 4304 1089 4375 gis
1105 4295 1371 4373 casanatensem
