2825 4809
251 336 332 408 aba
540 326 862 395 DISSERTATIO
885 329 932 393 ΙΙ.
975 328 1017 393 Ρ.
1038 329 1084 395 Π.

251 515 335 583 ΕΜ.
363 512 421 592 52,
453 513 504 578 18.
534 512 714 601 opponitur
745 512 854 601 gravis
883 524 1018 580 auctor.
1051 509 1070 582 d
1104 514 1140 585 de*
1157 510 1331 603 Ηρωδιαιός

242 639 341 705 φησι
357 613 402 702 μὴ
422 614 578 701 γίνεσθαι
601 612 660 683 δύο
683 618 858 703 συλλαβῶν
878 610 1058 705 σαγκοπήν.
1091 617 1270 704 Quanquam
1286 621 1331 686 du·

250 717 349 785 bitari
373 726 484 804 potest
513 741 591 783 num
618 718 647 783 is
678 712 765 783 de'
743 714 930 806 ακραιφνής
953 718 1108 804 loquutus
1137 720 1190 798 sit,
1214 723 1334 806 quoda

251 819 303 885 sic
323 829 360 884 ut
380 818 435 884 ille
457 818 537 884 dicit
560 818 798 886 conformatum
819 831 885 898 est,
907 844 975 887 non
997 821 1081 887 duae
1103 821 1263 908 syllabae
1255 836 1334 893 mter

251 930 411 989 aruerunt
446 921 506 986 sed
540 921 666 1007 syllaba
692 948 711 989 o
738 933 772 989 et
801 923 887 988 duae
914 922 1044 989 vocales
1073 935 1144 991 εει
1163 952 1195 992 α.
1238 930 1283 993 he
1304 950 1335 996 ne

251 1023 319 1090 hoo
341 1022 474 1143 quidem
498 1024 618 1091 Orioni
638 1025 865 1102 concedimus3
894 1048 972 1091 nam
993 1036 1027 1091 et
1047 1048 1107 1114 per
1125 1046 1161 1093 se
1180 1027 1336 1098 incredibile

253 1137 306 1193 est
334 1137 367 1193 et
395 1126 445 1193 vis
470 1126 561 1192 verbi
591 1123 718 1214 φαίνω,
749 1150 834 1213 quae
861 1128 897 1192 in
917 1128 1147 1217 prosequeris,
1173 1133 1336 1255 dplopoyrjg

253 1240 317 1296 ete.
340 1242 496 1354 apparet,
526 1230 560 1294 in
580 1229 636 1293 illo
662 1252 732 1295 non
758 1230 958 1352 agnoscitur.
1001 1223 1113 1295 Alii'
1093 1228 1311 1320 ακραιφνής
1284 1230 1336 1301 ἀπὸ

251 1339 312 1402 ταῦ
344 1326 539 1421 ακροφανής
571 1334 630 1398 τοῦ
658 1356 676 1397 o
705 1330 891 1418 τραπέντας
924 1327 974 1410 εἰς
1002 1357 1041 1398 αι
1072 1325 1120 1409 ὡς
1150 1330 1337 1415 μισαιπόλιις

248 1436 335 1503 ΕΜ.
362 1434 384 1499 l.
413 1455 441 1499 c.
475 1426 663 1517 quidam'
641 1427 831 1521 ακραιφνής
863 1428 965 1501 οἱονεὶ
997 1425 1213 1521 ἄκηροφανής
1239 1436 1336 1501 Aneed

249 1536 359 1605 Beklr.
392 1534 466 1603 366.
524 1534 618 1601 Suid.
653 1533 829 1620 Quidquid
863 1534 1019 1620 elegeris,
1053 1534 1172 1599 durum
1203 1546 1255 1601 est
1289 1537 1338 1604 Sed

256 1648 434 1705 transeant.
478 1630 652 1725 Σφεδαιόν
684 1632 840 1722 σημαίνει
869 1633 1059 1703 ἐπακτικὸν
1085 1634 1148 1701 καὶ
1175 1659 1338 1722 συνεστραμ-

249 1739 354 1825 μένοι
370 1730 443 1807 οἷον
462 1731 688 1826 σφενδονηδόν
700 1729 771 1804 ἀπὸ
784 1739 843 1823 τῆς
857 1737 1055 1825 σφενδονῆς·
1080 1733 1188 1815 οὕτως
1198 1730 1336 1824 idolam

247 1864 312 1925 2⁰9
334 1839 446 1908 Schol.
458 1839 497 1904 Il.
514 1838 579 1904 XI.
593 1837 666 1904 165.
709 1837 776 1903 Hic
797 1848 906 1903 tamen
927 1860 1096 1926 syncopae
1116 1839 1207 1905 nulla
1226 1840 1259 1903 fit
1272 1862 1340 1903 men-

255 1942 301 2008 tio
325 1942 385 2007 sed
407 1941 545 2009 affinitas
566 1940 664 2006 modo
687 1940 859 2025 utriusque
877 1940 968 2005 vocis
984 1939 1169 2006 declaratur
1190 1962 1277 2025 quam
1290 1940 1341 2004 aliis
1378 1995 1379 2000 ,

251 2044 415 2132 exemplis
439 2042 597 2108 illustravi
621 2042 656 2107 in
679 2041 805 2107 Techn.
833 2040 928 2127 lost)
971 2042 1138 2125 Majorem
1169 2064 1262 2127 quam
1283 2042 1342 2106 haec

254 2147 365 2213 omnia
397 2167 472 2212 oum
503 2166 650 2231 syncope
685 2142 930 2209 similitudinem
961 2142 1061 2209 habet
1093 2142 1215 2209 herbae
1243 2166 1343 2220 nomen,
1378 2137 1379 2186 1

254 2270 354 2335 quarn
363 2245 580 2313 Dioscorides
592 2240 831 2332 κραταιόγονον
840 2238 948 2322 vocat,
971 2244 1222 2331 Theophrastus
1236 2241 1345 2331 κράται-

250 2372 313 2437 ,γον
339 2348 432 2413 addit
419 2356 497 2432 tque
526 2347 715 2413 fructum
687 2370 758 2431 ejus
787 2347 895 2413 faeere
919 2346 963 2411 ad
992 2346 1249 2413 foecunditatem
1267 2343 1380 2432 (πρὸς

248 2447 292 2517 τὸ
313 2443 450 2535 γόνιμον
472 2441 584 2534 εἶναι).
628 2449 682 2513 Ιια
704 2458 813 2514 autem
837 2447 1053 2515 credibilefit
1040 2449 1243 2515 tsermonie
1262 2446 1345 2533 quoti-
1379 2439 1380 2514 l

249 2550 345 2619 <lieni
365 2550 567 2637 negligentia
588 2560 621 2617 et
647 2550 776 2616 tertiam
797 2549 973 2636 syllabam,
1005 2573 1092 2636 quae
1117 2574 1162 2616 ex
1183 2573 1247 2617 uua
1266 2547 1347 2615 vocali
1379 2519 1380 2624 l

251 2663 397 2731 constat,
428 2653 666 2739 emigrasseet
695 2663 829 2737 quartae
861 2653 1102 2739 quintaequeo
1139 2663 1227 2718 ets.
1285 2650 1380 2715 cun

252 2756 310 2823 illo
332 2754 555 2821 Herodiani
546 2754 736 2832 interdicto,
769 2776 835 2838 quo
862 2755 1001 2820 duarum
1026 2754 1229 2840 syllabarum
1253 2751 1348 2817 demtio

251 2856 545 2935 circumscribitur,
572 2878 639 2921 ιιοιι
669 2865 798 2943 pugnat
824 2857 905 2923 ΕΜ.
929 2857 985 2935 91,
991 2852 1275 2977 41Ϋα-φοιερια
1296 2846 1349 2918 εἶτα

254 2954 359 3051 ὅμφαι
381 2956 467 3026 κατὰ
490 2955 658 3045 ‹raynonis›
677 2956 737 3022 καὶ
759 2954 894 3024 ἔκτασιν
913 2961 972 3024 τοῦ
995 2984 1013 3025 o
1036 2955 1085 3037 εἷς
1108 2978 1151 3023 ω
1169 2952 1351 3043 Ἡρωδιανὸς

252 3062 495 3150 περιπαθῶν·
527 3058 580 3125 hic
604 3058 691 3125 enim
714 3058 831 3125 ectasis
852 3081 973 3124 nomen
1003 3057 1129 3125 indicat
1157 3060 1200 3124 de
1226 3077 1350 3145 apocope

252 3162 320 3251 agi.
365 3161 434 3229 Sed
462 3160 543 3226 alios
567 3160 674 3226 minus
701 3160 890 3227 fastidiosos
915 3160 1017 3225 luisse
1048 3170 1191 3247 apparet
1222 3182 1263 3225 ex
1279 3159 1352 3226 Eust.

256 3262 357 3340 1710,
378 3261 431 3327 46.
456 3255 689 3349 Ὑπεριονίδην
709 3261 831 3327 Ἥλιον
856 3258 945 3346 λέγει
978 3260 1133 3341 ἐντελῶς,
1167 3255 1305 3341 ἀλλαχοῦ
1327 3254 1353 3320 δὲ

251 3357 431 3450 Ὑπερίονα
452 3384 514 3448 pro
533 3357 771 3450 Ὑπεριονίωνα
794 3361 933 3439 scilieet;
956 3371 989 3428 et
1008 3362 1120 3450 Epim.
1136 3362 1161 3427 l.
1185 3362 1260 3428 347.
1280 3360 1307 3426 3.
1326 3355 1353 3423 ui

254 3461 467 3551 Διυκαλίδης
488 3456 761 3547 καὶΆνθεμίδης
784 3463 954 3551 σαγκοιιῆν
974 3465 1149 3533 πέποιθεν
1167 3462 1206 3530 ἐκ
1222 3465 1277 3529 aori
1287 3465 1353 3527 Aa

255 3557 460 3651 καλιωιίδης
482 3560 540 3628 καὶ
552 3556 818 3652 >receptorium
837 3573 871 3629 et
892 3564 1003 3631 Schol.
1024 3564 1128 3631 Dion.
1140 3564 1218 3630 849.
1236 3561 1274 3630 τὸ
1289 3565 1355 3629 Διι-

255 3661 399 3753 aolidae
427 3662 612 3731 πέπονθεν.
657 3664 822 3732 Scientius
853 3688 931 3731 vero
961 3665 1074 3734 Sohol.
1106 3666 1146 3731 Il.
1178 3664 1279 3731 XIII.
1300 3658 1355 3726 307.

253 3760 330 3837 ἀπὸ
354 3770 415 3835 τοῦ
448 3760 635 3844 Asinaios·
669 3767 882 3853 similiterque
910 3761 1088 3856 Ἠετίδης,
1131 3768 1187 3833 eui
1218 3763 1356 3834 Goettlin-

254 3870 333 3957 gius
355 3870 398 3935 ad
418 3870 501 3935 Hes.
529 3868 709 3955 oppeto.
730 3869 867 3935 latinum
892 3870 1051 3953 Soips'cdca
1075 3870 1225 3958 apponit,
1247 3890 1307 3933 non
1324 3860 1355 3925 ab

252 3964 394 4039 Ἠετίων
417 3970 595 4036 derivatum
623 3980 674 4037 est
700 3970 759 4036 sed
782 3971 823 4037 ab
849 3965 963 4051 ἀετός,
994 3972 1082 4037 unde
1110 3969 1358 4056 andronymicum

330 4210 357 4275 7)
371 4208 447 4262 Addi
438 4216 576 4280 rpoterat
600 4207 709 4277 operula
694 4213 793 4273 οονβ
734 4205 793 4262 'vlo
813 4208 844 4261 tu
845 4208 964 4263 ndihalu
947 4226 993 4263 um
1012 4209 1083 4278 (non
1101 4210 1151 4263 fun
1153 4208 1224 4262 diub
1225 4206 1361 4273 lumem

261 4291 350 4347 latino
360 4291 460 4362 funda
476 4291 669 4364 compositum.
