2825 4809
244 325 323 400 626
611 319 935 389 DISSERTATIO
957 323 1000 390 V.

247 505 335 574 Adv.
366 503 440 572 578.
479 525 583 590 esque
614 503 698 571 inter
730 499 879 586 ὀνόματα
915 503 1157 594 ι’πιρρῳματικύ
1187 509 1271 576 refert
1293 527 1320 578 ut

248 605 331 695 ἰδίᾳ,
354 604 462 676 πυκνά
485 606 581 692 Synt.
601 606 649 674 II.
673 607 823 685 18,114.
846 607 951 691 (109.)
995 608 1118 674 Verum
1139 608 1221 694 jusu
1244 615 1320 680 sesti·

244 709 387 776 metione
409 706 519 794 κύκλῳ
540 730 643 795 purus
673 719 774 794 putus
799 718 850 774 est
875 707 1003 774 dstivus
1030 717 1067 774 ut
1092 705 1197 796 δρόμῳ
1218 715 1319 792 crinin,

243 807 352 896 χρόνῳ
374 831 459 887 sero,
480 806 653 898 κεφαλαίῳ
676 809 880 888 summatim,
907 809 969 874 etsi
988 831 1215 896 nonnunquam
1230 815 1320 880 adrer-

243 909 291 978 bii
313 909 584 998 significationem
605 910 705 979 hebet
725 923 762 978 ut
781 905 800 998 ἡ
825 905 934 998 κύκλῳ
962 909 1092 998 κίνησις
1113 923 1172 980 etc.
1207 914 1320 1000 ideoque

243 1011 435 1080 nominatim
457 1011 668 1102 distinguitur
691 1012 734 1079 eb
757 1011 937 1090 adverbiis,
963 1011 1083 1098 quibus
1104 1013 1169 1078 iots
1185 1037 1245 1080 non
1261 1017 1320 1084 sub

243 1114 395 1182 scribitur
415 1126 452 1180 ut
473 1112 611 1202 πόρῤω,
640 1109 738 1199 dovor
758 1114 840 1180 EM.
862 1114 944 1192 544,
979 1114 1029 1180 12.
1073 1114 1244 1201 Syntbeton
1260 1118 1320 1184 illud

242 1215 363 1302 legitur
383 1213 417 1280 in
438 1215 526 1281 Plut.
548 1217 658 1282 Amet.
675 1215 724 1281 X.
748 1215 820 1281 755.
844 1217 889 1281 A.
912 1210 1043 1280 οἰκέται
1064 1213 1241 1305 περικύκλῳ
1258 1218 1319 1302 doc-

241 1317 377 1402 μόντες,
409 1317 591 1402 eodemque
609 1318 711 1384 modo
731 1316 1025 1387 Winckelmunnus
1050 1317 1094 1382 ud
1119 1316 1190 1383 bl
1217 1342 1246 1404 p.
1267 1320 1318 1384 143.

240 1419 276 1484 in
298 1419 383 1484 Plst.
405 1417 532 1484 Phued.
556 1419 627 1486 112.
651 1419 691 1485 Ε.
718 1419 927 1490 scribendum
950 1427 1063 1485 censet
1082 1411 1230 1497 Ὠκεανὸς
1247 1447 1318 1502 ιιιρι-

242 1513 351 1606 κύκλῳ
368 1517 453 1604 ῥέιαν
464 1541 525 1606 pro
539 1519 620 1604 περὶ
634 1515 754 1607 κύκλῳ.
788 1521 968 1608 Vulgarum
979 1519 1007 1584 si
1023 1519 1199 1586 retinemus
1211 1541 1316 1606 pmspo

239 1619 315 1688 siu'o
343 1631 400 1686 aut
428 1643 488 1708 pro
516 1619 671 1686 adverbio
701 1621 812 1707 posito
842 1631 894 1686 est
914 1630 951 1684 ut
973 1616 1083 1706 κύκλῳ
1105 1618 1206 1705 πέριξ
1223 1618 1314 1688 ἕλικα

241 1722 450 1790 circumcirca
476 1721 601 1788 Aeseb.
625 1722 722 1791 Pers.
749 1723 824 1788 418.
838 1723 891 1807 ¹²)
921 1731 979 1787 sut
1005 1721 1101 1788 tmesi
1130 1745 1152 1786 ιι
1176 1721 1256 1788 verbo
1275 1743 1310 1786 ss·

229 1825 349 1910 junctu
365 1835 402 1888 ut
425 1822 504 1906 περὶ
527 1821 618 1890 adro
642 1818 854 1910 τραπήσεται
880 1815 954 1889 ἀντὶ
978 1826 1038 1890 τοῦ
1066 1819 1318 1909 περιτραπύιιιιιιι

239 1919 330 1990 κύτια
351 1923 450 1990 Ρλιοι.
477 1925 524 1990 sic
547 1924 633 1992 enim
655 1924 754 1990 codd.
780 1924 813 1989 h.
834 1923 857 1988 l.
881 1935 916 1990 et
936 1922 1027 2010 spud
1046 1923 1174 1989 Athen.
1201 1921 1320 1987 exhibent

238 2049 269 2092 v.
289 2026 435 2095 Meinek.
459 2024 553 2092 Com.
575 2027 651 2094 Vol.
663 2027 711 2094 II.
735 2025 808 2091 776.
830 2025 930 2112 vulgo
952 2034 1060 2090 autem
1082 2019 1247 2111 πιρικύιω
1264 2023 1321 2090 seri·

236 2127 324 2195 bitur
341 2138 378 2194 ut
395 2128 532 2211 προςὲτι
555 2123 806 2215 ζημιωθήσεται
834 2127 926 2211 quod
952 2149 1021 2193 une
1044 2145 1129 2192 voce
1159 2126 1222 2192 dici
1241 2135 1325 2212 potest
1383 2166 1384 2169 =

237 2221 576 2316 προςζημιιαθήσιται
601 2228 756 2294 adverbio
785 2228 838 2294 vel
865 2227 1053 2315 anteposito
1080 2227 1135 2294 vel
1158 2227 1325 2314 postposito.

235 2329 448 2416 Ambiguitss
482 2329 516 2394 in
548 2339 686 2414 ubsque
719 2330 880 2417 scriptura
917 2330 1034 2396 ecdem
1066 2339 1140 2405 est;
1172 2339 1244 2401 nrm
1261 2325 1328 2412 -ιιιρὶ

237 2430 346 2517 κύκλῳ
376 2430 403 2494 si
433 2453 580 2496 seorsum
603 2432 755 2498 audietur
781 2432 868 2498 circu
897 2431 1010 2496 orbem
1037 2430 1224 2516 significare
1242 2438 1330 2516 pcttfll

237 2541 274 2598 ut
295 2531 331 2598 ἐν
349 2530 458 2620 κύκλῳ
479 2531 514 2598 iu
536 2531 633 2612 orbe,
660 2529 850 2619 περικύκλῳ)
879 2544 990 2598 cutem
1014 2532 1096 2598 nibil
1123 2532 1232 2598 differt
1249 2554 1268 2596 a
1285 2530 1330 2595 dt·

235 2633 302 2698 tivo
326 2631 519 2699 substantivi
545 2635 756 2717 περύκυκλας.
800 2633 870 2702 Sed
896 2634 1051 2721 apposito
1082 2633 1186 2700 verbo
1212 2640 1333 2720 praestet

235 2735 429 2820 disjunctio,
457 2757 523 2820 qua
550 2735 662 2803 tmesis
690 2734 868 2812 indicatum
902 2757 964 2800 nec
994 2735 1081 2800 enim
1116 2757 1194 2800 eum
1216 2732 1333 2819 πραςέτι

237 2837 472 2904 conferendum
500 2847 550 2904 est
580 2836 671 2922 quod
695 2859 857 2922 persaepe
883 2837 1009 2902 nullum
1034 2837 1133 2922 juxta
1156 2858 1194 2902 se
1220 2832 1334 2901 verbum

237 2937 346 3009 habet.
389 2937 517 3005 Dativis
539 2938 708 3004 nominum
727 2937 882 3004 localium
902 2938 938 3004 in
961 2938 1118 3005 adverbio
1134 2935 1238 3004 versis
1252 2955 1332 3022 prse-

236 3040 434 3128 positiouem
458 3039 536 3104 sddi
556 3039 725 3106 insolitum
752 3051 816 3118 est,
840 3051 994 3126 recteque
1012 3040 1145 3124 judicst
1165 3036 1333 3106 Moschus

138 3151 146 3164 ²
233 3141 311 3210 Del.
334 3141 406 3206 189.
430 3137 463 3206 ἐν
488 3133 621 3224 Ἰσθμοῖ
647 3150 705 3206 sut
730 3164 750 3206 a
772 3140 912 3209 librariis
938 3152 1130 3228 corruptum
1158 3149 1217 3207 sut
1245 3134 1335 3221 siqui

236 3241 453 3308 recentiorum
475 3239 522 3306 sic
543 3239 733 3326 scripserint
757 3264 815 3308 eos
835 3241 985 3308 dissimili
1007 3239 1176 3308 ἐνΠνθαῑ
1196 3240 1334 3323 deceptos

235 3365 309 3412 esse
329 3342 365 3410 id
388 3342 478 3428 quod
498 3342 750 3411 Hemsterhusio
773 3343 893 3410 occidit
912 3365 1015 3428 quum
1033 3343 1125 3429 opud
1145 3343 1249 3408 Prius.
1268 3342 1294 3406 1.
1310 3339 1335 3415 3,

233 3447 266 3512 2.
290 3446 323 3512 ἐν
334 3449 495 3528 Ποταμοῖ
516 3443 694 3530 corrigeret
715 3445 760 3510 ed
780 3445 966 3530 exemplum
987 3444 1128 3513 nominis
1152 3438 1335 3509 tritoclitib

238 3551 404 3629 Φρεαττοῖ
433 3557 465 3612 et
499 3544 656 3633 deinceps
686 3545 865 3615 Sohaeiero
892 3547 936 3612 ed
960 3547 1120 3634 Apollon.
1149 3547 1227 3615 213.
1256 3543 1335 3608 item·

232 3669 298 3734 que
319 3645 485 3722 Absensio
507 3669 608 3732 quum
630 3645 666 3716 ἐν
685 3652 871 3733 Πριανσιαῖ
893 3649 1000 3734 (quod
1019 3649 1130 3735 potius
1144 3641 1335 3736 Πριανσίιιι

233 3747 455 3836 scribendum)
485 3749 697 3817 contenderet
725 3771 801 3817 cum
826 3750 968 3838 simplici
996 3747 1100 3830 οἴκοι,
1135 3771 1200 3836 pro
1227 3741 1336 3834 quob

304 3919 346 3984 12)
359 3917 542 3971 Pleonssmos
561 3917 684 3972 cumulet
698 3914 789 3990 Orpb.
806 3916 881 3976 Lith.
899 3919 959 3973 358.
978 3917 1053 3992 ιἰμῳλ
1067 3921 1102 3974 δέ
1112 3937 1166 3988 μιν
1184 3913 1271 3986 κύκλῳ
1282 3913 1336 3982 περί

233 4003 262 4060 τ’
277 4003 358 4078 ιῖμῳί
368 4021 396 4057 rs
410 3999 552 4058 πάντοθεν
569 3995 826 4074 iver—rariorum,
838 4003 886 4060 nbi
899 4005 1079 4059 Her-mannus
1097 4003 1184 4058 tacite
1203 4006 1265 4070 πέρι
1280 3995 1334 4052 scri·

230 4089 291 4162 psit
312 4098 344 4144 ut
360 4089 526 4144 adverbium
548 4087 728 4160 significaret,
746 4097 826 4161 puto.
873 4089 921 4145 Sic
945 4091 1028 4146 etism
1046 4089 1177 4146 nonnulli
1194 4087 1334 4142 Homerum

232 4180 350 4246 γέλασσε
364 4176 395 4230 dl
408 4178 484 4232 πᾶσα
497 4177 562 4245 περὶ
576 4170 659 4245 χθών
671 4191 725 4246 pro
736 4179 817 4248 πέριξ
828 4175 957 4248 posuisse
969 4184 1127 4231 statuerunt
1136 4177 1190 4231 sed
1203 4179 1334 4229 moestum

230 4270 328 4318 tamen
340 4279 420 4318 nemo
433 4259 596 4318 mutandum
607 4260 716 4332 putarit
728 4261 826 4334 Apoll.
838 4264 918 4333 Synt.
933 4264 992 4318 311.
