2825 4809
178 267 246 334 DE
268 261 537 331 PROSTHESI
559 260 621 329 BT
643 260 909 330 APHAERESI.
943 258 1073 330 (ΝΠ.
1129 261 1200 336 147

76 451 177 518 Pauli
202 447 363 534 apostoli,
392 446 483 531 quod
503 439 676 513 εὗόσνατεῖ
704 442 769 510 dici
793 442 948 531 oportuit
991 443 1042 510 Ea
1068 441 1199 510 demum

79 548 270 638 aphaeresis
293 547 359 611 dici
380 545 518 632 poterit3
540 543 600 609 sed
620 542 719 611 codd.
739 544 864 609 variant
885 545 1033 624 δυνατοῖ,
1056 545 1198 622 δυνατεῖ,
1267 591 1273 600 .

79 652 228 720 δύναται.
280 649 376 713 Idem
403 668 479 713 vero
509 642 699 711 adverbium
726 645 962 712 versificatores
991 657 1199 732 praeponunt

76 775 143 816 uon
168 761 237 814 tam
259 748 303 813 ad
317 747 499 832 juvandum
521 744 720 811 intellectum
743 767 840 830 quam
863 746 1035 834 explendis
1056 747 1198 834 numeris
1239 801 1247 816 ,

77 863 114 914 ut
139 845 355 934 εἰῖγναμπτος
380 844 530 931 μάκελλα
558 868 619 932 pro
646 845 787 931 simplici
813 843 967 935 μναμπτὴ
995 870 1026 912 v.
1047 848 1196 922 Wemik.

76 951 118 1014 ad
141 949 273 1035 Tryph.
299 971 330 1012 v.
351 946 426 1012 205.
451 946 504 1011 vel
531 946 630 1015 etiam
655 946 733 1030 quia
759 947 802 1012 ad
828 947 1054 1014 formationem
1082 973 1197 1018 neces-

74 1052 199 1116 sarium
219 1059 272 1115 est
287 1059 325 1114 ut
343 1042 482 1136 εἶν’ρηνος
503 1043 608 1133 κόρον]
623 1046 727 1112 Anth.
738 1047 836 1116 XIV.
850 1049 921 1114 149.
941 1049 978 1116 id
996 1061 1046 1115 est
1066 1051 1196 1140 κεφαλὴ

76 1148 212 1236 ἀρνεία,
248 1145 398 1226 εἷνίππος
428 1141 510 1226 dvo}
540 1167 600 1232 pro
634 1145 775 1226 ἵππεισς
806 1149 916 1216 Noun.
942 1149 1095 1218 XXVII.
1124 1153 1197 1220 188.

75 1245 227 1337 εὔθηρος
252 1245 350 1334 ἀοιδή
375 1247 524 1335 Oppian.
547 1245 632 1333 Cyn.
639 1247 682 1324 ,L
701 1246 755 1312 46.
786 1271 870 1334 quae
897 1250 1007 1337 paullo
1033 1261 1112 1338 post
1137 1275 1196 1318 vo-

76 1361 165 1416 catur
180 1346 328 1438 θήρειος
345 1344 445 1436 ἀοιδή
461 1349 508 1414 Π.
519 1347 571 1413 58.
589 1341 760 1426 εὐκαμπὲς
776 1349 942 1435 δρέπανον
958 1352 1058 1417 Hom.
1072 1363 1132 1418 etc.
1142 1358 1154 1398 ²
1164 1356 1196 1438 ³)
1278 1344 1281 1353 ’

74 1452 166 1537 quod
202 1460 345 1538 apparet
376 1450 473 1516 etiam
504 1449 541 1515 in
571 1447 741 1532 disjunctis
771 1449 867 1538 φέρει
894 1448 954 1518 τὸν
982 1443 1145 1540 εἶὶπσερον
1173 1451 1197 1520 ἅ

75 1550 268 1641 πσερόεσσα
297 1549 400 1615 Anth.
422 1550 488 1615 ΙΧ.
516 1550 588 1641 122.
637 1547 815 1614 Nominum
844 1550 1068 1635 propriorum,
1097 1575 1195 1639 prae.

75 1653 185 1718 sertim
216 1651 482 1739 peregrinorum,
514 1650 630 1736 regula
658 1648 770 1714 deest:
797 1645 975 1732 Ἀσσύριος
1004 1661 1038 1716 ct
1064 1649 1196 1740 Σύριος,

75 1754 164 1838 quod
186 1753 238 1816 illi
260 1751 433 1838 postponit
455 1750 567 1817 Schol.
590 1749 633 1814 ad
654 1751 738 1815 Hor.
753 1749 821 1815 Od.
835 1750 882 1815 ΙΙ.
901 1752 951 1828 11,
969 1753 998 1816 1.
1015 1773 1095 1836 quac
1112 1774 1198 1822 cunc

76 1855 173 1938 Syria
194 1857 316 1920 dicitur
338 1857 415 1919 otim
436 1855 546 1918 addito
567 1853 690 1934 syllaba
701 1852 837 1933 Ass-yria
857 1853 1093 1918 nominabatur.
1123 1847 1195 1923 Ἀν-

73 1954 198 2045 cleopa
223 1953 374 2020 ἐπίνειον
395 1956 565 2040 Δαιηνῶν.
606 1946 815 2035 Ἡρωδιανὸς
830 1943 1029 2038 Ἀντισάρη·
1050 1949 1139 2030 τινὲς
1160 1952 1198 2020 δὲ

80 2056 209 2141 Τισάρη
235 2051 408 2140 γράφουσι
436 2052 551 2138 Steph.
574 2050 719 2116 Laconis
748 2071 869 2114 nomen
891 2048 1009 2129 Χίονις
1034 2051 1069 2116 iu
1094 2052 1195 2121 Paus.

77 2155 141 2220 III.
163 2155 220 2233 14,
242 2155 275 2219 3.
303 2149 468 2236 Ἀγχίσνις
489 2151 653 2229 scribitur,
681 2151 773 2236 quod
793 2150 941 2238 plerique
967 2153 1197 2240 corrigendum

77 2265 211 2340 putant,
239 2254 433 2332 Siebelisius
464 2253 610 2318 defendit
633 2263 770 2339 propter
795 2251 959 2317 licentiam
982 2253 1058 2320 huic
1082 2256 1196 2342 generi

75 2378 279 2422 concessam.
313 2347 475 2439 Ἴσμαρος
494 2351 598 2432 πόλις
624 2349 775 2441 Θρᾴκης,
803 2344 825 2440 ἢ
848 2357 903 2418 νῦν
923 2351 1115 2437 Μαρώνεια,
1136 2383 1197 2436 κα-

74 2459 182 2523 λεῖται
204 2458 296 2521 Ηεε.
322 2455 375 2520 cui
403 2453 617 2541 appellationi
645 2453 741 2539 quasi
769 2452 934 2539 praeludit
961 2477 1081 2522 nomen
1108 2459 1195 2544 regis

72 2558 226 2623 Maronis
250 2551 290 2634 ὃς
308 2549 468 2640 Ἴσμαρον
489 2549 714 2644 ἀμφιβεβήκει
740 2553 807 2620 Od.
830 2555 894 2620 IX.
919 2555 990 2620 198.
1033 2559 1195 2626 Aescula-

74 2661 166 2746 pium
199 2657 382 2744 Lycophro
416 2656 509 2721 1054.
543 2648 673 2721 Ἥπιον
704 2654 883 2720 nominavit
914 2657 1146 2744 etymologiam
1177 2682 1198 2725 a

73 2760 309 2828 Grammaticis
327 2759 532 2822 decantatam
550 2777 701 2840 sequens.
737 2755 894 2842 Ignotum
916 2766 966 2822 est
978 2753 1110 2838 Ὑάλιος
1131 2784 1196 2828 πο·

71 2859 213 2945 λεμικός
232 2860 291 2926 καὶ
307 2855 473 2936 Ἐνυάλιος
491 2856 585 2924 Suid.
628 2856 748 2923 Dicam
768 2879 855 2921 nuno
875 2857 917 2922 de
935 2857 1066 2942 syllabis
1088 2860 1195 2926 mobi-

70 2961 169 3039 libus,
195 2982 334 3044 quarum
354 2959 460 3044 prima
478 2958 574 3024 litera
595 2968 645 3025 est
666 2979 828 3036 consona,
851 2957 1000 3043 proxima
1020 2961 1152 3038 vocalis.

153 3061 264 3126 XIX.
306 3059 366 3124 Ad
385 3058 467 3123 illud
488 3082 604 3146 genus,
626 3060 661 3124 in
679 3081 745 3144 quo
762 3057 902 3136 substiti,
923 3059 1085 3144 pertinent
1099 3060 1195 3140 haec:

71 3167 183 3247 spoia
214 3157 319 3238 πόλις
335 3157 505 3246 Ἐρετρίας
530 3156 711 3247 ἀφαιρέσει
732 3161 844 3246 γέγονε
870 3162 929 3246 τῆς
951 3155 1054 3249 ἀρχῆς
1078 3162 1194 3252 Stepb.

75 3263 116 3327 de
135 3283 205 3348 quo
223 3260 377 3326 nonnihil
393 3260 607 3327 dissensionis
621 3259 723 3326 iusisse
740 3257 883 3325 ostendit
902 3259 1021 3327 Strabo
1038 3262 1103 3328 IX.
1118 3263 1194 3340 404.

73 3367 183 3447 Γραῖα
206 3359 317 3440 κόπος
335 3355 497 3446 Ὠρωποῦ
516 3357 711 3447 πλησίον-
726 3360 815 3437 τινὲς
837 3360 874 3427 δὲ
894 3365 937 3448 τῇ
957 3361 1115 3453 Τανάγρᾳ
1135 3365 1196 3451 τὴν

73 3460 176 3550 αι’νιήν
202 3485 313 3550 φασιν
337 3483 368 3524 v.
389 3459 539 3548 Inter-pp.
561 3461 606 3526 ad
629 3459 735 3526 Thuc.
758 3460 805 3524 II.
829 3461 882 3538 23,
905 3463 936 3526 3.
971 3462 1196 3548 Μεμβλίαρσς

75 3566 172 3649 νῆσος
201 3561 263 3629 καὶ
290 3560 377 3629 κατὰ
407 3555 589 3650 ἀφαίρεσιν
616 3561 766 3650 Βλίαρος
796 3561 912 3650 Steph.
946 3585 1084 3650 quorum
1113 3565 1196 3633 illud

141 3765 186 3831 73)
203 3763 319 3818 Eodem
340 3763 377 3816 de
397 3777 504 3832 genere
526 3768 569 3815 est
587 3766 682 3833 κίρκος
700 3758 879 3834 φιλοκαμπὴς
898 3769 927 3818 ct
948 3761 1119 3836 φιλόιλοανιος
1136 3760 1195 3836 dun

74 3854 192 3902 rastrum
204 3847 350 3919 crepitans
361 3846 448 3900 Anth.
460 3851 605 3918 φίλοικιον
614 3841 776 3919 (ἀμμάτων)
788 3851 868 3916 βέλος
879 3867 931 3920 pro
946 3848 1056 3923 οἰκτρόν
1070 3857 1099 3905 et
1113 3849 1196 3924 φιλό-

78 3935 200 3989 αιιινδεν
216 3936 296 4001 λίβος
318 3949 371 4004 pro
391 3933 544 3987 σπονδεῖον
563 3934 639 4003 apud
656 3931 828 4004 Aeschylum
851 3934 888 3988 cl.
907 3933 1034 3990 Meinck.
1051 3933 1116 3991 Del.
1135 3939 1193 3991 tat.

71 4014 287 4090 ’Λφιλισιάχυινς
304 4021 388 4085 πενίη
401 4015 487 4070 anth.
501 4018 628 4072 abundat
644 4035 678 4073 ea
692 4025 774 4090 parts
792 4017 852 4074 sine
865 4037 922 4091 qua
932 4015 1111 4092 ἀφιλόδοξος,
1126 4019 1195 4093 ἀφι-

74 4098 192 4174 aalma
208 4111 266 4159 etc.
289 4108 419 4158 constare
436 4120 495 4158 uon
512 4109 648 4174 possunt;
664 4103 780 4176 ,qnippe
800 4105 868 4160 satis
887 4113 948 4161 erat
964 4101 1085 4176 ἄσταχυς
1102 4109 1194 4178 spicis

77 4185 226 4254 destituta,
247 4189 302 4244 sed
320 4185 380 4243 non
397 4184 500 4244 dicitur
518 4187 558 4243 ita
572 4188 639 4261 quia
656 4189 732 4247 idem
749 4199 831 4248 sonat
847 4190 1060 4248 substantivum.
1157 4255 1160 4266 Ι

920 4277 984 4346 10*
