2825 4809
262 360 340 434 362
547 352 870 422 DISSERTATIO
892 354 940 419 11.
982 353 1024 420 Ρ.
1046 353 1093 419 Π.

262 563 342 626 τρος
372 530 568 621 ὁμόποτρος
592 531 745 626 ουχκοπή
774 538 852 606 Sch.
888 540 932 603 A.
960 537 1001 603 Il.
1027 535 1092 602 XI.
1121 535 1189 602 257.
1220 528 1334 621 ὄτριχας,

263 636 395 715 οὶετέας
417 634 478 701 καὶ
499 628 648 723 ὄπατρος
671 637 759 706 κατὰ
780 634 949 726 οοχκοντήν
971 639 1052 705 ΕΜ.
1064 637 1136 716 637,
1148 637 1199 702 22.-
1216 635 1249 704 τὸ
1269 632 1337 722 ὁμῶς

265 735 335 808 ἀπὸ
364 740 426 804 τοῦ
451 730 595 820 ὁμοίως·
624 732 645 824 ἦ
674 737 713 806 δὲ
740 733 879 826 τοιαύτη
901 739 1054 827 συγκοπὴ
1076 736 1227 823 Δωριέων
1255 735 1335 803 ἐστίν·

189 909 197 921 „
265 836 388 907 ἓνεῖναι
421 834 486 924 γὰρ
520 831 702 923 ὁμότριχας
741 829 878 925 τ’)’τριχας
910 837 998 928 φασὶ
1029 837 1087 904 καὶ
1118 839 1191 915 τοὺς
1221 832 1339 920 ὁμοεταῖς

263 935 436 1021 lacten)
461 935 518 1003 καὶ
537 935 616 1016 τοὺς
635 934 828 1020 μανώνοχας
844 937 998 1023 μώνυχας
1019 939 1096 1007 Sch.
1118 940 1206 1004 Atat.
1223 939 1266 1004 19.
1299 939 1339 1004 De

263 1040 414 1109 Doribus
432 1047 590 1125 nugatum
620 1038 676 1104 illa
702 1040 877 1123 conjuncta
907 1050 984 1106 sunt
1004 1063 1078 1106 cum
1104 1061 1182 1106 voce
1201 1037 1341 1104 themana

265 1139 287 1210 ὅ
310 1140 379 1207 sive
400 1134 431 1218 ὅ,
454 1162 475 1204 a
496 1161 561 1225 qua
583 1163 666 1206 sono
687 1142 914 1206 tantummodo
939 1141 1048 1208 differt
1069 1133 1092 1208 ii
1113 1151 1146 1207 et
1168 1141 1226 1206 hoc
1239 1161 1341 1224 quoque

266 1242 407 1308 cernitur
431 1241 467 1306 in
495 1241 655 1327 synthetis
682 1264 768 1327 quae
792 1242 981 1327 Hesychius
1014 1243 1108 1310 affert
1134 1237 1226 1310 ἀετέα
1252 1239 1286 1307 τὰ
1307 1243 1340 1326 τῷ

264 1339 356 1430 αὐτῷ
378 1339 445 1408 ἔτει
467 1339 650 1427 γεννώμενα
670 1352 702 1408 et
722 1337 822 1430 αὖατῆ
841 1342 899 1410 τὸν
922 1337 1080 1432 αὐτοετῆ,
1108 1366 1169 1431 pro
1190 1364 1248 1428 quo
1269 1337 1340 1408 αὐτε-

264 1439 398 1508 νίαοτον
422 1441 539 1506 dicitur
559 1442 595 1506 in
617 1442 750 1530 Geopp.
794 1445 919 1512 Verum
939 1468 1007 1511 non
1031 1445 1139 1510 solum
1158 1445 1191 1510 in
1209 1441 1342 1530 pronomi-

263 1542 378 1620 nibus,
406 1565 492 1626 quae
519 1543 651 1609 omnino
682 1567 701 1608 a
730 1546 956 1612 communibus
986 1545 1115 1631 legibus
1141 1554 1258 1611 exenta
1281 1551 1341 1616 sunl,

264 1643 441 1728 aliquando
471 1643 515 1708 ad
542 1645 647 1731 prima
671 1645 832 1710 elementa
853 1669 1019 1714 recursum
1044 1669 1117 1714 esse
1143 1646 1200 1712 sed
1225 1642 1343 1710 etiamin

264 1744 437 1812 ordinariis
460 1744 604 1810 ostendit
623 1745 759 1811 verbum
778 1747 970 1813 insolentius
993 1747 1104 1812 fictum
1123 1741 1285 1833 ὀρκύπτειν
1298 1742 1343 1816 hnc

265 1855 317 1910 est
337 1840 575 1912 ἀνατείνεσθαι
595 1845 654 1912 καὶ
674 1844 734 1913 ἐντ’
766 1840 883 1933 ἷίκρταν,
908 1841 1030 1928 ὀνύχων
1052 1849 1225 1914 ἵστασθαι.
1244 1845 1344 1928 'Hujus

265 1945 352 2012 enim
373 1943 498 2029 syllaba
518 1945 623 2029 prima
649 1948 764 2014 eadem
790 1970 862 2014 esse
888 1949 1017 2014 videtur
1045 1970 1131 2033 quae
1159 1947 1194 2011 in
1219 1939 1307 2030 ὀρθός
1323 1953 1346 2006 et

264 2038 381 2133 ἶν’ρναμι
398 2046 540 2112 cernitur
557 2047 699 2133 ipsoque
717 2050 849 2116 nomine
861 2041 950 2136 ὅρος,
969 2050 1057 2114 unde
1069 2048 1218 2114 nonnulli
1231 2039 1347 2132 ὅροχθος

264 2157 298 2210 et
319 2137 460 2231 ὅροχκος
487 2146 630 2212 derivata
657 2152 849 2239 putantss).
894 2150 964 2217 Sed
994 2172 1077 2236 quae
1109 2144 1347 2216 Grammaticiin

264 2245 410 2310 medium
430 2247 608 2332 proferunt,
630 2250 673 2312 ad
694 2251 961 2335 persuadendum
982 2273 1099 2336 parum
1122 2249 1269 2336 apposita
1286 2256 1347 2310 suut.

262 2346 411 2411 Primum
431 2343 604 2432 κάμμορος
624 2344 729 2416 οἷονεί
750 2348 942 2438 κακόμορος
959 2349 1017 2414 καὶ
1035 2355 1190 2438 σοχατοττῇ
1209 2344 1348 2432 supposes

262 2448 344 2513 EM.
366 2447 440 2525 488,
462 2448 515 2513 41.
537 2449 696 2535 Apollon.
718 2451 802 2515 Lex.
827 2450 952 2537 Tryph.
977 2451 1018 2515 de
1039 2451 1137 2516 Pass.
1164 2454 1189 2535 ξ.
1202 2451 1251 2514 23.
1273 2471 1300 2534 p.
1312 2447 1349 2510 37.

263 2547 307 2613 Id
328 2548 439 2633 potius
468 2548 516 2613 sic
536 2559 581 2612 ut
600 2549 769 2637 καμμονίη
793 2562 824 2616 et
846 2549 1016 2636 καμβολαά
1039 2574 1113 2616 cum
1137 2549 1349 2639 praepositione

264 2650 452 2737 copulatum
475 2660 533 2727 est,
557 2673 643 2735 quae
662 2651 791 2737 integra
812 2661 950 2739 apparet
975 2650 1010 2715 in
1037 2647 1247 2740 κατάφοβος,
1274 2643 1350 2712 κατά-

262 2753 376 2832 χολος,
401 2750 520 2835 quibus
543 2752 647 2816 simile
674 2749 867 2839 κατάχιορος
894 2775 962 2817 uon
991 2751 1196 2837 legimus1³)
1227 2751 1281 2816 sed
1297 2747 1352 2812 hine

265 2851 390 2918 aeolice
418 2861 607 2936 corruptum
637 2862 770 2937 putatur
791 2848 1158 2940 Κάσμοροςδύοτνχνας
1185 2856 1264 2917 Hes.
1289 2851 1352 2914 Tun

262 2947 454 3040 ποκαμήδης
473 2951 643 3041 συχκοττὴν
664 2949 796 3018 ἔπαθεν
826 2952 864 3018 ἐν
890 2957 949 3020 τοῦ
971 2953 1221 3040 ποκανομήδνχς·
1251 2945 1284 3019 οὐ
1307 2947 1352 3038 γάρ

264 3053 355 3120 ἐστιν
377 3050 486 3120 εἰπεῖν
507 3048 554 3130 ὡς
575 3052 612 3118 ἐκ
627 3057 688 3118 τοῦ
709 3049 799 3118 πύκα
823 3050 993 3138 σύγκειται
1012 3055 1108 3118 Euat.
1132 3055 1228 3132 1428,
1249 3053 1294 3118 54.
1312 3074 1353 3116 cu-

256 3155 314 3237 jus
334 3154 418 3219 ratio
442 3153 566 3240 duplex
593 3153 694 3218 luisse
721 3153 866 3230 videtur,
895 3175 961 3218 una
985 3153 1026 3218 ab
1056 3155 1218 3238 adjectivo
1243 3149 1353 3220 πααινὸ-

263 3277 357 3340 φρτον
378 3254 493 3331 ducta,
522 3254 623 3319 altera
644 3254 842 3320 conveniens
871 3254 1051 3320 sententiae
1072 3255 1108 3319 in
1128 3255 1299 3331 ΕΜ..649,
1316 3253 1354 3315 43.

334 3422 379 3490 11)
393 3417 653 3491 ΗααχαὶιίααὙειὴς
671 3419 685 3475 ὁ
705 3418 846 3488 claustrie·
863 3418 1019 3491 Μαρσύας·
1039 3421 1162 3476 fortasse
1181 3425 1310 3480 aeolicum
1325 3427 1355 3474 est

262 3505 341 3575 ὖέτης
352 3525 403 3577 pro
417 3504 492 3575 ὂετὴς
503 3508 549 3578 (ut
560 3501 665 3577 ὕμοτος)
680 3509 759 3576 quod
773 3505 842 3561 alibi
854 3525 911 3561 non
924 3507 1037 3576 legitur.

334 3593 379 3659 12)
392 3591 549 3662 Analogiae
562 3591 654 3662 aptius
666 3594 743 3646 soret
754 3593 974 3666 perispomenon
987 3589 1136 3661 ὀρκαπτεῖν
1152 3595 1190 3648 ab
1206 3585 1326 3665 ὀρνύντος
1335 3593 1356 3638 ul

262 3675 460 3749 usurpavimus,
475 3677 712 3749 στερνοτὺπτηςν.
727 3681 765 3732 ad
783 3679 888 3750 Pbryn.
903 3682 961 3735 593.
981 3688 1011 3734 et
1021 3682 1077 3733 hoc
1092 3679 1295 3750 quodammodo
1307 3689 1356 3728 ton·

261 3764 354 3818 firmat
364 3763 498 3834 Hesychii
511 3763 651 3836 scriptura
667 3763 834 3837 ὀρακαπτεῖν.

333 3851 372 3916 13)
386 3850 444 3904 Pro
451 3848 608 3922 κατάμαρος
618 3853 696 3923 apud
705 3850 810 3904 Arcad.
824 3850 938 3921 reposui
951 3846 1074 3924 κάμορος
1084 3851 1201 3922 plantae
1214 3847 1259 3903 vel
1270 3839 1356 3900 arboris

261 3952 364 3989 nomen
376 3935 406 3989 iu
419 3936 508 3989 Proll.
522 3938 582 3990 271.
596 3945 656 3990 not.
670 3936 712 3989 40.
736 3936 789 3989 Ille
804 3934 878 3989 enim
895 3938 1001 3990 nonde
1019 3935 1167 4009 adjectivis
1188 3933 1248 4004 agit
1266 3942 1359 4010 coppe·

260 4018 331 4084 sitis,
343 4028 375 4075 ut
386 4021 415 4073 in
422 4021 506 4075 Thes.
518 4020 630 4086 dicitur,
643 4020 722 4091 cnjus
731 4019 843 4090 generis
855 4028 990 4076 sexcenta
1002 4029 1153 4077 occurrunt
1162 4006 1274 4092 ἰοα-ροξ,
1286 4024 1357 4082 loeva

155 4116 160 4120 '
255 4092 351 4178 ’κῖραξζ
364 4093 455 4179 affl
465 4114 519 4161 etc.
533 4109 584 4161 sed
597 4108 633 4160 de
646 4104 827 4160 substantivis
840 4106 1022 4179 simplicibus.
1052 4091 1358 4179 Adjectivumestnciu-

259 4211 361 4265 μορυς,
377 4211 434 4263 quo
453 4192 611 4264 Sophocles
629 4191 717 4246 utitur
733 4209 786 4263 pro
804 4188 957 4267 νάμμαρος.
985 4194 1050 4249 Ηοο
1072 4194 1166 4250 Schol.
1189 4192 1244 4246 Od.
1264 4187 1296 4241 V.
1315 4183 1359 4237 110·

260 4282 530 4352 καταμεμορημένον
541 4277 751 4348 interpretatur.
