2825 4809
159 316 218 387 os
233 287 503 384 durannum
518 311 581 382 uu
600 273 876 398 scaurum.
900 307 939 382 c.
950 311 996 381 11.
1014 281 1094 402 aa*
1112 320 1186 396 565
1259 253 1261 260 ¹

92 501 336 598 yognosups'rqg,‘
356 501 538 587 eodemque
558 501 658 568 modo
679 500 890 571 Grammatici
906 500 1066 586 adjectiva
1089 497 1200 582 τέλος·χ

91 613 229 684 ιίνθινος,
260 596 477 689 ὁοςκυάμινος
507 627 527 670 a
557 603 686 670 duobus
717 603 891 690 separatim
914 604 1043 690 scriptis
1063 605 1186 691 repeti-

88 713 162 777 visse
187 705 343 771 rideutur.
392 705 458 770 His
487 704 638 772 omnibus
668 706 775 791 sigma
803 705 938 792 genitivi
965 707 1113 774 relictum
1137 717 1188 774 est
1230 753 1234 778 ι

87 832 180 898 eoque
210 807 364 889 differunt
396 806 441 872 ab·
469 807 510 873 iis
544 830 629 894 quae
658 831 678 874 a
706 809 864 894 synthetis
898 819 1082 896 propagata
1112 818 1188 876 sunt

86 911 252 987 Διόπολις,
270 906 494 997 Διοπολίτηςς
514 905 715 988 Πανόπολις
731 910 988 996 Πανοπολίτης,
1000 907 1186 996 Ἡρακλυό-

84 1015 172 1090 πολις
187 1010 278 1096 quod
292 1009 442 1096 plerique
455 1012 552 1077 codd.
567 1011 740 1080 Strabonis
755 1003 913 1099 praebent
923 1012 983 1079 VI.
995 1011 1069 1080 264.
1082 1006 1187 1096 Ἡρα·-

84 1110 290 1198 κλτοπολίτης
305 1104 405 1178 Phot.
419 1111 502 1179 Cod.
517 1112 619 1182 CCL.
630 1115 704 1181 276.
724 1136 895 1201 perperam
909 1137 985 1180 vero
1006 1113 1095 1201 apud
1111 1112 1186 1180 Ste-

82 1216 213 1304 phanum
229 1213 388 1301 scriptum
403 1224 454 1280 est
461 1210 1113 1304 Ἡρανλτοόπολις-Ἡρακλειιπολίτης
1124 1236 1185 1300 pro

78 1310 333 1401 Ἡρακλτόπολις
354 1315 425 1382 sive‘
439 1311 640 1403 Ἡρακλέους
655 1313 756 1394 πόλις
778 1327 811 1383 et
827 1312 1131 1405 Ἡρακλιοπολίτης
1142 1316 1185 1400 ⁴),

80 1417 159 1505 quod
179 1417 275 1482 aliter
297 1417 362 1483 dici
384 1427 495 1505 potest
510 1413 712 1504 Ἡρακλέους
731 1415 873 1506 πολίτης
894 1426 930 1482 ut
946 1412 1186 1504 Ἀλεξάνδροιο

79 1520 207 1609 πολίτης
227 1521 333 1587 Anto.
356 1522 449 1609 App.
473 1519 662 1588 CCXLIV.
686 1519 725 1591 ,id
752 1528 801 1586 est
826 1517 1079 1584 AIexaudrinus.
1129 1518 1186 1586 Sic

78 1624 163 1707 etiam
183 1642 245 1709 pro
265 1620 597 1711 Πομπηϊουπολίτης
618 1621 756 1688 Lucian.
781 1621 822 1687 de
843 1620 918 1686 hist.
942 1641 1066 1686 consur.
1089 1623 1113 1704 ξ.
1134 1619 1184 1687 15.

78 1725 162 1790 codd
193 1724 286 1791 haud
312 1725 409 1812 pauci
435 1724 576 1789 offerunt
600 1724 786 1812 Πομπηΐου
814 1719 982 1809 πολίτης,Ι
998 1721 1185 1807 pariterque

74 1826 257 1892 Herodotus
268 1825 316 1891 Π.
324 1827 355 1893 3.
367 1824 538 1912 scripsisse
548 1825 677 1891 videtur
685 1820 802 1892 Ἡλίου
818 1824 972 1909 πολίτης,
986 1823 1076 1908 quod
1087 1824 1185 1890 codd.

73 1929 165 1995 Diod.
176 1930 205 1995 1.
217 1929 272 1995 96.
285 1937 425 2006 tuentum,
441 1923 791 2013 σοιἩλιοοπολίτης,
809 1923 991 2010 eodemque
1006 1925 1184 2002 reformau-

73 2032 140 2096 dum
159 2040 243 2118 puto
262 2027 526 2116 Ἕρμουπολίτης
547 2038 579 2095 et
598 2027 724 2113 siquid
746 2027 850 2092 simile
872 2026 963 2114 apud
984 2036 1108 2094 veteres
1132 2028 1183 2092 iu-

72 2133 198 2199 venitur.
233 2130 307 2200 Sed
323 2127 549 2197 reverteudum
566 2141 616 2198 est
631 2131 719 2196 unde
735 2129 937 2208 defleximus,
952 2129 996 2195 ad
1013 2129 1183 2214 adjectiva.

34 2299 37 2305 ς
144 2238 170 2319 ξ.
189 2234 222 2300 2.
256 2232 425 2299 Peculiari
443 2233 586 2318 quodam
602 2232 702 2298 modo
722 2226 945 2308 relativi'b'cog
965 2231 1184 2298 nominativus
1262 2229 1270 2251 ‘'

40 2402 42 2405 ,
68 2335 196 2422 μίστυλλε
229 2334 361 2400 numeri
391 2330 471 2401 ὅσαι
502 2344 535 2400 et
565 2330 629 2402 ὅσα
662 2356 737 2400 cum
767 2330 953 2400 nominibus
987 2319 1184 2417 quibusdam

32 2504 39 2527 y,
67 2422 187 2524 tenipus
218 2433 483 2523 significantibus
505 2435 712 2502 consociatur
739 2433 856 2502 eodem
877 2433 1045 2500 intellectu
1067 2434 1182 2500 adver-

32 2580 37 2607 ι,
66 2537 134 2604 binii
155 2560 225 2625 quo
247 2537 492 2608 consociatus.
535 2537 724 2602 Priscianus
748 2536 881 2605 XVHI.
903 2535 956 2613 25,
978 2535 1051 2600 229.
1075 2536 1116 2603 Τ.
1135 2535 1182 2603 Π.

35 2680 42 2714 2
64 2642 151 2708 Attici
158 2691 172 2717 ,
197 2639 329 2726 inquit,
350 2633 518 2727 ὁσημέραι
539 2639 595 2706 καί
616 2636 694 2708 ὅσαι
717 2634 850 2728 ἡμέραι.
890 2633 1066 2723 Ὑπερίδης
1095 2634 1182 2717 ,,Ἐν-

39 2741 160 2817 ,ταυθὶ
183 2747 234 2830 τῷ
259 2737 452 2809 Ἀπόλλωνι
477 2736 602 2807 θύεται
623 2735 817 2829 ὁσημέραιίῑ
832 2737 875 2824 ⁵).
918 2739 964 2802 Et
985 2739 1182 2806 contrarium

37 2888 45 2922 ‚
61 2839 132 2910 ὁοαι
161 2842 284 2923 νύκτες
310 2843 450 2909 Luciau.
475 2840 627 2928 Philops.
654 2845 680 2926 §.
700 2841 756 2906 18.
785 2839 919 2906 Heliod.
940 2839 1005 2904 IX.
1030 2841 1084 2918 11,
1106 2841 1181 2908 364.

32 2974 38 3029 η
61 2955 92 3009 ut
108 2941 198 3014 ’ὅσοι
226 2947 334 3032 μῆνες
362 2956 437 3028 quot
465 2947 622 3010 mensibus
651 2943 719 3010 sive
745 2955 898 3028 quotquot
924 2945 1081 3010 oeensibus
1107 2945 1180 3010 De·

38 3047 173 3112 ⁴mosth.
200 3069 231 3112 c.
257 3045 403 3112 Timocr.
427 3045 499 3123 744,
517 3044 570 3111 25.
593 3041 658 3113 ὅσα
680 3041 737 3135 έτη
760 3047 930 3130 quotannis
951 3044 1081 3112 Arrian.
1103 3045 1179 3112 Ind

32 3206 33 3209 ,
58 3147 229 3216 XXXVI.
248 3147 325 3214 190.
348 3156 381 3213 et
402 3145 476 3222 cum
497 3146 592 3232 signo
613 3145 760 3223 elisionis
779 3140 835 3212 do’
856 3143 912 3232 έτη
930 3145 1032 3210 Arist.
1045 3145 1180 3212 Thesm.
1224 3179 1226 3182 ·

34 3294 45 3319 .-
58 3248 125 3316 624.
144 3249 244 3335 quod
268 3271 358 3316 nunc
375 3249 541 3316 Schaeferi
564 3271 664 3316 suasu
684 3244 781 3335 ὁσέτη
804 3247 963 3325 scribitur,
987 3244 1101 3316 ὁπόσα
1123 3247 1180 3336 ἔτη
1274 3246 1277 3257 ’

32 3351 216 3443 1,Τλιετῐιὶυλ
240 3351 305 3419 Or.
317 3352 378 3419 IV.
394 3350 447 3418 52.
465 3350 504 3420 C.
527 3348 607 3420 ὅσαι
628 3340 714 3437 ὧραι
735 3349 832 3416 Alex.
850 3349 1003 3437 Aphrod.
1023 3351 1064 3426 de
1080 3349 1181 3424 Febr.

32 3610 41 3669 T?
118 3595 147 3660 t)
170 3591 223 3647 Sic
247 3589 346 3646 censui
370 3589 400 3645 in
422 3588 592 3662 proecdosi3
614 3588 697 3644 idem·
709 3587 820 3658 judicat
839 3585 1007 3642 Meinekius.
1043 3587 1180 3642 Nonnun-

54 3695 133 3748 quam
151 3677 320 3733 recurritur
336 3679 373 3732 ad
392 3675 546 3748 simplicia:
560 3671 658 3745 ’Ἄρεος
675 3678 757 3744 νῆσος
776 3671 805 3729 τὸ
824 3671 936 3729 ἔθνικόν
949 3668 1056 3748 Ἄρειος
1073 3674 1102 3736 ἔξ
1119 3671 1182 3736 ἑνὸς

31 3824 38 3841 ἐκ
51 3771 108 3818 τοῖν
124 3767 213 3820 δυοῖν
232 3767 430 3837 παρηγμένον,
444 3759 553 3833 Μόψου
573 3762 650 3817 ἑστία
668 3758 683 3816 ὁ
699 3764 811 3830 πολίτης
828 3756 983 3830 Μοψεάτης
999 3757 1066 3814 κατὰ
1086 3780 1180 3831 παρα-

32 3841 144 3921 ζνωγὴν
162 3853 239 3922 μιᾶς
255 3853 313 3905 τῶν
329 3850 412 3904 δυοῖν
427 3853 536 3918 λέξεων,
552 3851 703 3920 Παρθένου
722 3842 863 3920 ἱερόν-ὁ
881 3842 995 3920 οἰκήτωρ
1012 3849 1178 3920 Παρθένιος,
1215 3841 1219 3848 ’

32 3930 63 4011 ἶὸ
77 3934 215 4011 παρήχθη
236 3932 299 3990 ἀπὸ
317 3937 365 3992 τοῦ
376 3932 528 4006 Παρθένου
545 3930 635 4008 μόνου
655 3927 788 4005 ὀνόματος
805 3935 902 4006 steph.

36 4108 39 4109 ⁷
115 4033 146 4108 5)
166 4032 240 4086 Hoc
262 4039 293 4086 et
309 4027 371 4084 ὅσαι
387 4028 488 4103 ἡμέραι
505 4029 534 4085 iu
552 4032 633 4086 codd.
647 4036 841 4101 permutantur
858 4046 915 4084 uon
931 4045 994 4084 raro
1010 4044 1036 4082 v.
1049 4028 1175 4104 Interpp.

38 4121 81 4173 ,ad
94 4118 237 4190 Thucyd.
251 4115 333 4171 VIII.
349 4119 391 4183 tt,
403 4117 428 4170 3.
441 4125 472 4172 et
486 4119 522 4174 ud
536 4117 651 4172 Lucian.
663 4116 744 4187 Nigr.
758 4117 828 4184 §.tta
840 4115 873 4172 T.
887 4115 909 4170 I.
923 4135 951 4188 p.
959 4119 999 4170 ²6.
1014 4118 1059 4172 ed.
1073 4118 1193 4174 Jacob.-

35 4196 197 4278 Ὅσήμτραι
219 4210 481 4276 proparoxytonou
499 4211 542 4260 est
563 4202 592 4259 iu
613 4202 708 4258 Photii
728 4204 891 4276 apographo
911 4202 1101 4270 Porsoniauo‚
1126 4208 1178 4261 sed

46 4297 140 4350 cetera
160 4290 306 4364 exempla
323 4293 477 4348 ostendunt
495 4293 548 4347 hac
566 4290 738 4364 synaloephe
756 4298 902 4346 accentum
919 4307 977 4346 nou
994 4288 1108 4349 retrahi.
1246 4289 1255 4306 ‘
