2825 4809
373 370 584 440 PATHOL.
606 369 805 439 PROOEM.
1081 367 1086 382 ’
1124 378 1148 453 5

81 576 155 631 terum
172 559 290 627 easdem
309 558 383 625 illas
403 558 532 625 formae-
544 558 672 625 nativae
692 557 961 646 interpolationes
975 559 1147 629 Gramma·

79 668 117 733 tiei
133 688 189 731 non
207 684 334 749 semper
360 661 477 727 iisdem
497 660 683 727 nominibus
705 662 874 748 appellant
897 661 957 727 sed
978 661 1034 733 alii
1055 662 1149 731 aliter

78 780 100 835 et
114 766 221 853 saepius
240 765 329 831 credi
348 763 424 829 lieet
439 762 589 829 librarios
607 762 792 829 discrimina
813 762 992 848 antiquitus
1009 764 1076 831 fixa
1089 788 1149 851 per

75 867 250 955 ignorantiam
271 864 467 930 confudisse.
501 865 567 943 Sic,
589 874 627 929 ut
642 864 899 951 impensionibus
917 864 1069 931 defectivi
1088 888 1148 951 ge·

75 970 134 1035 neris
158 968 340 1045 subsistam,
371 966 493 1032 Pollux
514 965 578 1031 IX.
603 963 655 1031 65.
684 988 746 1052 pro
774 966 946 1054 aphaeresi
975 989 1150 1054 apocopen

74 1070 183 1136 nominat
208 1066 239 1135 σί
269 1067 328 1135 dio
354 1070 474 1151 χαλκοῖ
496 1064 756 1153 τεταρτημόριον
780 1067 835 1135 καί
860 1066 943 1135 κατὰ
967 1063 1150 1157 ἀποκοπὴν

75 1169 258 1258 ισριημόρισν
269 1166 472 1251 ὠνομάζετο·
485 1166 566 1231 alius
585 1165 647 1232 hoc
665 1190 785 1234 nomen
802 1169 845 1234 ad
859 1189 1026 1257 syncopen
1043 1178 1148 1233 mans-

72 1273 112 1336 lert
133 1270 164 1337 τό
190 1269 311 1337 σπέσσι
341 1264 410 1335 eiad
440 1274 499 1335 τοῦ
532 1271 672 1337 σπίισσι
705 1269 830 1355 γίνεται
860 1270 943 1335 κατὰ
971 1264 1151 1359 όπσκσπὴν

72 1374 148 1456 Etym.
169 1370 253 1436 Gud.
277 1370 350 1447 537,
373 1370 425 1435 21.
450 1370 531 1435 alius
553 1371 665 1436 literae
692 1371 816 1457 primae
846 1370 1079 1437 detractionem
1107 1368 1150 1435 ad

71 1472 207 1559 ecthlipsin
234 1482 273 1536 ut
299 1472 380 1538 EM.
404 1471 481 1551 702,
503 1472 554 1539 39.
580 1472 617 1539 τό
641 1468 683 1563 ῥά
711 1471 872 1557 ἔκθλιψιν
895 1468 1007 1538 ἔπαθε
1030 1475 1090 1537 τοῦ
1114 1458 1149 1543 ἶ.

70 1574 118 1638 Neo
131 1573 226 1637 minus
241 1574 369 1639 fluxum
386 1595 551 1661 syncopae
567 1593 696 1637 nomen.
733 1572 881 1636 Primum
898 1572 985 1637 enim
999 1594 1150 1661 apocope

70 1676 99 1739 sic
117 1674 221 1739 dicitur
244 1674 332 1761 κάρη
357 1668 428 1741 vival
450 1678 508 1740 τοῦ
532 1674 659 1761 κάρηνα
679 1696 710 1737 v.
733 1672 857 1738 Techn.
880 1696 914 1760 p.
932 1672 963 1739 5.
987 1675 1062 1739 adn.
1081 1685 1150 1740 tum

70 1776 219 1863 aphaeresis
251 1774 359 1864 ἔφατο
387 1774 443 1841 καί
470 1774 554 1841 κατὰ
582 1773 753 1861 σσγκοπῆν
778 1774 870 1862 φάτο
898 1774 979 1839 ΕΜ.
1003 1774 1075 1853 788,
1095 1776 1149 1841 43.

69 1878 178 1960 ἔγιίνατσ
196 1878 254 1944 καί
274 1876 360 1943 κατὰ
375 1874 545 1963 σσγκοπὴν
562 1873 691 1959 γείνατο
704 1873 779 1951 491,
789 1875 819 1940 5.
832 1884 900 1939 tum
915 1875 1016 1941 erasis
1031 1871 1152 1963 όίεργος

71 1978 106 2044 καί
122 1984 270 2069 σογκσπῇ
300 1972 405 2063 ἀργός
430 1976 541 2063 Epim.
568 1974 676 2042 Crem.
698 1974 746 2041 Π.
766 1975 848 2054 381,
874 1976 903 2042 7.
934 1976 1066 2063 πρωίαν
1094 1974 1151 2044 καί

69 2085 146 2169 τροπῇ
166 2080 301 2167 ποιοίην
324 2077 379 2145 καί
402 2079 486 2143 κατὰ
510 2078 679 2165 σσγκσπην
700 2074 818 2164 πρῴην
839 2077 918 2154 398,
940 2076 991 2142 25.
1016 2075 1151 2165 τρέιρος

65 2180 124 2248 rori
145 2205 234 2267 σσγκ.
262 2183 387 2269 τρῆρσς
413 2180 492 2246 ΕΜ.
517 2177 595 2256 764,
617 2176 670 2243 56.
694 2176 813 2243 deinde
834 2177 1046 2266 hyphaeresis
1071 2200 1150 2245 con·

64 2303 150 2347 sonae:
172 2284 208 2348 τὸ
233 2278 326 2349 ἔνόοι
348 2280 434 2359 τινὲς
457 2279 494 2347 ἐκ
515 2283 687 2369 σσγκσπῆς
708 2284 768 2353 τοῦ
791 2280 907 2347 laotos
928 2280 1041 2369 Apoll.
1062 2280 1150 2346 Adv.

63 2381 111 2447 610.
135 2383 249 2467 γέγονα
280 2380 335 2447 καί
365 2381 450 2448 κατὰ
477 2404 567 2467 σογκ.
591 2382 691 2467 γὲγσα
720 2379 830 2448 Sohol.
851 2382 931 2448 Eur.
952 2382 1037 2447 Hac.
1065 2404 1096 2447 v.
1118 2382 1149 2448 3.

62 2484 199 2548 ueletiam
221 2482 369 2570 plurium
398 2478 561 2570 Είιρὺπαιν
583 2476 798 2567 Εόριίποντσς
819 2479 1069 2573 Εὖροποντίδης
1096 2482 1152 2550 καί

60 2585 120 2653 racd
144 2610 235 2671 σσγκ.
260 2582 479 2670 Εὖρυποΐόης
507 2582 562 2649 καί
592 2583 676 2651 κατὰ
704 2582 895 2672 σοναίρσσιν
922 2588 982 2651 τοῦ
1007 2572 1034 2652 ο
1056 2585 1111 2652 καί
1125 2568 1152 2653 ἶ

61 2686 97 2751 καί
118 2684 246 2753 ἐκτάσει
274 2675 482 2772 Εὐρσπηίόης
506 2684 586 2749 ΕΜ.
608 2682 686 2763 397,
711 2684 762 2750 12.
785 2682 880 2772 παρὰ
901 2686 959 2752 τόν
975 2682 1152 2770 Ἀχέροντα

59 2782 198 2873 σ’χιροντίς
222 2784 392 2854 καὶκατὰ
416 2785 583 2873 συγκσπίγν
611 2786 667 2853 καί
692 2784 826 2854 ἔκτασιν
848 2782 1001 2870 σἰχερωίς,
1030 2787 1154 2855 scillcet

61 2891 114 2971 quio
132 2892 297 2957 Hercules
320 2888 406 2954 hanc
428 2888 575 2953 arborem
598 2910 638 2953 ex
651 2886 741 2954 Orco
764 2888 912 2956 attulisse
931 2889 1151 2975 ferebatur⁶).

106 3131 130 3199 t)
138 3132 201 3187 Ηοσ
214 3134 340 3202 apparet
349 3144 407 3181 non
415 3124 492 3197 prius
506 3124 581 3181 credi
591 3126 717 3197 potuisse
727 3143 811 3197 quam
821 3126 953 3183 ludorum
962 3127 1152 3199 gymnicorum

56 3216 148 3272 victores
162 3216 282 3272 coronis
298 3213 447 3286 populneis
465 3210 637 3267 remunerari
654 3212 748 3283 coepti
767 3220 870 3266 essent.
907 3212 1045 3268 Homerus
1059 3222 1153 3268 autem

59 3302 136 3357 nnllam
152 3320 327 3359 coronarum
343 3298 514 3355 mentionem
531 3300 618 3353 habet
634 3316 726 3369 neque
743 3298 928 3353 convivalium
944 3317 1037 3369 neque
1056 3316 1153 3354 earum

57 3406 107 3455 qnae
121 3388 280 3451 victoribus
297 3388 379 3441 datae
394 3392 474 3449 sunt,
493 3384 681 3454 Herculisque
699 3384 788 3455 ipsius
806 3402 910 3439 nomen
928 3384 957 3438 in
974 3384 1062 3451 ludis,
1081 3403 1153 3458 qnos

59 3474 168 3539 celebrat,
187 3491 225 3527 ne
241 3472 336 3527 semel
349 3471 462 3544 quidem
476 3469 638 3541 interponit.
674 3470 739 3524 Ηοσ
751 3471 845 3525 nescio
859 3489 895 3526 an
908 3469 950 3524 illi
965 3471 1154 3541 spectaverint

56 3557 88 3626 qni
94 3558 201 3628 ἀχείωίς
213 3558 394 3628 scripserunt
403 3558 449 3611 vel
459 3564 488 3611 ut
498 3555 655 3629 aquaticam
665 3558 795 3611 arborem
804 3556 994 3626 significarent
1002 3556 1154 3629 (Ἀχιίῶσν

57 3641 92 3713 γὰρ
103 3648 154 3697 πᾶν
167 3642 249 3717 ὕδωρ
268 3646 383 3713 λέγουσι
400 3662 426 3697 v.
440 3642 594 3697 Wellauer.
608 3644 645 3695 ad
657 3643 760 3696 Aesoh.
775 3642 853 3696 Pers.
868 3643 944 3711 850.)
958 3644 1005 3697 vel
1018 3652 1049 3698 ut
1060 3645 1152 3703 Aoln'e·

56 3724 82 3779 loi
94 3731 219 3785 accolam.
262 3728 389 3797 Vulgato
408 3727 497 3783 simile
518 3737 562 3783 est
578 3724 668 3799 ἆχεριό
687 3727 797 3783 Cereris
818 3735 947 3782 terraeve
965 3746 1066 3785 nomen
1083 3730 1151 3787 Hes.

55 3812 152 3870 Eaedem
168 3816 240 3871 illae
257 3832 402 3869 consonae
417 3802 451 3869 ἦ
468 3832 483 3868 e
500 3814 594 3869 medio
608 3812 714 3867 abeunt
727 3814 776 3867 nbi
791 3813 991 3886 adjectivorum
1008 3802 1086 3879 ἰαῖἆ
1104 3835 1152 3871 er·

57 3901 152 3957 eundum
169 3902 473 3976 primusquartusque
491 3919 569 3956 casus
587 3900 704 3972 pluralis
723 3902 759 3953 ad
776 3898 986 3961 similitudinem
1004 3899 1152 3972 singularis

56 3986 205 4057 rediguntur,
221 3984 403 4061 φαρρακόεις
416 3984 508 4049 πόσεις
520 3986 581 4041 Nic.
597 3986 642 4041 Al.
654 3988 715 4041 293.
729 4004 781 4057 pro
795 3984 1003 4058 φαρμακόένιτς
1017 3996 1046 4041 et
1057 4006 1084 4042 v.
1093 3987 1151 4041 ⁸266.

58 4068 174 4137 ίμτείὸεις
187 4075 297 4135 ἕλικας.
314 4073 410 4127 Schol.
426 4070 440 4127 d
458 4070 557 4147 τρόπος
573 4068 840 4145 μετάληψις-ἄλλοι
856 4075 888 4128 dl
905 4070 1053 4139 αίτιατικόν
1064 4087 1153 4141 φασιν

55 4154 178 4230 ὁμόφωνον
200 4156 281 4217 εἶναι
303 4162 334 4235 τῇ
350 4161 460 4230 εὐθείᾳ,
481 4158 646 4231 metalepsin
666 4176 770 4214 vocans
790 4160 972 4215 mutationem
991 4156 1102 4226 generis
1122 4164 1153 4211 ut
1267 4195 1270 4200 ,

57 4246 109 4299 adv.
122 4251 178 4303 tas.
192 4244 354 4317 ψολόεντας
370 4244 532 4317 ἐχίδνης-τὸ
550 4248 643 4316 σχῆμα
660 4240 828 4315 μετάληψις,
845 4264 903 4317 quo
921 4244 1060 4297 schemate
1078 4240 1152 4297 idem

55 4340 115 4399 poeta
125 4334 214 4391 utitur
227 4352 282 4408 ap.
295 4334 400 4393 Athen.
412 4333 475 4389 XV.
486 4336 544 4391 583.
559 4334 595 4389 Ι).
609 4326 720 4407 ἀργήεις
736 4328 850 4391 κύλικες·
859 4337 897 4384 σι
907 4327 1002 4383 Metro
1014 4325 1152 4384 Nicandri
1220 4333 1225 4350 ‘
