2825 4809
263 341 341 417 298
556 337 878 407 DISSERTATIO
907 339 954 404 II.
995 341 1038 406 Ρ.
1059 340 1088 407 Ι.

262 515 437 604 Αἰσχύλος
461 520 546 586 Hes.
568 521 654 588 siem
672 523 857 612 Sophocles
880 521 1011 611 δίγονος
1036 518 1188 614 μάσθλης
1207 528 1280 594 dixit
1297 556 1342 618 pro

265 623 370 709 διπλῆ
390 615 526 704 μάστιξ.
568 624 610 688 In
629 624 705 690 Nic.
728 625 827 694 Ther.
849 627 903 690 41.
922 622 1022 712 μίσγε
1043 620 1074 692 δ’
1100 623 1230 714 ἔνοδμον
1251 630 1343 716 ζορνος

265 722 365 808 κέρας
389 721 550 807 quosdam
577 725 698 791 omissa
723 726 883 812 particule
910 725 1081 812 scripsisse
1108 726 1238 812 νέοτμον
1261 732 1292 796 id
1309 747 1344 800 est

263 816 423 905 νεότομον
440 823 624 908 colligimus
640 848 659 891 e
674 825 787 894 Schol.
810 823 830 914 ἢ
853 825 990 911 ἔνοτμον
1010 825 1093 907 νέον,
1116 823 1235 914 ἀρτίως
1255 839 1344 901 nonio.

262 916 423 1007 Λάβρος,
453 923 483 990 si
502 926 685 993 Homerum
715 928 914 995 consulimus
937 938 970 993 et
999 928 1075 994 huic
1096 921 1272 1016 profluos,
1294 957 1345 999 non

263 1022 450 1088 voracitatis
479 1026 649 1093 notionem
672 1028 772 1096 habet
798 1030 857 1096 sed
884 1029 1057 1096 violentiae
1077 1029 1346 1119 vehementiusque,

187 1123 192 1128 ’
263 1121 390 1209 quippe
418 1124 460 1190 de
487 1127 640 1195 fluctibus
667 1141 767 1217 atque
795 1131 899 1198 ventis
929 1131 1063 1208 dioitur3
1093 1142 1209 1218 posteo
1235 1135 1273 1198 ad
1292 1138 1345 1200 ani·

261 1224 385 1289 mantia
404 1228 596 1295 translatum
614 1241 675 1298 est.
708 1233 827 1319 Itaque
846 1233 986 1319 simplex
1002 1232 1130 1297 videtur
1151 1243 1188 1296 ut
1204 1243 1234 1298 et
1250 1233 1347 1320 ζαβρός

260 1321 475 1412 πολυφάγος,
505 1331 594 1397 unde
618 1354 686 1398 non
706 1333 807 1422 longe
830 1334 951 1400 abeunt
972 1329 1072 1419 λάρος
1093 1343 1128 1398 et
1148 1329 1243 1417 ζάρος
1262 1336 1345 1430 evium

261 1425 428 1491 voracium
445 1431 588 1521 nomina
620 1433 688 1498 Pro
711 1430 1037 1521 άλιβρώςΙιγεορΙισ.
1055 1434 1130 1500 443.
1150 1457 1257 1500 omnes
1271 1460 1344 1522 pree-

261 1532 312 1590 ter
331 1548 433 1592 unum
453 1531 551 1597 codd.
569 1534 728 1620 praebent
744 1532 896 1624 άλιβράς,
919 1537 1010 1622 quod
1024 1538 1344 1623 HermannusOpuso.

261 1623 304 1690 Τ.
335 1627 378 1696 V.
403 1630 478 1696 241.
507 1633 550 1700 ab
580 1635 763 1723 Epicorum
790 1638 901 1723 aliquo
932 1660 974 1704 ex
995 1632 1157 1721 άλίβορος
1178 1650 1345 1704 contractum

260 1733 357 1811 putat
377 1729 438 1794 sed
460 1745 650 1819 suspectum
670 1737 779 1803 reddit
801 1750 982 1806 ceterorum
1006 1738 1041 1802 in
1062 1762 1128 1804 uno
1150 1742 1343 1806 terminatione

260 1829 444 1896 constantia
471 1831 696 1922 σιδηροβράς,
725 1837 879 1926 νεοβράς,
908 1834 1085 1925 βαροβράς
1112 1850 1176 1906 etc.
1211 1839 1346 1926 μολοβρὸς

258 1947 337 1996 vero
358 1932 449 2015 quod
469 1943 595 2000 veteres
617 1939 735 2004 eodem
755 1940 919 2026 redigunt,
942 1941 1101 2026 originem
1128 1943 1224 2008 altius
1245 1943 1346 2008 abstu-

258 2049 331 2095 sam
356 2017 456 2098 halet
482 2057 514 2100 v.
542 2036 662 2104 Parall
691 2039 765 2105 259.
810 2041 895 2107 Cum
919 2042 975 2106 illo
998 2042 1090 2126 quod
1112 2043 1156 2108 de
1178 2042 1305 2132 δίφορος
1324 2055 1348 2108 et

257 2127 379 2220 δίφρος
399 2134 534 2216 dieitur,
557 2141 741 2225 comparari
764 2152 879 2228 posset
894 2143 1100 2210 decantatum
1115 2144 1201 2210 illud
1221 2140 1345 2230 άγνοςσὸ

212 2269 218 2276 1
255 2230 363 2316 φυτὸν
389 2235 483 2321 παρὰ
508 2236 547 2304 τὸ
573 2238 651 2316 τούς
679 2239 859 2320 ἐσθίοντας
884 2237 1025 2326 άγόνους
1047 2253 1177 2324 ποιεῖν,
1207 2246 1267 2310 nisi
1285 2245 1348 2309 hoec

255 2329 450 2400 substantivi
471 2347 505 2402 et
526 2337 677 2422 adjectivi
699 2343 925 2408 convenientia
946 2343 1079 2410 fortuita
1096 2345 1267 2410 videretur.
1297 2346 1349 2412 Sed

255 2435 347 2517 quod
370 2435 404 2500 in
422 2437 504 2502 EM.
529 2438 603 2517 600,
623 2441 677 2506 43.
700 2442 819 2507 dieitur
840 2440 991 2530 νεόγονος
1011 2446 1069 2514 καὶ
1091 2445 1180 2512 κατὰ
1204 2448 1348 2532 σογκοσήν

252 2529 400 2618 νεογνός,
429 2536 633 2606 incredulum
662 2565 735 2608 esse
763 2555 894 2631 oportet
916 2545 968 2610 cui
990 2548 1156 2612 nonsatis
1179 2547 1273 2614 iaciat
1291 2549 1351 2612 lieet

252 2631 375 2700 Graeci
398 2637 464 2722 ipsi
494 2639 587 2706 obliti
606 2642 724 2729 sint⁵).
767 2645 801 2710 N
802 2669 854 2711 am
876 2668 896 2711 a
915 2645 1065 2737 νεογενής
1085 2650 1230 2736 primum
1251 2651 1349 2714 lacurn

252 2753 326 2797 csse
351 2733 484 2823 νεογνής
512 2750 550 2804 ut
576 2737 669 2830 ἴγνης
699 2754 733 2810 ct
753 2751 854 2830 repnte
876 2748 912 2812 id
934 2760 985 2814 est
1012 2743 1162 2840 ἀγεννής,
1196 2761 1230 2816 et
1249 2761 1352 2816 mutate

252 2830 478 2904 declinationis
518 2839 624 2905 forma
661 2841 793 2926 νεογνός
832 2847 927 2913 sicuti
953 2842 1169 2936 Ἄνδροκλος,
1215 2852 1350 2928 Θέοκλος,

248 2928 460 3017 Μάντικλος,
495 2937 662 3024 Φέρεκλος
689 2965 731 3008 ex
750 2939 965 3044 Ἀνδροκλῆς,
1001 2953 1150 3040 Θεοκλῆς
1187 2963 1248 3019 etc.
1280 2953 1350 3017 dictu

249 3037 422 3120 operosius
443 3040 586 3119 videtur,
611 3064 673 3109 uec
694 3047 920 3114 communibus
942 3061 1031 3116 tanto
1053 3054 1247 3118 conceditur
1265 3065 1350 3118 meta-

248 3134 469 3206 sohematismi
492 3141 625 3208 libertas
642 3157 764 3230 quante
781 3151 934 3236 propriis.
968 3151 1153 3220 Germanae
1170 3156 1273 3242 igitur
1288 3178 1350 3240 syn·

247 3253 366 3318 copae,
388 3261 454 3322 qua
473 3243 656 3310 intellectus
677 3270 746 3313 non
766 3261 924 3330 mutatur,
950 3255 1137 3341 exemplum
1160 3258 1294 3324 unicum
1308 3278 1348 3319 re·

246 3332 386 3418 cipimus
407 3339 538 3425 νεογνός
556 3354 589 3409 et
609 3345 686 3412 huic
703 3348 801 3414 affine
823 3345 991 3436 ὁμόγνιος,
1016 3357 1107 3440 quod
1128 3356 1350 3443 proculdubio

246 3454 289 3498 ex
316 3430 478 3521 ὁμόγονος
501 3445 666 3511 concrevit
692 3472 768 3514 eum
797 3450 892 3516 solita
920 3456 1157 3522 terminationis
1181 3480 1347 3545 paragoge·

244 3533 376 3600 Nomen
397 3558 471 3602 eum
491 3543 692 3613 substantivo
719 3553 938 3637 compositum
959 3557 1084 3642 profert
1104 3560 1218 3645 Epim.
1240 3561 1269 3625 Ι.
1291 3557 1350 3624 138.

244 3629 283 3696 ἐκ
307 3638 367 3700 τοῦ
393 3633 513 3706 ἑκατόν
541 3645 601 3712 καὶ
628 3652 687 3714 τοῦ
715 3654 796 3734 βοῦς
823 3648 1032 3739 ἕκασόμβοος
1058 3659 1117 3726 καὶ
1147 3660 1187 3725 τά
1216 3657 1349 3748 θηλυκόν

243 3725 432 3823 ἕκατομβοή
462 3740 520 3806 καὶ
548 3741 584 3808 ἐν
610 3754 762 3838 σογκοπῇ
791 3747 973 3842 ἑκατόμβη.
1023 3761 1091 3824 Hic
1119 3783 1182 3846 ego
1201 3761 1350 3846 judicium

241 3851 358 3912 meum
377 3835 501 3902 nullum
526 3839 709 3931 interpono.
761 3851 831 3920 Sed
857 3854 885 3920 si
912 3855 1062 3952 μέσαβον
1088 3861 1177 3926 idem
1200 3859 1350 3946 estquod
1380 3913 1381 3942 ,

242 3947 576 3973 Ἢ

309 3999 339 4067 5)
357 4001 402 4056 Ex
420 4004 544 4078 Oppiani
561 4013 655 4067 verbis
680 4020 776 4088 τρίγλη
795 4021 964 4103 προγόνοισιν
988 4022 1136 4097 ἐπώνυμός
1159 4031 1217 4082 ἔστι
1241 4035 1352 4096 γονοῖσι,

238 4095 297 4134 uon
312 4095 439 4156 seqnitur
455 4097 532 4161 quod
544 4097 705 4172 Eustethius
725 4103 833 4174 colligit
852 4110 926 4173 1934,
941 4113 983 4164 26.
999 4123 1115 4182 poetam
1130 4117 1185 4168 hoc
1203 4133 1305 4168 nomen
1320 4129 1351 4164 cx

239 4163 350 4296 ῑθῑὶλόνη
367 4180 541 4274 contractum
557 4189 673 4252 putasse
690 4192 722 4240 ut
740 4187 836 4245 Schol.
855 4193 894 4247 air
910 4197 947 4248 ad
967 4197 1146 4254 Hal.1.590.
1165 4199 1237 4254 κατά
1258 4195 1354 4269 τροπὴν
1380 4195 1381 4216 ¹

257 4265 275 4297 α
303 4265 453 4326 συγκοπην.
