2825 4809
208 328 284 402 458
556 320 885 390 Dlssultumo
910 319 976 388 111.

204 509 379 586 macine,
402 509 598 593 σπγθιαῖος,
620 502 775 589 cicaniae.
816 504 964 590 Utrique
987 512 1098 570 autum
1120 503 1192 572 iota
1209 503 1260 570 ita
1279 505 1329 570 tc·

206 607 331 674 miliare
353 617 404 672 eet
423 607 576 691 ut-quaai
598 605 894 674 characteristicum
913 605 982 672 dici
1002 603 1177 693 poenitet,
1198 604 1230 672 ci
1250 605 1330 672 dafi-

207 711 288 787 ciet,
321 707 452 796 poetica
482 708 625 794 quadam
654 707 788 774 licentia
818 728 1035 795 suppressum
1063 706 1217 772 videatur
1248 706 1331 772 aient

206 809 375 876 Nicander
404 811 592 892 δραχμαῖος
624 819 658 876 et
686 815 830 887 νωταῒος
860 808 1046 895 usurpavit3
1076 808 1137 873 ced
1172 807 1330 875 Noenum

208 907 380 994 ἁμαξαῖος
397 931 576 996 usurpasse
597 932 658 997 pro
682 907 867 992 ἆμαξιαῖος
886 907 1136 995 Lexicogrephi
1154 907 1243 974 falco
1265 917 1330 974 tra·

208 1010 309 1087 duat3
337 1031 406 1077 non
435 1011 521 1076 enim
550 1011 708 1098 ponderis
736 1021 787 1076 eat
813 1009 985 1098 epitheton
1012 1009 1071 1076 aed
1097 1008 1252 1095 plaustri.
1295 1009 1332 1076 si

206 1131 285 1176 vero
314 1133 399 1196 quae
429 1111 556 1176 illarum
583 1112 858 1199 significationum
884 1121 1034 1178 neutram
1058 1131 1138 1196 prae
1162 1109 1333 1176 ecferunt

207 1212 277 1278 iota
308 1213 488 1299 accipiunt,
521 1222 590 1278 tum
623 1213 766 1298 danique
794 1213 978 1300 pleonaemi
1009 1211 1138 1298 species
1171 1209 1331 1288 oboritur,

209 1335 309 1398 quam
328 1312 521 1380 Eustathius
544 1314 644 1392 1878,
666 1313 719 1378 60.
749 1314 932 1400 improvide
956 1335 1031 1380 cum
1050 1310 1224 1377 vocabrdia
1246 1334 1331 1398 pon·

209 1412 297 1478 deris
320 1413 555 1480 communicat:
589 1409 658 1482 ἀπὸ
681 1419 744 1480 τοῦ
764 1418 832 1497 μνᾶ
851 1411 870 1480 ὁ
892 1409 1127 1500 Ἀριστοτέλης
1154 1408 1332 1501 παρήγαγε

207 1511 246 1578 cd
276 1518 435 1595 μναῖαἶος
462 1515 523 1580 σὺν
548 1516 752 1603 πλεονασμῷ
779 1518 840 1582 τοῦ
859 1503 885 1582 d
910 1509 1034 1591 ὁποῖος
1056 1512 1116 1580 καὶ
1140 1512 1177 1578 ἐν
1200 1517 1251 1600 τῷ
1267 1538 1329 1578 κα-

208 1617 358 1696 μινιαῖσς
389 1611 447 1679 καὶ
479 1616 703 1693 catamerica
754 1616 887 1680 Etenim
914 1614 1163 1692 horumunum
1189 1613 1232 1678 ad
1259 1635 1330 1678 rem

208 1712 351 1798 pertinet
370 1713 517 1800 fuliginis
536 1715 723 1802 epitheton,
751 1738 819 1800 quo
839 1738 952 1781 ruraua
972 1714 1074 1780 utitur
1096 1715 1191 1792 1900,
1212 1713 1263 1779 36.
1288 1713 1327 1780 ἐκ

207 1818 269 1880 τοῦ
290 1811 385 1900 ἔργον
403 1813 683 1904 προσογιαίτερος
703 1815 951 1895 πλεονάσαντος
971 1821 1030 1882 τοῦ
1049 1803 1205 1898 {dccco
1228 1814 1263 1880 ἐν
1280 1819 1328 1900 τῷ

207 1919 408 1996 καμινιαῖος.
455 1917 551 1982 Haec
579 1917 712 1982 testium
740 1918 819 1982 eatis
845 1917 982 1994 habent3
1012 1917 1114 1983 semel
1139 1916 1229 1980 lecta
1256 1925 1332 1980 aunt

208 2007 435 2100 ἁλουργναῖος,
464 2017 556 2102 quod
580 2018 776 2102 Bernhardy
805 2018 850 2083 ad
879 2019 973 2086 Suid.
996 2041 1023 2083 1.
1044 2019 1077 2082 h.
1098 2040 1130 2082 v.
1161 2017 1197 2081 in
1220 2017 1332 2104 cuspi-

208 2113 304 2180 ciona
331 2116 442 2201 ponit,
473 2128 506 2182 et
532 2119 724 2206 σεληνιαῖος
742 2120 852 2185 Procl.
875 2122 920 2185 ad
940 2121 1023 2185 Hes.
1048 2119 1142 2205 Opp.
1167 2116 1245 2182 151.
1271 2139 1331 2204 pro

206 2216 382 2297 βουλιαῖος
395 2217 557 2284 thmut
575 2241 602 2296 c.
614 2219 679 2284 IX.
697 2243 804 2306 nuper
817 2222 978 2301 βουλαῖος
994 2243 1013 2286 e
1030 2220 1130 2286 codd.
1145 2219 1331 2304 repositum

208 2324 274 2390 est3
295 2323 494 2401 κεραμιαῖος
514 2319 704 2384 addubitavi
727 2321 771 2385 ad
791 2320 871 2386 Phr.
894 2322 966 2386 147.
1008 2322 1073 2386 Hia
1093 2320 1183 2386 enim
1204 2319 1331 2387 nullum

207 2415 440 2500 adjectivorum
467 2419 503 2486 in
529 2409 791 2500 &antecede
816 2443 903 2506 quae
928 2422 1092 2488 interdum
1113 2421 1182 2490 huc
1203 2421 1330 2508 produ-

207 2526 339 2584 cuntur:
363 2517 489 2600 βώμιος
511 2521 676 2588 καὶκατὰ
697 2521 902 2610 παραγωγὴν
924 2528 1091 2607 βωμιαῖος
1110 2523 1231 2610 Steph.
1246 2523 1330 2589 sicut

207 2620 324 2684 eadem
351 2619 414 2685 dea
437 2615 579 2709 Ἐλαφία
603 2623 788 2708 appellatur
813 2633 846 2688 et
868 2619 1070 2709 Ἐλαφιαία,
1097 2645 1211 2708 eoque
1236 2624 1277 2688 tit
1296 2636 1329 2688 nt

205 2720 363 2786 nonnulla
383 2721 553 2808 tripliciter
573 2723 803 2800 terminentur,
824 2720 985 2800 κλόπιος,
1008 2725 1177 2801 uocatos
1199 2734 1236 2789 et
1250 2727 1329 2790 κλο-

181 2811 326 2899 ’πιαῖος
347 2821 475 2907 aliaque
500 2824 542 2888 ad
563 2824 642 2890 Phr.
665 2823 739 2890 552.
761 2822 922 2901 indicata,
948 2823 1007 2890 ubi
1028 2825 1070 2888 de
1091 2835 1163 2889 toto
1179 2823 1250 2890 hoc
1271 2847 1330 2910 ge-

203 2942 283 2987 nere
304 2921 454 2990 diaaerui.
497 2925 613 2990 Restat
632 2936 670 2990 ut
689 2923 933 2991 consideremus
954 2925 1116 3009 adjectiva
1136 2925 1332 2992 dicatalecta

204 3021 240 3088 in
255 3011 358 3114 ἷοῖῧηξ
373 3036 406 3090 et
426 3011 540 3113 [dc‘dq’c.
583 3028 679 3092 Haec
700 3023 921 3092 Buthnannus
950 3026 1058 3091 etalii
1078 3048 1147 3091 non
1168 3025 1329 3114 simplicis

204 3123 253 3188 fili
273 3125 332 3190 sed
355 3147 430 3192 cum
448 3127 580 3193 nomine
602 3120 692 3204 εἶδος
717 3127 900 3214 composita
922 3147 995 3192 esce
1017 3137 1164 3192 censent.
1208 3128 1330 3212 Neque

201 3225 351 3290 necdum
375 3227 532 3293 hahemus
555 3249 594 3292 ea
615 3228 785 3314 permultis
809 3228 892 3294 locie
915 3227 985 3294 aine
1006 3249 1106 3295 sencu
1129 3228 1327 3294 discriminis

203 3323 288 3391 inter
316 3347 354 3392 ee
384 3329 561 3414 permutari
592 3351 693 3416 pocae
726 3323 880 3418 ὀφιώόης
910 3323 1103 3416 ὀφιοειόής,
1149 3323 1329 3415 ὃροβώδης

203 3420 416 3516 ὄροβοειδὴς,
440 3430 670 3516 στροβιλώδης
689 3425 959 3516 σαροβιλοειδής,
981 3425 1128 3518 σκιώδης
1144 3429 1325 3516 σνιοειδής,

199 3523 254 3594 Ἐκ
274 3530 473 3616 τεφρωᾶέων
495 3529 532 3596 ἐκ
552 3531 758 3617 τεηροειδῶν
767 3533 851 3597 Hes.
873 3540 908 3596 et
923 3530 989 3596 alia
1007 3553 1038 3595 v.
1061 3528 1323 3596 adButtmiddd.

201 3627 237 3695 in
265 3629 384 3716 quibua
413 3629 441 3696 11
472 3629 546 3696 libri
575 3630 701 3696 variant
730 3631 872 3698 difficilis
895 3643 946 3698 eet
964 3632 1045 3698 recti
1071 3633 1238 3709 delectum
1265 3632 1323 3697 aed

201 3741 311 3798 tamen
338 3731 435 3818 λίμνη
467 3727 651 3822 ἰχθυώδης,
683 3729 725 3799 de
747 3756 813 3820 qua
830 3735 1025 3800 Herodotus
1045 3732 1212 3819 loquitur,
1233 3733 1321 3797 nullo

201 3844 298 3922 pacto
329 3832 395 3899 dici
427 3833 550 3919 poterit
581 3829 777 3922 ὶχθυοαδής
806 3857 837 3901 v.
866 3837 1009 3902 Bredcv.
1037 3835 1109 3902 197.
1139 3857 1205 3900 nec
1229 3833 1319 3920 regio

199 3933 371 4024 πιτυώδης
398 3934 531 4001 Μ11111.
559 3934 621 4001 IV.
649 3935 702 4001 49.
731 3936 846 4002 eadem
873 3932 1083 4025 πιτοοειδὴς,
1117 3946 1219 4024 atque
1239 3935 1320 4001 hacc

198 4041 259 4106 τοῦ
281 4033 391 4115 εἴδους
411 4035 503 4102 notio
527 4057 661 4128 prorsus
682 4059 752 4103 non
770 4036 937 4104 conciliari
955 4048 1067 4126 potest
1080 4061 1157 4104 cum
1171 4035 1320 4118 πόλεμος

199 4133 416 4223 avocantes,
442 4137 548 4222 θέρος
576 4139 788 4218 καματώδες,
819 4130 1002 4226 ἅνθρωπος
1025 4133 1182 4227 ὑπνώδης
1204 4139 1316 4226 plane-

200 4257 264 4320 que
292 4248 454 4322 repugnat
485 4236 653 4322 adjectivis
683 4233 870 4326 δακνώδης,
900 4234 1100 4326 πρεαώδης,
1133 4235 1316 4323 ὄδαξώόηςι
