2825 4809
108 343 157 414 οε
171 289 280 407 mus
301 332 539 404 smcosm
561 331 839 402 cnunsmus.
865 329 904 400 c.
915 331 943 400 1.
961 335 987 420 ς.
997 333 1026 402 1.
1054 337 1130 414 εις

73 529 143 617 Adpo
159 520 262 608 τειχίον
279 523 364 590 Ηοε.
384 521 504 609 migret
523 522 671 609 regulum
690 545 721 587 ν.
737 519 858 588 Pursll.
868 521 932 589 423
948 543 998 609 sq.
1023 525 1130 607 Κιῗιμα

73 632 208 699 sthenelo
225 625 311 692 verbi
329 632 446 710 κεῖμαι
466 625 555 692 unde
580 631 693 704 κοῖτος
712 626 821 708 κοιμῶ
843 623 1011 713 κοίμῇμα,
1040 626 1131 711 quod

72 737 189 802 divesm
201 728 327 815 quidem
340 751 362 792 ε
378 731 476 812 κῶμα
492 727 767 814 significationem
787 726 846 791 sed
868 727 1006 792 eundem
1023 739 1132 796 temen

71 836 188 922 originem
211 829 313 896 habet.
362 829 580 916 Peregrinum
608 839 659 919 est
689 827 843 896 aromatis
873 851 1011 907 nomen,
1041 830 1133 915 quod

69 936 214 1028 Herodotus
232 943 265 998 et
279 932 529 1020 Theophrastus
550 927 761 1016 κιννάμωμον
778 943 911 1011 vocent,
933 933 1132 1021 posteriores

68 1037 190 1121 ιίιναμον.
230 1035 419 1122 Sequuntur
443 1035 588 1121 syllsbse
613 1059 663 1114 νε,
689 1061 736 1112 νι,
762 1061 810 1104 νο.
854 1034 940 1102 Cum
965 1033 1134 1122 adjectivis

69 1138 176 1215 aeolicis,
204 1159 285 1222 quus
315 1160 336 1204 α
363 1136 536 1263 genitivis
544 1136 672 1202 numeri
703 1136 839 1223 plutulis
868 1149 940 1204 orte
973 1137 1133 1218 dicuntur,

68 1232 145 1304 ίλλον
166 1233 384 1317 ἆλλοίνιος,“
371 1239 492 1322 ετέριον
522 1235 696 1326 ἑτεροίνιος
724 1250 785 1306 etc.
829 1239 1109 1306 Grammaticus·
1099 1263 1134 1306 ιιι

67 1341 135 1406 Γιιει.
151 1338 248 1407 Ouum.
266 1339 308 1406 Τ.
319 1341 381 1409 Ν.
392 1341 466 1408 329.
487 1340 656 1429 componit
676 1334 806 1424 ἀνέμων
827 1337 1008 1425 ἀνεμώνιος
1028 1337 1133 1408 ἄλλα·

65 1446 104 1521 μῦ
124 1438 311 1527 (ἀνεμώλιος
338 1442 415 1530 καί)
447 1444 657 1527 μεταμώνιος
676 1441 718 1527 ¹).
771 1445 877 1510 Τοῦτο
909 1443 1135 1529 οοῇοιέτιονιται

68 1543 126 1624 (soil.
154 1542 186 1610 ἐκ
214 1547 273 1613 τοῦ
304 1541 565 1629 μετανεμαίνιος)
596 1542 634 1611 τὸ
667 1543 706 1610 δὲ
739 1540 904 1630 πρότερον
935 1543 1134 1629 τέτραπται.

37 1684 38 1689 1
67 1646 201 1727 Quomodo
233 1667 380 1734 syncope
413 1644 528 1712 evitari
558 1645 681 1732 possit,
717 1657 857 1733 apparet
889 1669 908 1711 e
936 1647 1038 1714 Proll.
1062 1647 1135 1714 135.

65 1749 212 1814 Proximum
231 1759 289 1830 *est
321 1749 385 1816 hoc
410 1747 577 1814 Eustathii
607 1757 824 1814 commentum
850 1745 1069 1836 Πολυποίτης
1098 1747 1136 1815 ἐκ

64 1854 102 1931 τεῇ
116 1850 365 1941 Πολονιοινίτης,
397 1851 489 1944 quod
509 1851 626 1918 eodem
646 1850 681 1916 iu
702 1849 786 1916 libro
812 1873 846 1936 p.
865 1849 939 1916 384.
963 1849 1136 1937 explosum

65 1961 103 2015 est.
128 1951 271 2038 Sequitur
293 1953 387 2038 παρὰ
408 1956 469 2041 τῇς
486 1947 601 2040 ἠιόνος
621 1955 751 2041 γενικῆς
768 1952 891 2038 γίνεται
914 1947 1057 2040 ῇιονόεις
1079 1953 1136 2020 καί

63 2052 121 2120 ruti
137 2055 300 2148 οογιιοιτιῇν
319 2049 428 2142 ῇιόεις
444 2054 527 2121 ΕΜ.
542 2054 618 2132 423,
640 2053 692 2120 39.
717 2054 827 2140 Epim.
845 2053 874 2118 1.
898 2054 948 2130 12,
969 2055 1021 2120 21.
1066 2054 1137 2123 Sed

63 2152 101 2217 hic
117 2177 231 2242 quoque
260 2154 420 2242 effugium
448 2165 556 2243 petet,
586 2156 679 2242 quod
706 2177 808 2244 supro
837 2157 966 2222 ostendi
992 2157 1083 2224 Diss.
1105 2159 1135 2225 Ι.

63 2255 172 2343 ellit
179 2260 207 2324 1
246 2258 425 2346 Proprium
441 2253 611 2341 Ἀμεινίας
630 2269 756 2324 veteres
777 2259 842 2382 ipsi
867 2260 990 2346 duplici
1010 2261 1135 2328 ratione

62 2359 179 2443 explicari
192 2383 294 2448 posse
307 2361 449 2427 fetentur
462 2357 558 2481 παρὰ
574 2359 613 2429 τὸ
632 2356 775 2440 ἀμείνων
793 2356 966 2444 ἀμείνονος
981 2359 1135 2446 Ἀμεινο-

58 2459 108 2538 νίας
122 2490 172 2530 um
164 2460 407 2546 Ἀμεινίας”
387 2492 407 2552 η
432 2459 530 2551 νεαροὶ
553 2488 593 2530 το
617 2461 718 2545 μένος
738 2460 872 2541 Μενίας
896 2463 957 2530 καὶ
978 2462 1137 2547 Ἀμενίας

57 2561 112 2627 llll
129 2564 180 2645 62,
200 2567 253 2634 38.
282 2589 345 2654 uec
371 2565 470 2632 focile
499 2565 637 2632 definies
663 2574 737 2630 utre
764 2551 964 2651 prsevslsst,
995 2589 1072 2631 num
1104 2576 1138 2631 et

57 2677 167 2828 syncope
186 2678 329 2756 apparet
346 2678 433 2736 certe
453 2668 490 2732 in
511 2667 703 2756 compositis
718 2661 949 2754 Ἀμεινοκλῆς,
967 2665 1138 2751 Εὐδαιμο-

56 2765 183 2852 ῇ.ςεεο
205 2794 235 2837 v.
257 2775 286 2856 ῇ.
304 2770 334 2837 5.
358 2748 391 2836 el
409 2780 447 2836 ut
467 2792 488 2835 ε
507 2771 606 2851 μένος
625 2766 789 2857 Εὐμένης,
817 2768 865 2836 sic
886 2768 984 2834 etism
998 2765 1139 2858 Ἀμένῇς

56 2863 160 2934 derisui
183 2872 296 2960 potuit
322 2882 356 2938 et
380 2879 588 2960 paragogum
600 2868 758 2953 Ἀμενίας
779 2871 847 2941 sive
864 2867 1057 2952 Ἀμεινίαςς
1077 2872 1138 2938 ssd

56 2969 119 3049 quod
133 2972 173 3038 sd
189 2975 348 3040 amussim
364 2975 536 3042 conveniet
550 2997 619 3041 non
636 2974 776 3062 reperio.
821 2974 974 3061 Syllabas
994 2999 1029 3062 ρε
1046 2985 1081 3041 et
1097 3001 1137 3060 ρο

55 3069 129 3138 tibus
150 3078 319 3146 vocubulis
348 3079 512 3146 detrectes
540 3077 712 3144 dicuntur.
745 3075 875 3158 ε’ξαετον
901 3076 937 3144 sd
968 3075 1138 3165 ἐξαίρετον

53 3172 114 3241 τινὰ
131 3177 300 3269 οομιιοντήν
320 3181 404 3246 Lex.
427 3181 470 3247 de
488 3180 601 3268 Spirit
618 3180 692 3245 218.
716 3178 953 3266 ScholApoll.
965 3179 1026 3248 IV·
1044 3178 1137 3246 1004.

55 3275 95 3338 ml
120 3279 177 3347 alio
209 3281 314 3348 vertit
341 3283 453 3351 Schol.
488 3283 557 3350 od„
587 3283 634 3348 Π.
664 3283 738 3348 307.
775 3280 926 3363 ἐξαίτους
960 3282 1039 3360 τοὺς
1074 3279 1145 3363 ἔξω.

52 3371 136 3458 “llice
164 3379 186 3470 ἢ
216 3385 300 3464 τοὺς
330 3381 582 3475 ἐπιθυμητοίς,
620 3376 680 3461 olle
712 3381 852 3473 λξῇτησέ
885 3409 937 3462 τις
944 3433 952 3464 ,
989 3384 1141 3470 interque

53 3472 95 3542 los
120 3486 293 3553 sententies
324 3489 461 3554 fluctuet
490 3484 685 3554 Eustetlsius
719 3487 777 3552 sed
810 3487 974 3574 plerisque
1008 3488 1141 3576 placere

51 3576 109 3648 illud
135 3585 170 3654 ἐκ
190 3593 257 3676 'cod
288 3587 504 3679 ἐξαιρεῖσθαι
533 3612 567 3675 p.
590 3588 669 3666 210,
693 3589 726 3654 4.
757 3613 791 3676 p.
813 3589 891 3668 907,
918 3590 970 3656 64.
1000 3591 1138 3679 puriter-

54 3703 98 3764 (με
117 3689 351 3758 substsntivum
376 3692 608 3779 interpretetur
635 3690 757 3758 Suidss
780 3688 930 3781 Ἐξαίτης
958 3691 1070 3779 ἐξαιρί
1070 3717 1148 3782 τῇς·

52 3782 120 3854 Ηοεε
152 3792 350 3911 significatio
384 3798 496 3862 ατίιοίι·
533 3792 685 3860 convenit
722 3793 872 3861 omnibus
905 3794 1002 3874 locis,
1040 3795 1141 3862 ultera

53 3888 110 3953 lulli
138 3895 202 3962 nisi
238 3919 302 3984 per
336 3897 580 3963 translationem
614 3918 683 3960 non
718 3897 971 3963 inverecundum
1007 3898 1140 3984 quidem

50 3985 122 4071 ilum,
140 4020 215 4064 nom
235 3998 352 4064 selecti
371 4010 404 4065 et
423 3999 559 4089 expetiti
575 3998 728 4066 notiones
750 3999 1033 4086 conjunctissimas
1054 4009 1138 4065 sunt

100 4238 125 4306 1)
137 4234 304 4306 Ἀνεμοίνιος
320 4239 452 4298 ficticium
469 4247 513 4296 est
530 4238 630 4313 procul
647 4236 749 4306 dubio,
769 4239 821 4294 sed
841 4257 992 4297 onemonss
1010 4237 1045 4296 sb
1064 4237 1140 4295 Aeo·

48 4313 149 4382 λειεΐοιιε
166 4321 285 4403 ἀμείνας
299 4337 414 4387 vocotus
432 4346 494 4392 esse
512 4327 670 4401 Hesychius
688 4331 782 4382 docet.
