2825 4809
267 343 343 423 tto
383 284 400 385 ‘¹
558 334 879 410 DISSERTATIO
909 338 957 405 Π.
981 338 1041 407 .Ρ.
1063 340 1090 406 Ι.

268 531 303 596 in
324 528 462 595 Amne
477 526 567 592 Part.
587 526 732 591 Animan.
754 527 815 594 IV.
833 526 883 593 10.
906 549 940 613 p.
958 524 1034 605 686,
1050 526 1101 593 ul.
1117 528 1179 593 duo
1195 531 1279 597 codd
1292 533 1339 615 μό.
1374 566 1375 594 ι

268 650 385 699 sector
406 626 568 716 praebent
587 650 648 716 pro
669 632 866 713 μονοοιοῦν,
895 630 988 714 quod
1014 629 1050 694 in
1070 629 1132 695 alio
1154 631 1282 714 ejusdem
1296 656 1338 699 m·

268 731 368 799 cteris
388 731 462 796 loco
483 725 665 810 pontonos
685 729 837 796 scribitur
856 741 894 794 ut
913 730 992 797 dibi
1013 728 1268 819 περιόστιοςω),
1290 733 1341 801 dui·

270 857 367 911 σιεος
401 843 433 898 et
462 832 595 919 plantae
626 853 746 897 nomen
771 831 1032 917 holosteum¹⁹).
1087 832 1153 897 Pro
1177 827 1342 920 ὄσιιογαὴς,
1375 825 1376 862 i

268 936 362 1021 quod
388 935 423 999 in
451 934 539 1021 (Pop.
559 934 620 1002 VI.
640 934 671 999 2.
693 949 728 1021 p.
754 934 826 999 140.
853 956 884 999 a.
910 936 942 1000 4.
972 956 1014 1000 ex
1031 933 1170 999 Platone
1189 954 1243 1019 pro
1258 936 1343 1019 speci·
1375 963 1376 978 ι

269 1038 358 1103 mine
380 1037 519 1103 obscure
541 1036 702 1103 dictorum
723 1035 871 1113 suntor,
893 1035 1040 1102 Urbinas
1061 1029 1230 1122 ὄσιογιιής
1247 1057 1345 1122 suppo·

268 1140 338 1205 suit
357 1150 391 1204 et
414 1140 457 1203 ed
472 1138 538 1205 hoc
560 1140 746 1227 exemptum
766 1138 917 1223 dirigitur
939 1136 1163 1223 synthetornm
1179 1158 1249 1222 pars
1267 1139 1346 1220 major

267 1236 459 1329 ὄοιοθὴιη,
481 1236 666 1329 ὄσιολόγος
688 1252 749 1306 eto.
775 1240 834 1304 sed
855 1240 890 1304 in
907 1261 975 1305 uno
997 1236 1217 1327 Theophrasti
1233 1238 1345 1303 locolh.

271 1343 351 1411 VII.
379 1344 410 1407 2.
442 1344 509 1408 duo
537 1343 684 1427 ejusdem
710 1340 914 1407 instrumenti
940 1342 1075 1408 nomina
1109 1341 1229 1406 diverse
1256 1341 1347 1427 scripta

273 1452 365 1521 aaut,
394 1443 473 1521 eoric
501 1438 731 1522 ὄσιιοκόποος
759 1437 923 1531 ὄσιάγρας
951 1444 1116 1511 καλοῦσι’
1144 1444 1264 1509 Horum
1280 1442 1346 1506 elteri

272 1544 419 1635 epodon,
451 1544 543 1629 quod
574 1543 608 1609 in
638 1541 807 1629 γαλιάγρα
838 1544 1043 1631 perduravit,
1074 1542 1212 1609 fortasse
1240 1566 1297 1607 eun
1316 1542 1347 1607 oh

271 1663 405 1713 cansam
426 1656 589 1713 exemtnm
611 1655 661 1711 est
679 1646 757 1731 qnia
773 1667 894 1714 nomen
909 1647 1099 1735 appositum
1116 1670 1137 1710 a
1153 1644 1252 1711 vcceii
1265 1645 1347 1720 orion,

270 1749 424 1833 idemque
445 1748 482 1811 tit
502 1747 537 1811 in
558 1748 736 1835 peragogis
753 1760 828 1814 ante
845 1750 991 1816 vocalem
1008 1747 1155 1835 syllabae
1170 1746 1346 1835 paragogieue

270 1852 384 1937 ntique
405 1872 472 1915 non
494 1870 624 1935 semper
645 1850 705 1915 sed
727 1872 826 1938 saepe
854 1860 891 1916 ut
917 1846 1087 1939 ὄστάριον,
1121 1847 1260 1936 hostepe,
1282 1843 1350 1913 ὄοα-

270 1978 341 2033 ιος,
366 1952 456 2037 qnod
476 1952 652 2017 Atticistse
673 1953 860 2037 praeferunt
880 1952 1008 2039 vulgari
1027 1945 1180 2028 ὄσιέῖοος
1198 1972 1226 2014 v.
1245 1946 1351 2013 edPhr.

269 2054 349 2133 262„
368 2053 505 2141 parique
525 2050 745 2119 inconstantia
765 2051 915 2140 ὀστώδης
935 2065 969 2119 et
985 2048 1172 2139 ὀστιῶδρς,
1194 2050 1352 2132 ἐξοσιεΐζισ

272 2165 305 2221 et
333 2154 522 2235 ἒξοσιίζειν,
553 2153 743 2235 ἐξόσιιοσις.
795 2154 880 2221 Onm
909 2151 1026 2223 ὀστέον
1050 2163 1085 2218 et
1102 2174 1186 2219 voce
1209 2162 1240 2217 et
1258 2150 1353 2237 signiti-

271 2256 401 2321 cetions
422 2255 574 2341 congruit
594 2248 761 2339 despesos
783 2268 817 2323 et
838 2250 975 2344 ὄστρεον
995 2279 1027 2321 ι.
1047 2256 1174 2323 Nicias.
1196 2255 1239 2319 ed
1252 2254 1354 2339 Geopp.

270 2358 368 2425 XVI.
392 2356 423 2423 5.
451 2358 540 2422 unde
570 2356 716 2423 derivata
736 2354 908 2444 ‹inops-*thoe
929 2368 963 2424 et
981 2352 1175 2443 ὀοιρεώδης
1192 2352 1356 2443 epsilonrs-

268 2460 376 2525 tinent
396 2459 481 2524 sicut
503 2458 605 2526 latino
625 2461 759 2527 nomina
779 2474 919 2529 ostreum
942 2470 976 2525 et
996 2472 1102 2526 ostrea
1122 2458 1186 2523 sed
1208 2456 1358 2544 gemmain

272 2561 380 2648 Orph.
403 2560 493 2625 Lith.
517 2570 654 2626 vocetur
675 2557 833 2651 ὄστρίτης
852 2572 890 2627 ut
906 2556 1042 2647 ὄστίιης
1060 2571 1093 2623 et
1109 2560 1252 2625 Romani
1266 2571 1361 2626 ntum

271 2663 423 2731 dixerunt
448 2684 516 2729 non
543 2662 659 2727 eadem
688 2685 754 2748 qna
780 2676 919 2731 ostreum
945 2661 1190 2748 significatione
1213 2662 1270 2726 sed
1289 2658 1360 2724 simili

270 2774 380 2831 tamen
406 2775 443 2829 ut
469 2774 611 2851 cognata
641 2787 715 2830 esse
746 2786 919 2851 agnoscas.
968 2764 1261 2846 Quemadmodum
1288 2757 1362 2830 ὄοιόι

268 2867 357 2932 idem
379 2867 562 2954 appellatur
584 2863 701 2931 ὀστέον
722 2876 754 2931 et
774 2864 887 2934 ὀστιόι
909 2889 939 2932 v.
955 2868 1099 2933 Ahrens.
1114 2868 1207 2934 Dial.
1223 2869 1298 2933 Dor.
1310 2864 1360 2928 121.

261 2968 317 3035 sic
345 2968 442 3033 etiam
473 2966 649 3054 leguminis
681 2988 803 3034 nomen
835 2968 956 3055 triplici
985 2970 1086 3035 modo
1111 2970 1243 3037 finitur:
1275 2960 1363 3048 ὄσσρο

267 3070 410 3137 ποικίλα
434 3063 563 3155 ὄσπρια
583 3066 666 3133 Hes.
689 3063 837 3156 ὄσπριον
866 3071 918 3136 δεῖ
947 3070 1056 3157 λέγειν
1085 3072 1143 3138 καί
1159 3066 1225 3139 οὐκ
1245 3062 1364 3151 ὄσπρεον

267 3172 348 3237 ΕΜ.
368 3170 441 3247 885,
462 3170 516 3237 48.
538 3171 627 3236 unde
648 3172 868 3257 compositum
890 3171 1011 3238 herhas
1039 3193 1161 3238 nomen
1193 3167 1366 3256 ὄσπρολὲοι

269 3280 302 3335 et
330 3266 551 3357 ὄσπριολὲων.
596 3270 826 3359 Ὀρασσκόπος
852 3272 904 3338 bis
925 3274 1045 3360 legitur
1070 3274 1105 3339 in
1125 3275 1244 3340 Malel.
1267 3271 1365 3338 chron.

267 3369 366 3441 V'I'II.
381 3372 432 3437 84.
455 3374 495 3437 Β.
519 3384 552 3437 et
570 3374 615 3440 D.
638 3375 698 3439 sed
718 3375 832 3461 penho
854 3386 932 3461 post
953 3371 1166 3460 ὄρνεοθοσία.
1188 3414 1233 3425 -
1252 3376 1304 3441 De
1321 3370 1368 3433 ho·

267 3472 389 3541 merico
410 3474 543 3557 μέλιοος
565 3476 706 3560 graviter
728 3487 813 3541 erat
832 3478 913 3542 ΕΜ.
929 3477 1007 3556 577,
1022 3478 1076 3543 46.
1098 3478 1205 3565 Παρὰ
1227 3476 1265 3543 τὸ
1285 3470 1367 3559 μελέα

339 3745 381 3809 18)
399 3742 457 3797 Pro
476 3745 530 3799 hoc
548 3741 701 3819 περιὸσαος
718 3716 824 3819 legitur
839 3745 869 3801 in
882 3747 951 3801 Rus.
966 3750 1038 3821 Bph.
1053 3750 1089 3803 de
1103 3747 1183 3803 Part.
1200 3748 1288 3803 Hom.
1303 3764 1329 3817 p.
1339 3742 1372 3798 25.

268 3836 297 3883 et
315 3828 435 3901 saepius.

336 3950 382 4021 19)
400 3948 558 4021 Hesychius
583 3948 708 4012 Ὁλοσιὸς
727 3948 789 4013 ὅλος
807 3950 845 4015 ὠς
869 3954 945 4009 ἐστίν
965 3952 1021 4018 sic,
1041 3960 1125 4025 puto,
1144 3951 1262 4025 scripsit
1281 3947 1376 4006 hoco

264 4032 295 4099 ὃς
312 4036 374 4099 ὅλος
394 4036 489 4091 ὀστέον
507 4039 589 4091 ἐστίν.
626 4036 795 4092 Aristoteles
810 4039 858 4110 qui
876 4039 906 4094 in
920 4039 952 4091 Il.
967 4038 1049 4093 XXI.
1062 4040 1122 4092 251.
1135 4057 1188 4111 pro
1201 4043 1324 4104 μέλανος
1336 4033 1374 4085 τοῦ

264 4126 418 4197 θηρητῆρος
432 4120 577 4193 scripsisse
592 4122 694 4177 dieitur
706 4122 888 4195 μελανὸοιοα,
902 4124 999 4178 nescio
1014 4144 1049 4179 en
1061 4128 1254 4197 μιλαιιοσιὲοσ
1267 4115 1378 4177 notuerit

262 4222 290 4344 ἱ
302 4207 473 4263 nominativo
501 4204 698 4277 μελανὸσιεος,
730 4226 784 4279 pro
810 4227 867 4279 quo
890 4209 1060 4281 μελανὸσιης
1081 4210 1216 4267 scribitur
1241 4210 1272 4264 in
1295 4202 1376 4263 Schol·

290 4308 333 4361 γα.
349 4295 406 4347 148.
622 4300 625 4307 “
