2825 4809
239 349 315 430 478
587 338 907 411 DISSERTATIO
936 337 1003 415 111.

239 539 369 602 tismum
398 530 476 617 quia
501 528 538 596 τὲ
538 527 700 626 proprio
728 527 895 592 intellectu
916 534 1018 601 earet3
1044 517 1123 612 ἠΰτε
1150 513 1218 588 sind
1242 521 1326 611 τσῦῆ

239 636 442 719 πλεονασμῷ
461 635 519 698 τσῦ
540 657 559 696 v
587 625 628 717 ἠῢ
655 628 732 696 Sch
753 629 794 694 Β.
822 627 866 692 ad
894 626 934 690 Μ.
959 626 1005 690 Π
1029 624 1144 689 87.—
1174 617 1271 690 Ἀιύισ
1294 624 1326 690 ab

239 731 308 806 iirw
330 735 509 801 derivatum
531 741 581 797 est
608 753 668 818 per
689 751 880 818 paragogen
905 738 942 792 ut
968 725 1034 792 alia
1057 747 1143 812 quae
1168 723 1204 792 in
1222 725 1327 792 Techn

238 839 312 907 206.
337 835 439 902 attuli

325 959 350 1040 ς.
372 956 403 1020 2.
443 944 518 1036 'lorti
543 947 640 1031 παρὰ
666 946 705 1015 τὸ
729 942 762 1036 ἰή
784 942 804 1035 ἡ
830 941 924 1036 φωνή
950 941 1037 1011 κατὰ
1059 941 1267 1027 πλεονασμὸν
1283 947 1328 1009 τοῦ

238 1046 370 1127 {ium
391 1054 465 1130 481,
490 1052 542 1118 27.
568 1049 686 1135 quihus
709 1049 813 1114 simile
839 1045 1075 1114 substantivum
1097 1040 1139 1110 ini
1159 1044 1331 1108 effinxerunt

238 1156 377 1225 Homeri
402 1152 627 1222 emendatores
648 1173 678 1216 v.
701 1150 827 1216 Techn.
850 1149 924 1214 320.
950 1148 1027 1213 adn.
1049 1149 1179 1212 Horum
1200 1146 1331 1230 cognatio

238 1259 411 1326 manifesta
431 1265 489 1334 est,
514 1252 624 1340 passio
642 1251 842 1317 elabitur.-
864 1248 1112 1315 Nominibusin
1129 1235 1215 1334 ᾖῆς
1230 1269 1331 1311 exeun-
1390 1249 1391 1312 l

239 1361 326 1426 tibus
349 1357 509 1424 vocalium
530 1354 677 1419 ultimam
698 1351 797 1418 inseri
811 1350 1059 1439 Lexicogrsphi
1081 1347 1330 1435 exemplis-con·
1390 1341 1391 1406 l

238 1460 396 1578 plusculis
427 1456 486 1522 sed
520 1477 587 1520 non
611 1453 758 1539 ejusdem
778 1453 934 1519 momenti
961 1450 1188 1539 comprobant.
1232 1449 1333 1518 Suidns

238 1564 273 1628 in
294 1559 441 1646 margine
464 1561 576 1644 Νῆσις
589 1555 790 1621 -ἕντεῐιθεν
805 1552 950 1642 epulone
956 1552 1015 1618 καὶ
1032 1577 1117 1617 κατα
1106 1550 1332 1634 πλεονασμὸν

238 1658 410 1751 νησιώιης.
453 1659 507 1724 De
531 1657 594 1722 hoc
615 1655 766 1720 dissentit
787 1654 976 1742 Stephanus
990 1657 1106 1741 Νῆσσς
1125 1649 1269 1740 opnione,
1288 1655 1334 1716 roi

196 1812 200 1820 ·
239 1763 278 1830 δὲ
302 1758 416 1850 νησίον
436 1754 612 1847 νησιώτης,
637 1755 689 1820 cui
710 1755 814 1822 simile
836 1750 1129 1840 communnione,
1152 1752 1246 1838 quod
1262 1752 1333 1814 iden

239 1861 380 1926 efferte.
403 1857 548 1945 Ποίμνη.
591 1855 742 1922 Alterum
768 1855 905 1944 praebet
930 1855 1048 1922 Orion.
1070 1854 1128 1933 30,
1161 1855 1195 1919 7.
1218 1864 1250 1918 et
1269 1853 1334 1918 ΕΜ.

237 1957 339 2048 ἆγρῖς
371 1953 512 2046 ἆγρότης
541 1956 599 2023 καὶ
632 1957 720 2024 κατὰ
741 1955 953 2038 πλεονασμὸν
980 1962 1039 2023 τσῦ
1064 1944 1266 2042 ιάγρσίτης
1287 1948 1334 2018 καὶ

237 2056 311 2128 κατ’
348 2058 525 2128 ἐπένθεσιι
551 2061 610 2124 τοῦ
635 2083 662 2124 ιι
696 2052 890 2146 ἆγρσιώιης.
946 2057 1017 2126 Sed
1049 2079 1229 2143 possumus
1255 2055 1336 2121 etiam

239 2161 437 2230 contrarium
460 2159 634 2226 defendere
658 2181 699 2225 ex
728 2153 870 2247 ἆγρότης
897 2158 1020 2224 factum
1048 2181 1122 2224 esse
1146 2151 1294 2244 ἄγρώτης
1311 2166 1337 2220 et

237 2263 432 2351 interposite
445 2254 687 2348 diphthongo'
668 2255 853 2349 αγρσιώτης
871 2259 1010 2347 parique
1027 2258 1196 2347 pareetasi
1211 2251 1338 2343 Ἅγρσιώ

239 2365 304 2430 dici
326 2385 388 2451 pro
402 2358 520 2448 Ἀγρώ,
544 2362 636 2448 quod
657 2383 724 2426 non
743 2362 905 2449 reperiuu
925 2361 1059 2447 quidem
1081 2360 1142 2426 sed
1167 2380 1337 2425 accommo-

238 2467 351 2531 datum
373 2475 423 2530 est
445 2461 676 2549 andronymico
692 2456 832 2548 Ἄγρων.
869 2458 1043 2550 >ironicus
1066 2485 1134 2528 non
1150 2461 1273 2548 legitur
1287 2459 1339 2524 nisi

235 2566 407 2654 proprium
427 2587 534 2648 neque
555 2565 704 2629 novimus
728 2563 792 2627 elia
813 2563 1010 2650 appellativa
1031 2564 1066 2628 in
1079 2552 1186 2650 ἥτις-ς’
1206 2587 1237 2629 v.
1251 2561 1338 2628 Proll.

237 2667 311 2734 382.
324 2667 355 2752 ¹)
402 2665 522 2732 Orioni
548 2677 654 2730 tomen
677 2665 803 2730 accedit
828 2664 1019 2730 Eustathius
1042 2662 1120 2740 862,
1152 2665 1209 2731 20.
1240 2676 1272 2730 et
1290 2685 1338 2750 pro

238 2767 388 2855 exemplo
411 2766 506 2850 hujus
528 2766 710 2852 pleonasmi
731 2767 826 2832 effert
846 2761 1058 2854 στρατιώτης,
1081 2762 1339 2853 Μασσαλιώτης,

239 2891 324 2956 quae
353 2892 372 2934 e
405 2867 591 2956 prototypis
629 2868 720 2955 puris
748 2867 896 2934 traducta
923 2877 999 2933 sunt
1033 2867 1117 2932 sicut
1153 2866 1341 2954 appellativa

237 2969 404 3047 ἔστιῶτις,
428 2968 635 3057 πατριώτης,
658 2966 866 3058 παιγνιώτης
888 2981 921 3034 et
941 2969 993 3034 ull.
1015 2991 1044 3034 v,
1074 2969 1267 3034 od‘Buttm.
1287 2968 1341 3034 432

237 3095 286 3158 sq.
329 3070 418 3137 Num
447 3091 523 3135 vero
551 3066 762 3156 μηχανιώτης
783 3093 803 3135 a
825 3067 969 3158 μηχατία
998 3069 1179 3134 derivatum
1202 3072 1248 3136 sit
1268 3093 1341 3134 ana

235 3169 431 3260 μηχανίτης,
455 3171 490 3234 id
511 3193 579 3235 non
602 3181 709 3236 statuo
729 3172 793 3236 mei
811 3170 937 3255 judicii.
980 3169 1067 3234 Nem
1088 3169 1171 3235 illud
1192 3170 1342 3238 Mercurii

236 3272 403 3358 epitheton
418 3272 488 3354 jem
502 3271 537 3336 in
558 3273 603 3336 H.
626 3272 671 3336 H.
694 3271 830 3357 legitur,
851 3269 1041 3336 femininum
1063 3291 1141 3336 vero
1164 3273 1277 3338 multis
1298 3295 1340 3337 se-

236 3373 317 3438 oulis
345 3381 423 3458 post
450 3372 484 3436 in
505 3371 596 3437 libris
619 3371 735 3457 Sibyll.
765 3383 798 3437 et
825 3370 1004 3460 μηχατίτης
1034 3372 1168 3458 quoque
1197 3399 1269 3442 non
1292 3395 1343 3461 per

235 3497 271 3540 se
302 3471 469 3559 cognitum
498 3485 548 3538 est
583 3473 642 3540 sed
670 3495 711 3538 ex
738 3473 908 3538 Minervae
937 3475 1133 3558 cognomine
1162 3485 1341 3560 μαχανῐτις,

236 3575 327 3661 quod
350 3572 474 3639 Coraes
498 3575 595 3640 codd.
625 3575 854 3640 nonnullorum
881 3575 1071 3640 auctoritate
1099 3577 1134 3641 in
1162 3582 1344 3660 μαχσνᾶτις

234 3687 353 3754 mutat,
384 3675 443 3740 sed
469 3675 601 3762 vulgato
626 3675 804 3762 opituletur
828 3698 1034 3762 synonymon
1050 3681 1200 3756 τεχνῖτις.
1248 3677 1340 3744 Geni-

234 3779 307 3844 tivis
342 3777 509 3844 nominum
541 3778 576 3842 in
608 3765 662 3856 σῙζ
691 3777 880 3844 exeuntium
911 3775 1027 3842 ionicis
1059 3775 1176 3862 subjici
1206 3790 1342 3866 possunt

234 3876 447 3966 αἲρεσιιύτης,
475 3899 536 3964 pro
559 3899 624 3963 quo
655 3879 753 3944 etiam
774 3878 941 3967 σὶρισίτης
963 3877 1100 3958 dicitur,
1123 3891 1156 3944 et
1176 3879 1245 3946 hoc
1267 3879 1340 3944 anti-

232 4031 566 4046 Ἣ

304 4117 331 4184 1)
352 4115 472 4183 ’altoltus
494 4133 523 4186 p.
542 4112 602 4168 383.
626 4115 818 4186 typographus
844 4091 937 4187 posuit
965 4131 1019 4188 pro
1042 4113 1155 4187 ἆλιΐιης.
1198 4105 1342 4172 Diectaiin

176 4253 181 4264 .
234 4219 297 4256 eum
315 4199 480 4271 pleonasmo
503 4199 650 4271 conjungit
672 4199 815 4256 Diaconos
835 4202 959 4257 adlice.
978 4202 1113 4256 Seut35.
1135 4201 1282 4275 ‹iypoairpc
1303 4206 1343 4256 ml

188 4305 192 4310 ’
233 4282 391 4361 clypoaeirspc.
