2825 4809
386 886 803 973 Pitofflossoot

513 1134 682 1146 ——-—-

118 1344 144 1425 §.
166 1342 202 1405 1.
247 1322 439 1403 lnterversis
464 1358 549 1421 quae
573 1333 869 1403 Grammaticorum
892 1335 1073 1427 coryphaei
1090 1334 1155 1409 Di·

53 1444 157 1528 dymus,
184 1438 339 1527 Trypho,
356 1432 560 1525 ¹Apollonius
588 1446 621 1502 et
640 1436 853 1503 Herodianus
869 1440 899 1521 ¹)
926 1440 1008 1525 περὶ
1031 1446 1158 1509 παθῶν

51 1543 207 1609 confecere
225 1538 456 1616 voluminibus,
478 1538 608 1605 fortuna
624 1538 807 1605 studiorum
822 1550 1008 1607 nostrorum
1023 1542 1155 1611 cavilla·

50 1645 98 1709 cix
111 1644 295 1731 supposuit
307 1642 435 1707 libellos
451 1642 621 1707 doctorum
635 1640 810 1707 trivialium
819 1644 845 1711 J
845 1643 963 1731 osephi
972 1644 1156 1713 Ithacensis

52 1749 165 1831 ejusque
201 1746 261 1832 qui
285 1744 501 1832 Tryphonem
524 1742 678 1809 mentitur
705 1754 738 1809 et
763 1744 815 1810 his
842 1744 1002 1833 dignitate
1027 1746 1157 1836 parium

52 1847 207 1935 Gregorii,
239 1847 471 1935 Mosohopuli,
500 1846 682 1925 Draconis,
716 1847 774 1932 qui
804 1846 890 1915 hano
922 1849 1157 1937 amplissimam

56 1950 220 2015 doctrinam
240 1950 290 2013 ita
313 1959 521 2015 attenuarunt
546 1958 583 2012 nt
606 1948 696 2012 nuda
719 1947 929 2017 affectionum
948 1951 1082 2017 nomina
1102 1972 1156 2019 re·

55 2049 207 2135 liquerint.
243 2054 342 2117 Haec
366 2052 412 2117 illi
432 2050 554 2139 raptim
574 2060 731 2135 tanquam
751 2052 904 2117 monachi
926 2050 1074 2118 litaniam
1097 2053 1156 2119 de·

53 2165 203 2219 cantantes
233 2154 373 2239 singulis
402 2154 465 2217 tria
493 2162 673 2237 quatuorve
706 2154 857 2241 exempla
889 2164 1083 2242 supponunt
1113 2176 1157 2223 ex

46 2256 168 2321 Homeri
198 2255 410 2343 potissimum
432 2257 627 2323 carminibus
651 2266 805 2343 excerpta
833 2256 962 2324 delectu
984 2257 1074 2323 nullo
1096 2256 1159 2323 ced

47 2370 74 2419 ut
95 2358 160 2425 fors
191 2368 226 2423 et
254 2358 358 2424 libido
387 2359 468 2423 tulit
519 2359 638 2443 Neque
664 2358 739 2445 plus
767 2358 908 2445 professi
934 2370 1013 2426 sunt
1039 2358 1158 2428 mum

45 2461 211 2547 scriptores
244 2461 339 2525 latini
372 2461 450 2526 inde
479 2483 512 2541 a¹
529 2458 579 2527 cl.
625 2459 805 2528 Sacerdote
837 2482 944 2548 usque
979 2461 1028 2529 ad
1052 2461 1156 2528 Pom·

44 2564 141 2646 pojum
165 2574 202 2628 et
224 2561 458 2641 Consentium,
488 2563 749 2629 nomenclatione
778 2584 898 2648 graeca
924 2563 992 2641 usi,
1019 2573 1103 2629 teste
1124 2573 1158 2640 et

42 2676 163 2729 auctore
182 2686 323 2730 romano
335 2664 487 2750 Virgilio,
507 2687 527 2729 a
545 2688 610 2750 quo
630 2665 752 2753 pedem
767 2686 870 2730 unum
887 2686 955 2731 non
973 2663 1155 2731 disccdunc

43 2763 152 2830 Graeci
183 2776 336 2833 auctores
364 2767 496 2833 nomine
519 2790 538 2832 a
562 2767 698 2834 medicis
725 2777 833 2832 sumto
854 2766 954 2854 πάθη
976 2766 1156 2857 appellant,

39 2865 142 2933 Latini
161 2868 275 2933 minus
293 2880 369 2955 apte
385 2870 618 2957 metaplasmos
638 2884 670 2937 et
684 2889 920 2956 nonnunquam
935 2867 1156 2940 barbarismos

41 2984 68 3031 ct
85 2972 191 3035 etiam
212 2972 339 3057 figurae
362 2972 516 3037 orationis
537 2983 694 3038 vocantur
715 2970 900 3038 soloecismi
921 2972 981 3039 sed
1002 2992 1077 3039 cum
1098 2994 1156 3039 ex·

39 3073 189 3157 ceptione
217 3076 248 3139 si
272 3076 404 3141 consilto
429 3076 570 3141 consulto
593 3086 621 3141 et
642 3078 774 3157 cocitutc
795 3076 1006 3140 admittantur
1026 3074 1075 3141 oet
1096 3074 1157 3139 ete·

37 3179 158 3254 coortae
183 3194 284 3240 ccccc
304 3177 352 3240 oet
374 3176 411 3241 ob
434 3186 568 3241 rostram
588 3198 618 3240 v.
640 3173 800 3240 Technol.
818 3176 891 3241 329.
926 3175 983 3242 Sic
1001 3174 1156 3241 Donatus

37 3273 71 3337 L.
85 3275 152 3340 ΙΠ.
180 3298 215 3360 p.
233 3274 286 3339 25.
309 3278 525 3341 barbarismus
548 3288 592 3343 cst
614 3295 681 3342 uno
698 3294 778 3359 pora
803 3279 960 3343 orationis
981 3278 1100 3343 vitiosa
1121 3281 1156 3342 ta

38 3379 356 3457 communiscrmocc
364 3399 374 3454 ;
397 3381 433 3443 io
446 3388 590 3459 poemate
606 3378 829 3459 metaplasmos
845 3388 881 3443 ut
894 3375 1074 3461 relliquiae,
1088 3376 1155 3442 olli.

39 3476 73 3538 Et
87 3478 218 3551 Festus
239 3501 273 3564 p.
287 3478 358 3542 170.
380 3479 609 3561 metaplasticos
630 3480 748 3543 dicitur
768 3480 854 3560 opud
869 3490 982 3561 poetas
1001 3482 1157 3562 usurpari

38 3580 64 3643 id
79 3582 171 3663 quod
190 3590 320 3663 propter
337 3583 546 3647 necessitatem
564 3582 657 3645 metri
674 3591 798 3645 cantare
815 3592 1057 3657 coccaoeocruat,
1073 3584 1157 3665 qaod

40 3682 110 3744 idern
130 3682 354 3747 barbarismos
372 3684 489 3747 dicitur
511 3683 546 3745 io
565 3680 670 3747 soluto
691 3684 846 3749 oratione.
879 3683 933 3747 Ac
950 3704 993 3747 ne
1008 3682 1156 3749 Graecos

38 3780 171 3862 quidem
206 3780 267 3845 hoc
301 3780 431 3847 duriore
462 3781 601 3847 nomine·
628 3780 825 3849 abstinuisse
855 3783 1085 3871 cognoscimus
1114 3806 1157 3851 cx
1205 3820 1214 3833 =

100 4000 129 4071 l)
147 4000 220 4055 Non
235 3998 273 4056 ita
289 4002 400 4073 pridem
417 3999 539 4055 innotuit
556 3998 607 4055 Ori
624 4000 697 4055 liber
713 4004 780 4075 περὶ
798 3997 908 4064 πάθους
922 4021 950 4057 v.
964 4000 1102 4057 Bitsclrel.
1118 4002 1155 4054 de

41 4088 94 4139 Oro
113 4106 146 4157 p.
164 4087 213 4139 37.
232 4104 313 4157 quem
334 4106 401 4142 usus
422 4085 530 4141 numeri
552 4085 699 4158 singularis
721 4104 779 4141 non
800 4087 927 4143 offendit.
969 4087 1007 4141 Et
1029 4086 1155 4139 Zonaras

38 4190 148 4244 qnoque
170 4169 327 4243 s.‘Edariqos
344 4191 373 4244 p.
386 4174 446 4227 614.
465 4172 591 4227 nominat
602 4172 758 4228 Herodiani
773 4172 1001 4229 commentarium
1018 4173 1084 4242 περὶ
1099 4164 1156 4222 mi—

39 4264 113 4326 tam,
136 4257 201 4311 sed
215 4274 292 4315 nemo
313 4260 394 4314 alius.
430 4259 474 4313 De
491 4258 619 4313 omnibus
640 4256 694 4312 illis
712 4259 894 4330 pathologiae
913 4253 1107 4311 conditoribus
1125 4251 1155 4306 in

40 4342 166 4399 Leraclrii
181 4341 251 4400 libro
266 4344 314 4401 die
328 4341 633 4419 Spracbploilosoplote
648 4343 701 4398 der
712 4343 800 4399 Altera
817 4343 899 4398 litera
912 4337 991 4487 nplla
1002 4335 1154 4392 inuenitur.

84 4430 228 4479 Labeci,
244 4433 332 4475 ramat.
701 4436 704 4441 ’
