2825 4809
232 376 327 489 ,222
500 416 504 425 ·
542 362 863 435 DISSERTATIO
891 365 938 432 11.
981 366 1022 433 Ρ.
1043 366 1072 431 Ι.

248 551 336 643 φάη·
374 553 428 619 oui
461 551 659 619 subveniunt
691 546 849 629 κατοανός
875 559 909 615 et
936 555 1124 639 νανωπιᾷν,
1157 572 1226 617 cum
1250 578 1330 641 syno-
1379 589 1380 634 2

248 678 347 743 aymo
370 652 403 722 οί
426 648 517 733 ὦπας
537 653 738 742 composita,
761 651 821 716 sed
840 651 927 716 riam
944 652 1148 738 interrumpit
1162 652 1331 723 homericum

248 753 423 843 κανηφαίν,
454 755 497 820 de
518 776 585 840 quo
608 754 796 841 discrepant
813 751 1097 839 interpretantium
1110 754 1231 838 judicia
1254 778 1280 822 ν.
1298 760 1334 823 ad

248 859 304 943 Aj.
326 878 359 944 p.
383 857 455 924 173.
500 855 788 939 Quemadmodum
812 876 908 919 cruor
933 854 974 920 ab
999 855 1161 942 Euripide
1180 857 1257 922 Her.
1275 860 1333 923 152.

248 968 383 1025 vocatur
403 957 530 1041 ναομὸς
554 952 777 1043 pantomimis,
792 955 855 1021 ‘sic
882 946 969 1039 οἶμα
997 955 1188 1044 κελαινεφές
1211 960 1334 1023 nonnulli

250 1082 325 1127 uum
352 1054 440 1147 φάος
467 1058 519 1123 vel
551 1056 628 1149 φάω
654 1055 872 1144 compositum
896 1066 1071 1142 putaruntz
1098 1056 1136 1123 ἐν
1160 1062 1218 1125 τοῦ
1239 1065 1286 1145 φῶ
1302 1061 1334 1126 τί
1380 1103 1381 1106 =

246 1160 360 1249 φαίνω
380 1158 505 1245 γίνεται
528 1156 727 1247 νείαινοςοής
746 1154 793 1236 νίς
813 1153 872 1225 inl
896 1163 956 1225 τοῦ
980 1154 1161 1244 θηροφόνο
1185 1158 1335 1246 &poecile

250 1262 307 1329 καί
332 1261 433 1348 δῆλον
453 1258 509 1327 tias
531 1254 569 1327 οὗ
591 1256 761 1346 συγκοπή·
784 1255 889 1337 οίίνιος
902 1254 1118 1343 (Ηριοδνανός.
1141 1259 1219 1325 ΕΜ.
1235 1258 1297 1337 502,
1310 1262 1336 1325 2.

248 1365 316 1431 Hic
338 1362 430 1447 quod
451 1361 494 1425 de
516 1382 661 1447 syncope
684 1359 817 1438 dicitur,
847 1370 961 1427 contra
986 1382 1045 1426 eos
1065 1361 1154 1425 valet
1175 1360 1229 1445 qui
1246 1363 1337 1427 κείαν·

249 1461 351 1551 νεφής
370 1484 412 1527 ex
433 1458 670 1549 νείαινονεφής
688 1472 887 1527 contractum
907 1471 1077 1547 putarunt,
1106 1462 1149 1527 ad
1175 1483 1253 1547 quos
1271 1461 1338 1525 inira

248 1562 423 1638 redibitur3
459 1560 514 1627 ille
546 1573 654 1627 autem
682 1562 801 1648 integri
829 1562 1053 1649 νείαινοφαής
1081 1561 1183 1649 alpha
1208 1563 1339 1639 excisum,

250 1689 270 1731 ο
291 1664 418 1731 miuron
441 1663 532 1746 quod
553 1663 630 1729 huie
648 1665 797 1750 proxime
815 1664 979 1729 antecedit
998 1663 1034 1727 in
1053 1664 1185 1751 epsilon
1206 1674 1336 1728 mutatum

249 1788 323 1835 esse
351 1764 492 1843 censuit,
520 1767 613 1850 cujus
643 1766 825 1831 affectionis
849 1784 970 1831 nomen
995 1765 1050 1831 bic
1076 1766 1200 1831 excidit
1226 1765 1338 1831 sedad-

250 1868 337 1933 ditur
358 1890 391 1954 p.
414 1866 468 1943 60,
490 1867 520 1931 1.
548 1862 768 1951 ἁίοτρίβανον
795 1865 852 1933 ναί
878 1862 1093 1950 ἁλετρίβανον
1121 1865 1209 1935 κατὰ
1234 1865 1340 1952 τροπὴν

248 1964 294 2049 ὡς
320 1967 358 2034 τὸ
390 1964 592 2054 νοίαινοφὴς
618 1966 676 2033 καί
705 1963 903 2054 νολαννεφὴς
938 1961 1008 2034 ἀπὸ
1037 1970 1097 2033 τοῦ
1127 1964 1274 2033 κελαινόν
1298 1967 1339 2031 καί

249 2073 340 2156 φῶς,
370 2068 427 2153 qui
454 2068 518 2133 nisi
545 2066 633 2156 φάος
655 2069 765 2135 dicere
784 2067 902 2144 voluit,
929 2066 1128 2155 καίαινεφής
1151 2089 1193 2133 ex
1216 2064 1342 2133 κελαινό-

248 2192 321 2261 φιος
342 2168 397 2253 (ut
418 2162 532 2266 δίψους,
558 2168 744 2267 λ-ειψίφιος,
764 2167 962 2255 πλησίφως)
983 2189 1177 2234 conversum
1201 2188 1269 2232 ease
1290 2176 1343 2229 sta·
1383 2203 1384 2208 κ

247 2270 309 2337 tuit
328 2270 434 2336 vocab
456 2295 483 2335 ω
504 2269 540 2333 in
566 2296 586 2356 η
608 2268 749 2337 abeunte
772 2268 938 2354 quomodo
955 2266 1145 2355 μοίαγχρής
1167 2290 1227 2355 pro
1244 2264 1343 2351 μελίη·

246 2395 334 2456 χρως
355 2370 420 2437 diei
442 2382 582 2435 sumunt.
626 2370 682 2439 Sic
704 2370 802 2436 etiam
821 2369 969 2436 nonnulli
989 2368 1080 2435 verbi
1101 2369 1236 2455 cognati
1252 2365 1343 2456 φαίνω

247 2470 347 2558 alpha
370 2470 546 2557 emigrasse
563 2472 722 2559 suspicati
737 2481 813 2537 sunt
827 2471 862 2535 in
880 2470 1040 2555 adjectivo
1059 2465 1250 2558 ἇκραιφνής
1268 2467 1344 2553 quasi

246 2572 409 2658 integrum
436 2572 480 2637 sit
506 2567 758 2660 ἄνεραιοφανὴς
782 2594 813 2637 v.
836 2571 877 2636 P.
907 2572 955 2637 II.
983 2592 1011 2637 c.
1042 2571 1090 2635 ΙΙ.
1122 2574 1148 2655 b.
1173 2572 1204 2637 1.
1227 2572 1347 2658 ipseque

245 2673 447 2759 Apollonius
476 2673 518 2737 de
545 2674 633 2739 Adv.
662 2673 737 2739 580.
765 2672 805 2739 τὸ
835 2667 931 2760 dove
957 2672 1109 2759 συγκοπὴ
1133 2671 1173 2739 ἐν
1194 2677 1253 2741 νοῦ
1273 2666 1346 2758 νίφα·

245 2777 311 2849 νοῦς
333 2766 477 2857 εὐλόγως
498 2767 785 2857 ἀναβιβασίίίννος
806 2777 867 2839 τοῦ
891 2770 1007 2841 τόνου·
1031 2770 1073 2840 τὰ
1094 2771 1160 2857 γὰρ
1189 2768 1239 2851 είς
1254 2760 1287 2839 ον
1301 2769 1349 2855 λη’·

245 2896 346 2955 γοντα
379 2869 592 2959 ἐνοιῤῥήματα
633 2872 824 2957 βαρύνεται.
878 2873 924 2938 Et
954 2874 1080 2956 majore
1113 2872 1214 2937 etiam
1247 2882 1348 2938 conatu

245 2972 339 3057 Synt.
361 2972 422 3045 IV.
445 2973 495 3039 12.
517 2972 592 3039 355.
619 2971 779 3061 ἐξαίφνης
797 2972 845 3039 ab
875 2972 914 3055 ἐξ
940 2968 1104 3060 ἆφανείας
1130 2973 1201 3039 sive
1223 2970 1350 3063 ἀφονίης

244 3074 364 3160 repetit
393 3074 491 3163 alpha
512 3075 614 3141 altero
637 3074 770 3141 excluso
794 3074 956 3158 simulque
977 3073 1045 3138 iota
1066 3096 1108 3139 ex
1128 3072 1349 3160 penultimain

244 3176 490 3242 antecedentem
513 3174 670 3261 syllabam
685 3175 860 3241 translato.
894 3176 1018 3241 Verum
1038 3171 1171 3262 αἴφνης,
1195 3174 1350 3260 ἐξαίφνης,

244 3272 403 3361 ἐξαπίνης
430 3298 510 3341 oum
541 3272 674 3363 ἀφανής
705 3276 808 3341 multo
845 3274 954 3340 minus
990 3274 1214 3339 similitudinis
1245 3273 1352 3339 habent

243 3394 341 3458 quam
362 3394 437 3449 cum
459 3369 553 3465 ι’ίφαρ
575 3387 608 3440 et
632 3370 742 3463 αἶψα,
770 3396 854 3461 quae
875 3375 1010 3463 proprie
1037 3376 1126 3473 idem
1148 3377 1243 3461 quod
1267 3398 1351 3441 συνο-

241 3478 335 3553 necte
358 3477 482 3559 juncte,
512 3480 663 3543 continuo
693 3477 880 3563 significant
908 3475 950 3540 ab
978 3472 1074 3543 ἅπτω
1103 3476 1250 3541 derivata
1275 3474 1352 3539 unde

242 3569 410 3664 ἁψίκορος
438 3570 457 3640 ὁ
490 3576 615 3663 ταχέως
651 3576 839 3661 κορεσθείς.
888 3572 1044 3665 Είνώδης,
1075 3575 1226 3665 δοςαίδης
1255 3588 1312 3641 etc.
1336 3596 1355 3635 a

241 3674 386 3760 perfecto
409 3669 523 3747 ίίδιοδο
546 3677 729 3762 composita
751 3690 828 3743 sunt
848 3677 1014 3765 quomodo
1030 3675 1204 3765 πανώλης,
1229 3674 1355 3763 ἐξώλη-ς,

240 3798 308 3841 non
330 3786 366 3841 ut
387 3776 421 3841 in
442 3776 523 3843 ΕΜ.
545 3776 619 3854 401,
644 3778 698 3843 28.
720 3778 840 3844 dieitur
860 3780 899 3846 ἐν
919 3783 980 3845 τοῦ
1003 3773 1167 3864 εὖαώόης,
1190 3776 1354 3862 δυςαοίίης

240 3875 327 3945 κατὰ
348 3875 533 3963 σογκοντήν,
557 3900 617 3964 pro
645 3900 711 3963 quo
734 3880 848 3945 saltem
871 3879 956 3946 κατὰ
973 3882 1090 3966 κρᾶσιν
1106 3879 1171 3944 dici
1187 3875 1356 3967 oportebat

239 3978 331 4043 utin
354 3978 539 4056 (tuam,
564 3979 614 4044 10.
657 3980 781 4046 Adhuc
808 3980 890 4046 nihil
919 3980 1051 4045 allatum
1073 3989 1211 4065 estque
1237 3976 1355 4065 ellipsis

239 4078 350 4159 literae
379 4078 478 4167 alpha
508 4091 582 4145 ante
613 4080 769 4167 syllabam
797 4092 912 4147 natura
934 4081 1069 4175 longam
1089 4082 1216 4167 liquido
1241 4078 1354 4146 confir·

240 4190 354 4251 metur.
399 4183 566 4267 Sequente
587 4181 678 4248 brevi
697 4182 735 4247 id
755 4183 878 4249 factum
894 4206 967 4251 esse
984 4183 1165 4269 compluria
1181 4170 1259 4247 sunt
1277 4198 1357 4266 quae

238 4278 335 4345 nobis
366 4283 597 4365 persuadeant.
651 4284 800 4351 Primum
831 4282 953 4371 κράνος
986 4286 1078 4369 quod
1110 4284 1268 4371 equidem
1288 4301 1359 4346 nou
