2825 4809
29 429 34 434 ,
122 355 179 426 na
194 345 461 420 eisarnam
479 347 541 418 nr
562 286 839 420 scamnum.
867 347 984 418 um.
1003 349 1068 438 aa.
1096 353 1171 431 τοι

78 542 167 610 simile
193 551 259 618 est3
290 539 349 606 sed
378 539 406 605 ai
435 539 509 626 quis
539 539 697 606 invenerit
723 535 876 623 τετράκις
901 534 923 627 ἢ
951 541 1051 606 πέντε
1079 537 1182 606 dcce-¹
1224 538 1227 545 ’

74 641 252 734 φανωμένας
275 642 402 708 aliudve
425 642 627 728 hujusmodi,
650 640 719 707 tum
740 663 792 708 res
814 641 963 707 coniecta
985 639 1120 725 erit¹¹).

147 765 170 847 ξ.
192 762 220 827 3.
259 761 506 828 sAdverb10rum
528 761 592 828 loci
619 785 720 829 unum
745 783 819 826 cum
844 759 978 826 nomine
1001 758 1064 824 sibi
1091 757 1170 824 eub-

68 867 145 951 jecto
166 863 285 929 firmius
308 865 487 934 concrevit:
512 863 690 950 κατωκάρα
716 859 820 941 οὕτως
844 852 960 949 tp‘tv
971 860 1123 948 λέγουσιν
1135 858 1167 928 oi

73 962 189 1032 diciaci
209 960 246 1032 αὖ
265 965 475 1054 ’διῃρημένως
497 1005 538 1014 -
562 961 731 1054 anteeant
754 964 825 1030 ἐστι
847 958 1008 1029 σύνθετον
1037 961 1091 1028 καὶ
1112 961 1172 1028 σόν

70 1071 112 1153 τῴ
131 1055 283 1152 ἷγρόιμει
301 1061 513 1150 Ἡροιόιανός
535 1065 645 1134 Schcl.
663 1066 766 1130 Arist.
782 1065 866 1139 Pac.
882 1063 953 1129 153.
968 1062 976 1068 ”
996 1065 1073 1128 Hoc
1095 1063 1169 1128 loco

70 1167 158 1232 utitur
172 1169 318 1235 Joannes
336 1193 369 1256 p.
382 1169 433 1234 29.
454 1170 494 1235 de
514 1166 675 1234 adverbiis
699 1191 718 1232 a
735 1168 843 1232 dativo
864 1165 970 1230 ductis
990 1165 1171 1230 disserenat

69 1269 116 1334 καί
135 1267 171 1336 τό
197 1265 269 1359 ἰδίᾳ
293 1269 348 1336 καὶ
375 1272 520 1360 δημοσίᾳ
548 1269 617 1339 dud
645 1273 780 1358 δοτικῆς
802 1270 913 1354 γέγονε
939 1267 996 1334 καὶ
1022 1268 1059 1332 τό
1083 1263 1202 1352 κάρα·

68 1365 139 1453 παρ’
154 1365 389 1460 Ἀριστοφάνει
412 1369 501 1438 κάτω
525 1369 611 1459 κόρα
634 1369 739 1459 ρ’ίψας
757 1397 809 1457 με,
835 1371 925 1457 quod
948 1380 985 1434 ut
1005 1368 1170 1457 prioribus
1200 1353 1212 1369 “

67 1472 242 1551 conveniat,
269 1473 422 1538 addenda
444 1483 493 1540 est
515 1487 593 1540 nota
617 1473 716 1558 dativi
742 1471 832 1538 κάτω
855 1468 943 1562 κόρᾳ
963 1473 1014 1537 vel
1037 1470 1171 1559 hyphen

65 1570 243 1664 κατωκάρα.
288 1575 413 1662 Neque.
428 1585 538 1642 tamen
567 1578 608 1642 de
632 1598 712 1641 casu
733 1575 909 1651 assentiam
937 1598 1013 1639 nam
1036 1584 1087 1638 est
1107 1587 1170 1660 po·-

63 1674 119 1740 tius
145 1677 350 1742 accusativus
380 1689 416 1742 ut
444 1679 480 1743 in
510 1675 636 1765 ἅνόκαρ
666 1689 699 1743 et
727 1677 761 1741 in
789 1676 976 1763 germanico
1004 1677 1173 1760 kopsueber

63 1776 220 1870 latineque
243 1799 394 1864 praeceps
421 1791 518 1867 atque
547 1778 790 1865 francogallim,
822 1801 887 1864 quo
915 1779 960 1843 H.
983 1777 1172 1864 Stephanus

62 1878 134 1943 iilud
155 1879 403 1967 interpretatur,
433 1885 464 1948 lu
487 1884 544 1949 tete
569 1903 607 1948 ιιι
630 1885 700 1959 bas,
729 1881 819 1966 quod
845 1903 865 1944 a
888 1879 1025 1946 Graecis
1054 1879 1172 1944 dicitur

62 1979 350 2070 zaraatpatass).
393 1983 589 2049 Hic'autem
608 2005 703 2049 casus
722 1982 844 2070 pendet
865 2005 906 2047 ex
926 1982 1061 2047 notione
1082 1981 1173 2048 verbi

61 2079 136 2163 ἔχειν
154 2094 194 2148 ut
216 2083 319 2150 Pind.
342 2085 382 2150 P.
407 2085 467 2153 VI.
492 2087 542 2152 14.
562 2080 586 2152 ’ό
614 2081 716 2169 ὕμνος
741 2083 821 2173 φάει
843 2081 1025 2170 πρόςωπον
1051 2083 1086 2151 ἐν
1108 2108 1172 2149 κα-

58 2189 152 2272 θαρῷ
174 2179 311 2272 ἀγγελεῖ
331 2187 424 2253 νίκαν
446 2186 560 2273 πατρί,
583 2187 672 2273 quod
690 2186 802 2254 Schol.
821 2187 867 2251 ita
884 2185 1026 2273 explicat
1046 2183 1173 2265 ἔξωθεν
1203 2263 1208 2273 .

57 2287 289 2372 προςλιμττέον
313 2284 361 2367 εἷς
386 2287 443 2354 τόν
460 2285 580 2377 πλήρη
602 2286 702 2375 λόγον
724 2288 761 2354 τό
786 2286 881 2369 ἔχων,
909 2284 953 2353 ἵν’
978 2281 999 2377 ᾗ
1024 2284 1170 2369 ἔχωντι)

55 2379 234 2472 πρόςωπον
259 2385 293 2455 ἒν
316 2384 411 2476 φάει,
440 2389 615 2476 ipsumque
640 2389 704 2455 hoe
727 2389 934 2477 participium
960 2388 1091 2454 additur
1113 2387 1173 2453 sed

55 2484 111 2551 alio
133 2487 307 2555 intellectu
331 2491 398 2557 Od.
420 2491 554 2560 XXIV.
577 2493 650 2557 242.
674 2493 835 2579 Λαέρτης
857 2489 1003 2558 ἔσκαπτε
1026 2487 1174 2579 κεφαλὴν

54 2590 209 2672 κατέχων,
246 2592 338 2677 quod
360 2593 437 2658 olim
460 2592 709 2679 disjungebant:
738 2592 933 2673 διαιροῦμεν
959 2590 996 2657 τό
1028 2589 1173 2672 κατέχων

53 2683 119 2756 ἀντὶ
140 2697 202 2760 τοῦ
228 2692 320 2760 κάτω
344 2691 424 2778 ἔχων
450 2695 593 2762 Gramm.
615 2694 651 2760 in
672 2693 801 2759 Anecd.
823 2691 931 2759 Cram.
952 2693 993 2758 Τ.
1015 2693 1076 2760 IV.
1098 2691 1172 2757 309.

49 2892 131 2961 thius
157 2919 242 2962 vero
273 2896 311 2963 τό
339 2895 485 2978 κατέχων
512 2891 551 2965 οὗ
578 2892 697 2964 ταύτόν
726 2897 795 2964 ε’στι
818 2901 871 2984 τῷ
896 2891 981 2982 παρ’
1004 2891 1173 2973 Ἀττικοῖς

48 2992 150 3069 κάτω,
168 2995 266 3086 κόρα
296 2997 318 3088 ἢ
348 2998 518 3077 συνθέτως
546 2997 725 3086 κατιόκαρα
755 2997 833 3084 (Ιιοα
862 2998 1025 3084 accentu).
1076 2998 1172 3081 Quo·

48 3100 144 3167 modo
180 3100 251 3166 hae
286 3102 371 3166 duae
403 3123 518 3180 voces,
561 3100 638 3186 quia
669 3122 771 3165 unum
802 3099 1001 3175 intellectum
1033 3099 1172 3178 iaciunt,

16 3259 19 3264 ,
47 3199 182 3290 hyphen
216 3203 318 3270 scribi
344 3203 471 3282 solent‚‘
498 3201 555 3270 sic.
570 3201 666 3268 etiam
689 3202 925 3289 appellationes
952 3202 1040 3267 velut
1064 3227 1173 3268 κατω-

46 3305 175 3388 τριχίας
202 3327 370 3392 personae
398 3305 542 3371 comicae
563 3325 683 3371 nomen
706 3305 742 3370 in
764 3305 837 3371 cod.
859 3305 945 3371 Poll.
965 3303 1026 3372 Iv.
1048 3304 1119 3369 148.
1142 3315 1175 3368 et

44 3459 392 3474 Ἢ

112 3545 161 3610 11)
182 3540 341 3600 Diversum
356 3541 439 3614 hujus
453 3539 653 3615 brachylogiae
673 3539 832 3615 exemplum
852 3540 903 3598 sed
922 3559 1012 3616 acque
1031 3542 1173 3615 singulare

42 3625 286 3703 όκτωκαιόεκέτης
304 3625 319 3698 ἢ
339 3629 529 3684 ἑπτακαίδεκ’
549 3628 563 3683 ό
581 3627 709 3701 γαμβρός
727 3629 850 3701 explicui
871 3632 908 3684 ad
925 3629 991 3685 Phr.
1008 3633 1068 3686 412.

112 3718 162 3786 12)
184 3713 333 3770 Proculus
354 3715 382 3769 in
401 3714 475 3769 Tim.
496 3714 547 3768 III.
569 3717 625 3780 175,
644 3718 669 3768 9.
691 3717 756 3784 (414
775 3717 922 3785 Schneid.)
944 3721 1003 3787 εἰκῆ
1021 3721 1110 3788 ζῶμεν
1127 3720 1174 3771 καὶ

38 3801 107 3857 κατὰ
129 3803 162 3858 τὸ
183 3800 348 3877 προςτυχόν
367 3805 414 3855 καὶ
435 3799 450 3854 ὅ
470 3817 541 3872 φασι
564 3797 636 3855 κάτω
658 3795 748 3876 κόραν
767 3800 926 3874 ποιούμεθα
946 3802 995 3873 τὴν
1013 3807 1069 3859 τῶν
1085 3798 1175 3858 όντων

38 3894 133 3959 κρίσιν
157 3891 222 3944 hoc
246 3895 290 3942 est
312 3887 532 3959 praecipitanter
551 3886 719 3958 judicamus.
753 3886 877 3961 Ἀντικρὺ
898 3890 963 3943 ΕΜ.
984 3892 1047 3954 114,
1068 3890 1111 3944 39.
1136 3907 1174 3944 ex

36 3971 179 4048 όντικόρα
205 3981 308 4028 natum
328 3981 410 4046 putat
430 3969 490 4030 οἷον
508 3973 687 4046 ἆντικέφαλα.
719 3972 828 4029 Certiae
846 3983 890 4029 est
908 3973 1017 4047 πρόχνυ
1034 3975 1122 4029 idest
1141 3974 1174 4029 τὰ

35 4055 145 4129 γόνατα
166 4051 309 4134 προέχων
324 4064 369 4129 (ut
382 4057 417 4114 τιό
430 4066 510 4132 χεῖρε
528 4059 685 4132 προέχων),
701 4062 779 4131 quod
796 4060 824 4115 in
841 4060 1006 4116 adverbium
1022 4060 1100 4115 abiit.
1137 4062 1175 4116 Iit

33 4147 70 4200 ad
89 4147 171 4201 hanc
192 4145 320 4200 formam
335 4144 392 4219 alia
408 4163 470 4200 cum
488 4149 588 4200 eodem
607 4163 673 4200 casu
690 4146 846 4218 composita
862 4151 1009 4220 συγχρῶτα
1022 4152 1174 4219 περαίνων,

34 4229 261 4304 ὀπισθᾶγκωνα
281 4233 443 4302 δεδεμένος,
464 4230 557 4286 idest
578 4249 675 4288 manus
695 4242 761 4306 post
778 4240 889 4305 tergum
906 4233 1040 4305 religatae
1058 4234 1174 4304 habens,

33 4318 83 4394 qui
104 4337 192 4376 nnnc
218 4317 327 4374 dicitur
344 4316 648 4393 ὀπισθαγκωνισμένος.
