2825 4809
255 344 330 421 ooo
407 440 411 445 Ι
539 337 862 407 mssnnnnmo
887 338 934 405 11.
977 340 1019 405 P.
1042 339 1091 407 11.

254 520 485 612 παντορρησιά
513 522 572 590 καὶ
599 522 790 613 παρρησία,
820 524 882 589 sed
907 523 1064 591 refellitur
1090 524 1132 589 ab
1157 526 1329 593 Herodiano.

254 625 427 753 παρρησία
448 621 481 693 oi
502 624 563 709 μὲν
587 618 737 695 ἀπὸτοῦ
755 623 968 747 πον6ορ6σία
982 623 1069 691 κατὰ
1084 626 1254 713 συγκοπήν,
1266 624 1330 745 dorp

255 726 345 795 doeio
375 720 518 793 ἄτοπον
551 720 637 796 ἀλλὰ
669 725 768 812 παρὰ
799 724 839 791 τὰ
872 729 943 791 πᾶν
966 730 1097 816 τροπῇ,
1130 720 1167 793 οὗ
1199 732 1331 815 συγκοπῇ.

255 828 343 914 Περὶ
378 830 501 893 παθῶν
531 827 613 893 ΕΜ.
645 826 724 905 656,
751 827 802 891 10.
837 826 940 911 idque
967 827 1174 894 confirmatur
1200 849 1260 893 non
1284 852 1333 895 mo

256 928 407 1014 exemplo
438 922 655 1015 παναληὺξής,
683 925 904 1016 παντργέτης,
930 927 1145 1010 pateream,
1173 926 1334 1013 μεγάθυμος

180 1064 183 1070 ·
256 1041 290 1097 et
322 1030 393 1095 aliis
424 1029 471 1093 ita
498 1028 691 1117 epmpositis
726 1039 764 1094 ut
790 1051 913 1095 nomen
940 1027 1180 1114 incorruptum,
1210 1029 1337 1113 quodin
1381 1077 1382 1080 ,

256 1142 372 1197 neutro
394 1128 550 1207 cernitur,
573 1130 608 1195 in
632 1140 846 1217 conspectum
865 1130 990 1208 veniat,
1019 1151 1094 1195 oum
1121 1151 1161 1196 eo
1182 1129 1263 1214 quod
1277 1135 1336 1207 πᾶν,

257 1255 358 1318 quum
377 1230 600 1317 componitur,
624 1232 668 1295 ad
683 1232 825 1296 nativam
842 1230 1032 1297 brevitatem
1047 1230 1214 1317 redigitur.
1247 1230 1338 1313 Itaque

256 1334 292 1399 in
320 1333 382 1397 hae
408 1331 639 1419 disputationis
669 1343 802 1399 nostrae
829 1333 966 1419 regione
994 1356 1033 1399 ae
1056 1334 1110 1398 via
1133 1354 1230 1397 unum
1248 1332 1337 1417 depro

257 1434 430 1500 heudimus
455 1433 647 1498 exemtionis
675 1434 861 1520 exemplum
891 1434 1107 1501 indubitabile
1143 1431 1297 1520 μελανθὴς
1318 1444 1341 1497 et
1382 1427 1383 1442 ¹

256 1534 455 1619 μελάνθιον,
479 1557 545 1618 quo
567 1535 694 1601 iteratio
715 1536 862 1620 ejusdem
876 1537 1022 1622 syllabae
1038 1536 1202 1622 effiagitur,
1222 1533 1339 1599 verbum·
1383 1621 1384 1628 6

259 1660 323 1722 que
342 1637 552 1722 proletarium
567 1640 776 1720 μελενδυτεῖν
792 1637 815 1703 i.
834 1661 866 1723 q.
883 1641 1135 1723 μελανειμονεῖν
1152 1638 1187 1702 in
1201 1636 1340 1702 Prodronn
1383 1631 1384 1720 6

258 1738 362 1807 Stich.
394 1738 535 1805 Monod.
566 1762 596 1803 v.
628 1739 702 1805 334.
738 1740 791 1804 ed.
820 1740 930 1805 Boias.
960 1740 1079 1807 Cetera
1107 1762 1193 1825 quse
1218 1738 1258 1803 nd
1278 1738 1342 1801 huno

256 1842 366 1907 looum
389 1840 569 1927 pertinent,
595 1840 679 1905 sumi
700 1852 841 1925 possunt
860 1864 904 1906 ex
923 1843 1060 1927 Parerg.
1087 1842 1214 1928 Phryn.
1234 1840 1289 1905 668
1308 1862 1343 1923 sq.

256 1942 376 2008 Parall.
397 1943 440 2006 48
459 1964 509 2025 sq.
549 1940 797 2024 Adjeotivorum
815 1942 850 2007 in
866 1930 910 2020 ιΤς
930 1944 1119 2009 exeuntium
1144 1944 1202 2009 uni
1220 1940 1345 2027 syllabam
1384 2007 1385 2036 6

257 2043 448 2109 nominativi
473 2052 651 2107 extremam
674 2042 801 2107 detrahi
822 2045 945 2110 indicat
968 2045 1079 2131 Epim.
1104 2046 1134 2109 Ι.
1159 2046 1231 2122 344,
1254 2045 1299 2109 21.
1316 2042 1345 2107 ad

259 2142 308 2223 εἷς
326 2134 529 2231 ἶς’λήγοντα
551 2144 637 2229 (καὶ)
654 2140 739 2229 παρ>
765 2141 904 2213 εὐθεῖαν
925 2144 1121 2213 συντίθεται
1142 2145 1346 2232 θηλύμορφος,

260 2242 484 2331 πρεσβυγινής
505 2248 562 2311 καὶ
584 2269 723 2328 παγενις
745 2247 822 2330 (sor.
844 2247 940 2331 παρὰ
961 2243 1105 2335 γενικήν)
1132 2241 1348 2333 βοτρυοχαρῆς·

258 2346 359 2432 μόνον
388 2344 426 2414 τὸ
455 2342 575 2433 ἥμισυς
602 2349 651 2434 πῇ
673 2347 735 2429 μὲν
756 2347 838 2427 μίαν
859 2348 1027 2434 συλλαβήν
1049 2347 1251 2417 ἐκκέκοπται
1268 2341 1346 2425 deod

260 2444 448 2535 ἡμίδωρον,
482 2440 711 2534 ἡμισύχοιρος,
746 2470 831 2532 quae
865 2448 894 2513 si
930 2472 992 2535 pro
1025 2450 1179 2535 exemplo
1212 2467 1349 2534 synoopae
1385 2393 1387 2536 λ

258 2550 450 2625 afferuntur,
473 2547 521 2611 sio
544 2546 718 2613 scribenda
739 2558 816 2613 sunt
832 2544 1002 2635 ἡμίδωρου
1019 2551 1070 2635 (ut
1085 2550 1283 2636 δεκάδωρον,
1300 2550 1349 2614 do
1385 2557 1386 2644 6

260 2645 537 2738 ὄεκάόωρον),ν6
512 2645 691 2737 μιχόριον,
721 2650 780 2715 sed
807 2650 946 2715 fortusse
978 2654 1146 2738 pertinent
1178 2653 1222 2718 ad
1244 2652 1351 2715 alteram

259 2751 393 2817 canonis
414 2760 565 2869 partem,
594 2772 691 2873 quem
720 2751 853 2837 supplet
880 2752 1115 2839 Theognostus
1143 2754 1229 2821 Can.
1252 2754 1299 2818 83.
1322 2749 1351 2815 τὰ

259 2849 297 2918 ἐκ
324 2857 382 2918 τοῦ
410 2848 531 2938 ἥμισυς
556 2852 752 2937 συιγκείμεια
780 2850 968 2936 ἀποβάλλει
989 2857 1048 2941 τὴν
1074 2882 1131 2932 συ,
1161 2848 1353 2942 ἡμίονοςκυὶ

258 2945 353 3019 ἄλλα.
396 2948 545 3039 Εὕρηται
573 2953 609 3019 δὲ
638 2953 736 3037 παρὰ
760 2961 832 3030 τοῖς
857 2957 1020 3033 παλαιοῖς
1040 2954 1196 3035 σπανίως
1215 2953 1293 3036 μετὰ
1311 2954 1354 3073 ripe

258 3080 312 3132 συ,
337 3049 630 3142 ἦ6ιισύχοιρος,6
597 3048 820 3140 ἡμισυψοινιξ
846 3055 934 3140 (sie).
984 3053 1099 3134 Οὕτως
1116 3050 1342 3144 Hptodraadg‘
1330 3074 1355 3116 εν

257 3160 305 3239 τιὸ
327 3154 407 3240 περὶ
429 3158 567 3232 παθῶν,
592 3154 648 3238 qui
669 3154 705 3218 id
727 3153 768 3219 ab
790 3155 928 3223 Abrone
950 3156 1158 3223 observatum
1184 3180 1259 3223 esse
1278 3152 1356 3219 aitio

258 3216 339 3321 ΕΜ.
368 3256 442 3334 430,
464 3255 516 3321 30.
545 3254 699 3340 idemque
725 3256 926 3343 implicatum
951 3270 1002 3325 est
1023 3260 1165 3325 mirabili
1189 3254 1355 3344 Tryphonis

143 3452 148 3455 η
259 3355 453 3442 sophismati
473 3356 564 3443 apud
583 3356 749 3423 Choerob.
773 3358 871 3425 Orth.
894 3362 968 3426 272.
993 3363 1074 3427 ΕΜ.
1092 3364 1216 3439 tent.
1236 3355 1358 3479 666666

258 3455 276 3523 ὁ
303 3458 449 3581 κλέπτη6
476 3456 569 3543 παρὰ
596 3458 635 3525 τὸ
662 3454 839 3556 ὑφειλέτης
867 3462 952 3528 κατὰ
978 3457 1162 3549 ἀφαίρεσιν
1192 3487 1251 3530 του
1277 3457 1357 3526 vuol

258 3564 319 3625 τοῦ
340 3584 356 3625 ε
382 3558 440 3625 καὶ
469 3555 602 3627 ἐκτάσει
628 3564 690 3624 τοῦ
719 3587 735 3626 e
770 3557 820 3638 εἰς
848 3582 886 3649 η
914 3562 1026 3629 πολλὰ
1047 3564 1085 3631 de
1106 3561 1210 3652 πάθη
1233 3561 1358 3629 watto

260 3660 387 3746 γέγονε·
410 3658 499 3747 λέγει
522 3654 598 3727 de‘
581 3686 600 3725 ο
626 3655 813 3749 Τρύφων“
792 3687 846 3727 οτι
867 3659 1103 3730 συνέπαθεν
1084 3690 1104 3751 6
1128 3663 1227 3752 φωνὴ
1249 3666 1295 3749 τρῖ
1313 3680 1358 3743 ση-

253 3759 463 3849 μαινομένῳ,
492 3756 537 3838 ὡς
564 3756 851 3849 ἧμισυκὺυλιονη
841 3758 1043 3845 μικύκλιον,
1076 3760 1187 3831 λείπω
1220 3757 1326 3845 λιμός·
1345 3751 1359 3821 ὃ

258 3857 321 3944 γὰρ
350 3859 495 3947 κλέπτης
525 3857 654 3927 ἔνδειαν
678 3868 784 3929 ποιεῖ.
832 3864 910 3929 Ηοο
938 3873 988 3931 est
1011 3866 1102 3950 quod
1122 3863 1360 3933 Choeroboseus

259 3959 339 4027 dicit
363 3960 459 4027 Orth.
480 3964 560 4041 277,
584 3963 614 4027 3.
638 3972 672 4027 et
695 3962 731 4027 in
751 3964 875 4029 Psalm.
893 3966 946 4044 27,
965 3962 1059 4031 29.‘
1039 3991 1061 4054 6
1085 3966 1180 4054 φωνὴ
1205 3966 1362 4033 συνέπειθε

256 4065 305 4147 τῷ
329 4062 561 4149 σημαινομὲνῳ
579 4072 679 4148 etque
697 4064 739 4128 ad
757 4063 838 4130 haee
856 4062 1007 4150 ὀνόματα
1023 4066 1267 4151 συμπάσχοντα
1283 4064 1364 4129 refert

258 4160 356 4226 etiem
373 4158 501 4250 χιράς.’
523 4166 690 4243 Duorum,
720 4188 804 4251 quae
830 4165 1066 4253 Theognostus
1092 4168 1273 4256 expromit,
1299 4160 1365 4253 6μί-

257 4282 371 4349 χυιρος
393 4274 425 4327 et
444 4260 679 4355 ἡμισόφοινιξ,
701 4266 797 4347 illud,
820 4268 849 4334 si
868 4270 990 4335 mendo
1008 4280 1113 4350 vocat,
1138 4281 1228 4337 eerte
1248 4270 1364 4355 linguae
