2825 4809
254 339 332 422 ιιι
438 381 442 390 ·
594 329 939 453 'nlssnnnsnto
966 342 1010 412 v.
1081 380 1107 390 -·
1163 374 1168 380 -

256 547 398 601 autnon
415 540 567 598 accurate
584 527 704 596 collata
720 527 897 596 λιιιλιτιιιιιιι
914 523 983 598 teo
1001 525 1095 594 κότισ
1115 533 1323 618 πετρῶνλρολ

254 637 320 704 lon.
339 636 427 701 Hist.
440 631 613 700 XXXVI.
629 630 688 696 85.
704 633 758 698 sd.
775 631 902 698 Tauch.
922 628 976 695 cui
997 630 1250 696 Westemmnus
1266 630 1325 698 sub-

254 738 360 806 stituit
382 732 543 804 ὐποκάτιι
569 743 606 799 nt
629 732 743 821 paullo
766 745 845 821 post
870 731 1022 798 scribitur
1047 727 1079 796 ολ
1106 725 1326 816 inspico-Vp·

253 865 337 908 τειιν
366 861 393 904 c.
420 835 628 903 XXXVIII.
654 833 708 900 85.
736 829 825 921 ὑπὲρ
852 827 985 901 ι’ὐνισνὶιι
1012 831 1086 898 cod.
1113 831 1238 896 Luciam
1260 834 1326 900 Diu

251 944 354 1012 Deor.
377 941 440 1008 [V.
464 940 495 1004 9.
521 932 598 1004 κατ’
626 931 775 1004 όπισθιν
801 938 836 1002 in
864 937 961 1002 codd.
988 932 1129 1020 loseph.
1149 935 1232 997 Antt.
1249 934 1326 999 Xlll.

248 1045 290 1123 ’4,
311 1043 385 1108 641.
416 1042 517 1126 (nunc
543 1031 754 1122 κατόπιν)’
733 1063 785 1106 αττ
829 1033 964 1104 ανιοθιν
992 1036 1109 1102 Galen.
1135 1036 1216 1122 Eup.
1234 1035 1332 1100 λλ..94“

252 1169 286 1234 p
308 1143 382 1210 469
407 1143 449 1208 Τ.
470 1139 568 1207 XIV.
597 1133 667 1206 οπο
691 1131 873 1206 ανοιθενῙ
896 1138 947 1215 16,
969 1137 1043 1202 387.
1072 1146 1106 1201 et
1132 1135 1326 1202 binium

251 1249 287 1326 ἐς
309 1241 461 1331 πρόσθεν
482 1239 594 1310 Schol.
615 1241 696 1306 Eur.
717 1241 801 1304 Hec.
823 1239 897 1306 961.
921 1236 1200 1324 ε’ξὲμπροσθεν
1191 1263 1223 1302 m
1239 1239 1324 1304 LXX

248 1349 335 1434 ῥέων
358 1343 407 1424 εἷς
430 1337 565 1412 temese
586 1341 707 1410 Libum.
729 1341 825 1406 Decl.
847 1341 889 1408 Τ.
911 1341 939 1405 Ι.
961 1339 1036 1406 399.
1063 1339 1129 1405 nisi
1154 1340 1182 1404 is
1205 1329 1246 1416 εἷς
1265 1343 1325 1404 inli-

250 1451 338 1516 oisuo
364 1443 511 1532 scripsit,
539 1443 630 1529 quod
652 1444 806 1510 convenit
826 1441 1039 1565 sequentibus
1063 1435 1139 1508 ελτα
1158 1438 1254 1524 τιμιλν
1268 1435 1324 1505 λιι

248 1547 307 1616 τὸν
327 1542 526 1634 περιβάλλει
549 1547 588 1611 τὸ
610 1543 743 1629 ριορόον.
786 1539 887 1622 Βύς’
869 1540 981 1612 οπίσισ
1005 1542 1122 1625 Quint.
1145 1541 1203 1609 VI.
1221 1541 1322 1606 colat

249 1648 382 1716 solitum
402 1646 565 1714 revocavit
582 1645 746 1732 Koechly.
788 1645 830 1710 In
851 1646 891 1710 ll.
907 1646 954 1711 Χ.
971 1646 1044 1711 973.
1067 1644 1206 1729 λιπέτην
1225 1645 1255 1710 δὲ
1266 1635 1319 1708 τοτ’

247 1747 375 1820 αὐτόθι
409 1746 539 1828 πάντας
574 1747 609 1814 id
641 1755 692 1814 est
729 1747 948 1832 κατιλιπέτην
982 1747 1160 1812 nonnullos
1196 1745 1319 1831 scripsisse

145 1906 149 1914 ,
247 1849 435 1919 καταυτόθι
458 1861 595 1938 apparet
621 1871 640 1914 e
662 1847 774 1916 Senot.
796 1847 884 1934 φασὶ
903 1850 1085 1933 παρέλκειν
1106 1848 1170 1936 τὴν
1189 1843 1323 1929 πρόθεσιν,

247 1952 301 2022 (lto
333 1947 513 2042 φυλάσσειν
540 1949 598 2018 τόν
622 1948 729 2016 τόνον.
771 1949 917 2016 Wolfins
945 1961 978 2015 ct
1006 1949 1059 2016 hic
1089 1947 1326 2036 praepositionem

245 2053 423 2142 separatim
450 2053 582 2142 scripsit
609 2059 641 2118 ct
662 2048 765 2118 XXI.
788 2049 841 2116 90.
869 2052 965 2118 τόνδε
991 2076 1056 2117 κατ
1095 2047 1224 2116 αὐτόθι
1236 2051 1326 2120 λιῐπει,
1382 2130 1383 2137 ¹

246 2154 390 2240 itemque
416 2153 595 2221 Wcllauer.
619 2151 739 2240 Apoll.
766 2152 795 2218 1.
825 2152 918 2220 1356.
949 2146 1028 2216 κατ’
1062 2145 1195 2218 αὐτόθι
1217 2140 1328 2214 νόσσιιο
1382 2150 1383 2171 λ

246 2257 389 2335 παῖδας,
410 2257 469 2321 scd
481 2254 650 2322 Theocriti
668 2251 812 2320 editores
828 2253 997 2320 ιιοιόιιίιιιι
986 2253 1128 2327 ‘.XXV
1145 2251 1214 2317 154.
1226 2246 1329 2315 λιπόντε

244 2353 474 2423 καταιτόθι’
455 2352 578 2443 opponis
594 2358 819 2444 praetulerunt
837 2357 1011 2442 disjuncto,
1030 2365 1063 2421 et
1077 2354 1232 2439 Koechly
1243 2350 1332 2434 Quint

169 2499 172 2504 -
244 2457 328 2524 XII.
355 2457 429 2522 348.
458 2458 542 2524 adeo
576 2469 689 2524 contra
721 2458 819 2524 codd.
850 2456 1040 2524 καταυτόθι
1068 2452 1333 2542 piperno-scripsit.

243 2559 389 2626 Rectene
415 2581 457 2624 an
478 2582 572 2626 scens
590 2561 646 2626 vix
664 2559 839 2646 quisquam
859 2558 1083 2635 arbitrabitur3
1112 2579 1221 2642 neque
1240 2552 1334 2620 certius

244 2669 295 2727 est
315 2660 513 2746 primitivum
537 2663 605 2729 Od.
625 2661 672 2728 X.
694 2661 769 2729 567.
794 2656 945 2744 ἑζόμενοι
967 2661 1005 2727 δὲ
1027 2654 1102 2726 κατ’
1126 2652 1223 2736 aion,
1244 2654 1334 2741 Apoll·

242 2761 289 2828 11.
315 2762 389 2828 598.
419 2757 495 2828 κατ’
525 2757 609 2832 αὐθι
623 2762 770 2852 ριόρινον.
814 2761 894 2830 -Ubi
924 2785 1002 2828 vero
1034 2762 1161 2828 nullum
1191 2754 1336 2825 intercedit

243 2863 404 2949 ejusmodi
431 2863 566 2931 verbum
599 2865 690 2951 quod
720 2887 795 2932 cum
824 2864 1070 2952 praepositione
1101 2873 1180 2950 apte
1207 2856 1336 2945 componi

241 2966 361 3052 possit,
383 2966 499 3032 morito
518 2965 677 3052 probatur
699 2966 904 3052 conjunctioz
927 2963 1112 3032 καταυτόθι
1136 2963 1254 3043 τέτμον
1272 2955 1336 3025 iisn-

240 3091 302 3133 ιιτοι
323 3067 510 3154 Aponus.
528 3067 601 3133 537.
623 3063 811 3135 καταυτόθι
834 3062 1011 3153 δράγματα
1032 3070 1141 3131 κεῖται
1163 3064 1273 3146 Quint.
1284 3060 1335 3124 111.

239 3167 313 3233 376.
335 3173 426 3235 κεῖτο
448 3163 647 3254 παραντόθι
669 3167 730 3236 VI.
746 3167 822 3232 440.
844 3167 998 3251 idemque
1021 3167 1175 3232 convenit
1195 3166 1234 3230 11.
1253 3161 1335 3229 XXI.

239 3268 313 3334 344.
337 3268 448 3350 νεκροὶ
471 3270 508 3338 οἵ
526 3275 569 3356 ῥα
591 3264 665 3336 κατ’
690 3263 814 3335 αὐτόθ’
837 3266 915 3346 ἅλις
939 3267 1034 3346 ἔσαν,
1062 3267 1183 3352 quibus
1208 3263 1336 3332 omnibus

237 3369 319 3436 locis
348 3369 445 3434 codd.
477 3380 510 3436 et
538 3369 613 3436 cdd.
641 3368 775 3435 vailant.
824 3369 867 3438 Oi
898 3369 933 3436 ἐν
965 3366 1089 3436 αὐτόθι
1119 3364 1254 3452 ἄνδρες,
1284 3385 1337 3449 quo

239 3470 350 3539 Sohol.
371 3471 485 3558 Apoll.
508 3472 555 3538 Π.
577 3471 650 3544 905.
676 3472 793 3552 utitur,
806 3472 1019 3542 .Schaeierus
1046 3495 1082 3558 p.
1098 3471 1175 3536 900.
1201 3469 1261 3537 hoc
1283 3487 1334 3530 uno

238 3572 388 3659 exemplo
421 3596 489 3640 non
519 3575 597 3641 satis
630 3575 792 3642 Ειιιιιιιιιω
822 3583 939 3662 putat..
967 3572 1134 3655 'Ceterum
1167 3566 1287 3638 αὐτόθι
1312 3577 1337 3629 et

237 3669 381 3742 αὐτόθεν
402 3697 423 3739 ιι
442 3672 603 3764 τηλόθεν,
624 3671 749 3762 τηλόθι
776 3687 811 3742 et
836 3674 995 3742 similibus
1018 3674 1174 3740 differunt
1197 3693 1239 3738 eo
1262 3665 1334 3753 quod

237 3798 258 3840 a
279 3775 462 3842 casualibus
486 3774 629 3842 derivata
651 3787 726 3842 sunt
749 3788 787 3842 nt
814 3771 1014 3864 οὐρανόθεν,
1038 3775 1218 3862 Τροίηθεν.
1257 3771 1335 3836 flam

236 3896 256 3941 a
282 3877 599 3969 praepositionibus,
633 3893 715 3963 quas
747 3878 1007 3964 subsequuntur,
1040 3875 1163 4000 ubique
1193 3875 1333 3959 disjuncta

234 3977 372 4064 legimus
409 4004 477 4046 non
515 3981 620 4048 solum
659 3979 826 4048 homerica
864 3981 924 4046 scd
958 3979 1058 4044 etiam
1095 3977 1132 4044 ἐκ
1163 3975 1334 4087 πριόραθιν

235 4077 375 4150 Theou.
397 4082 550 4152 XXVII.
569 4083 620 4150 11.
637 4074 714 4150 ὐπὸ
736 4079 922 4204 πριόραθιν
943 4080 1060 4163 Quint.
1075 4080 1174 4148 XIV.
1192 4067 1300 4144 378.’
1282 4063 1332 4138 αι’

234 4174 418 4260 οὐρανόθεν
450 4185 558 4272 Orph.
590 4181 681 4250 Ιιλιλι.
708 4183 783 4249 940.
816 4181 854 4247 ἐκ
879 4177 1011 4248 Διόθεν
1040 4183 1124 4247 Hcs.
1156 4181 1248 4268 Opp.
1274 4173 1333 4240 763.

234 4272 273 4352 ἕξ
290 4271 455 4368 Ἀργόθεν
483 4285 636 4374 Soph.
619 4310 667 4352 εκ
685 4280 859 4350 παιδιόθεν
883 4283 1008 4350 Julian.
1035 4283 1143 4370 Epist.
1166 4273 1330 4347 LXXVII
