2825 4809
230 354 282 447 <rs
318 354 337 413 f
372 353 378 359 ’
598 346 919 435 orssnarnrro
950 362 979 429 1.

233 542 360 645 ρεοδοι
384 552 465 620 uM.
492 550 567 629 423,
599 550 630 617 b.
661 572 803 639 parsque
827 534 912 617 lacie
939 548 990 613 his
1017 546 1163 631 subjecta
1190 536 1356 627 παρῆιον,

231 658 287 725 cui
311 654 589 745 praepositionem
609 654 750 719 detraxit
759 652 947 739 Hesychius
959 645 1059 717 ’Ἡιον
1078 642 1205 732 παροιὰ
1229 639 1251 729 ἢ
1273 635 1358 724 γνοῖ·

231 767 309 841 θος.
351 757 440 823 Hinc
463 764 727 843 argumentamur
751 752 861 843 ἧιδνες
882 766 915 819 et
938 751 1102 837 antiquius
1122 741 1191 836 ’ἤια
1214 740 1358 832 proprie

232 860 419 948 significare
442 856 689 936 ambulationes,
711 868 853 936 meatus,
877 858 937 921 sed
958 854 1136 944 praecipue
1156 848 1246 934 ripas
1271 864 1358 930 spa-

233 946 341 1030 ciosae
371 973 403 1028 et
430 980 600 1038 amoenas,
640 961 752 1045 quales
782 959 898 1026 Cicero
933 960 1160 1026 ambulationes
1188 944 1360 1020 ἁλιτενεῖς

232 1072 344 1143 boeot,
367 1073 401 1129 et
424 1061 466 1128 ab
488 1062 552 1129 hoo
574 1072 690 1129 neutro
712 1071 839 1151 poetas,
863 1062 920 1146 qui
942 1056 1086 1149 ἦιονόεις
1104 1050 1213 1120 versui
1235 1058 1360 1136 aptare

230 1180 302 1233 ‘non
338 1175 491 1253 possent,
526 1165 688 1231 derivasse
721 1159 882 1253 ἧιόειςί).
935 1161 1087 1227 Alterum
1117 1166 1167 1222 est
1193 1149 1361 1217 heroinae

234 1285 355 1337 nomen
373 1255 545 1354 Ἠερίβοια
565 1260 634 1333 ἀπὸ
658 1270 719 1354 τῆς
741 1260 815 1357 ἠέρι
838 1267 972 1348 δοτικῆς
989 1258 1009 1349 ἡ
1028 1256 1127 1344 ἇέρια
1147 1255 1202 1322 καί
1220 1248 1362 1336 μεγάλα

234 1370 351 1457 βοῶσα
376 1363 511 1457 ἢπαρδί
531 1368 567 1433 οδ
593 1367 645 1452 ἔρι’
668 1362 862 1433 intrerteda
881 1365 962 1430 EM.
978 1363 1052 1440 421,
1064 1361 1116 1426 30.
1159 1359 1236 1421 Hoc
1254 1355 1362 1419 Butt-

235 1482 372 1537 mbnuns
402 1468 608 1556 amplectitur
635 1467 744 1533 Lexil.
776 1467 804 1530 I.
834 1467 905 1531 148.
930 1462 1104 1553 ’Περίβοια
1133 1482 1173 1525 ex
1202 1455 1364 1541 ἑερίβοια

235 1580 343 1639 ertum
369 1569 551 1635 arbitratus.
603 1570 650 1633 At
679 1568 761 1633 haec
785 1567 945 1655 epectasis
973 1564 1151 1654 particulae
1175 1556 1367 1624 intentivae

235 1664 442 1763 ignotissima
467 1682 533 1748 est,
566 1692 673 1755 neque
702 1670 883 1755 quidquem
906 1668 1044 1735 efficitur
1064 1690 1104 1731 eo
1127 1657 1367 1749 quodAjacia

234 1786 373 1840 matrem
398 1766 452 1837 ulii
475 1768 666 1858 Ἠερίβοιαν
693 1781 830 1848 vocant,
862 1772 916 1836 alii
933 1768 1099 1858 Ἐρίβοιαν
1119 1790 1150 1831 v.
1175 1764 1219 1828 ad
1238 1763 1298 1846 Aj.
1326 1782 1367 1844 p·

236 1864 310 1943 285.
340 1888 482 1959 namque
512 1872 645 1951 nomine
677 1872 829 1961 propria*
844 1872 977 1938 heroica
1005 1867 1196 1957 praesertim
1221 1864 1267 1929 ad
1298 1882 1373 1925 sua

237 1977 379 2061 quisque
407 1974 500 2039 libita
528 1974 632 2061 fingit.
682 1976 737 2041 De
760 1969 907 2061 Ἐρίβοια
937 1973 1073 2038 dubium
1100 1979 1150 2035 est
1175 1978 1289 2033 utrum
1313 1962 1373 2027 sic

237 2086 274 2143 ut
294 2076 507 2141 masculinam
537 2074 673 2162 δριβόος
692 2075 971 2163 interpretandum
995 2075 1037 2139 sit
1059 2096 1102 2138 en
1124 2082 1162 2137 ut
1181 2068 1374 2153 mulierum

236 2178 370 2243 uomina
386 2174 618 2261 Ἀῖφεσίβοια
640 2170 779 2257 Είίβοια,
803 2175 986 2258 Πολύβοια.
1031 2175 1101 2243 Sed
1115 2171 1294 2257 Ἠερίβοια
1316 2167 1376 2231 sic

237 2278 304 2343 dici
325 2276 453 2341 videtur
470 2284 507 2339 ut
524 2297 703 2361 praecones
719 2274 874 2341 homerici
894 2274 1094 2364 ἧιρδφωνοι,
1118 2273 1209 2359 quod
1229 2270 1261 2335 si
1283 2269 1375 2355 quis

237 2375 407 2445 mullerem
428 2397 496 2442 non
518 2376 695 2441 admodum
716 2376 892 2442 clamosam
914 2378 1073 2443 dedecere
1088 2374 1227 2461 judicet,
1250 2394 1378 2437 reme-

235 2480 329 2545 'dlum
351 2490 372 2543 a
392 2479 582 2565 pleonasmo
606 2477 689 2543 sumi
710 2488 829 2564 potest.
874 2478 1162 2560 Quemadmodum
1184 2475 1275 2541 enim
1299 2496 1377 2559 pro

237 2579 334 2671 ἥλιος
365 2580 483 2645 dicitur
513 2576 641 2668 ἠέλιος,
670 2580 717 2643 ita
742 2580 881 2645 sonasse
899 2577 1070 2666 Ἠερίβοια
1093 2602 1154 2667 pro
1177 2572 1310 2665 ἧριβόη
1338 2575 1384 2638 id

236 2690 289 2747 bit
319 2676 496 2768 δρδροβιίη
527 2680 579 2744 vel
608 2676 781 2765 δρίίρογδη
811 2682 878 2747 sive
906 2679 999 2766 γόοις
1029 2676 1247 2769 ὀρθρεύουοα
1278 2678 1381 2742 Eur.

238 2772 357 2867 suppl.
383 2780 456 2845 977.
499 2778 687 2865 Hesychius
712 2780 823 2865 adjicit
835 2776 972 2859 ’Ήειδος
992 2788 1110 2865 πνῖγος
1131 2780 1167 2844 id
1186 2786 1237 2843 est
1260 2770 1384 2855 εἶδος,

238 2882 331 2968 quod
355 2882 454 2967 vulgo
475 2873 549 2958 ίδος
574 2880 733 2959 scribitur,
756 2883 816 2947 sed
836 2891 1024 2969 corruptum
1041 2881 1171 2945 videtur
1188 2889 1227 2943 ut
1238 2879 1384 2965 paullo

236 2976 495 3070 'sente'llplpswc
519 2976 640 3067 δνδρδς
662 2978 789 3061 ξόανον.

323 3087 350 3169 l.
374 3084 405 3148 2.
449 3083 630 3151 Videamus
651 3104 739 3147 nunc
766 3106 832 3167 quo
848 3084 923 3168 jure
948 3092 1001 3148 eta
1021 3084 1177 3149 consonis
1200 3084 1389 3170 anteponi

239 3184 452 3260 contendant3
482 3178 579 3268 ἠθεῖε
611 3180 679 3251 sind
712 3188 770 3250 τοῦ
800 3192 896 3262 θεῖος
926 3180 1000 3249 κατ’
1032 3184 1212 3251 inlabatur
1241 3184 1389 3271 (πρός-

239 3284 350 3363 θισιν)
380 3286 439 3347 τοῦ
468 3270 562 3366 pois
590 3282 627 3349 εδ
655 3279 792 3371 ἠβαιός,
822 3279 917 3371 ἦμδιο
946 3284 1024 3351 Sch.
1052 3286 1166 3371 Apoll.
1192 3285 1241 3349 Π.
1270 3287 1389 3352 1219.

239 3378 335 3467 ἦμύιο
366 3373 402 3445 ἐκ
428 3383 488 3446 τοῦ
514 3378 587 3461 μύω
608 3384 810 3469 πλεονασμῷ
829 3388 890 3449 τοῦ
910 3374 936 3471 ἦ
955 3381 1132 3463 Ἡσίοδος·
1161 3387 1308 3466 {molid
1349 3385 1388 3455 δ’

241 3478 310 3547 διεδ
334 3480 470 3562 χλιαρῶν
492 3478 652 3564 δενδρέων
680 3476 828 3562 babone
847 3481 1030 3569 χείμοζεῖ).
1063 3485 1196 3576 Ὥςπερ
1218 3486 1260 3553 εδ
1286 3512 1393 3553 στα-

240 3578 300 3665 φίς
326 3578 450 3663 γίνεται
479 3573 623 3665 δ’σιαφις
654 3579 711 3646 καί
740 3574 887 3669 δίοταφις
909 3585 994 3653 κατὰ
1017 3586 1231 3671 πλεονασμὸν
1256 3577 1394 3657 aab}

311 3776 340 3844 l)
358 3776 539 3833 Homericum
557 3778 680 3833 dativum
698 3776 799 3849 ἡιδενιι
814 3782 973 3855 Hesychius
993 3788 1073 3857 (post
1085 3784 1255 3859 Ἢιχθήνην)
1278 3790 1395 3848 inter·

240 3866 367 3931 pretatur
378 3859 516 3933 ἆφροίδει,
530 3882 586 3919 non
600 3882 637 3919 ex
649 3870 741 3936 etymo
754 3871 805 3923 sed
816 3869 883 3939 quia
894 3872 976 3927 multi
988 3872 1066 3927 fluvii
1080 3880 1200 3946 ιραιιιεί
1212 3889 1397 3947 vocantur,

240 3945 295 4001 nisi
307 3944 399 4017 potius
411 3944 551 4021 ὀφρυοίδει
565 3950 691 4022 scripsit;
716 3970 781 4007 nam
798 3952 898 4030 ὀφρύς,
917 3952 1003 4029 ὄχθη,
1017 3957 1096 4028 ἠιιίν,
1114 3978 1262 4032 persaepe
1281 3982 1397 4036 syno-

241 4049 324 4103 nyma
340 4040 413 4085 sunt.

309 4122 337 4186 2)
351 4119 463 4189 Fragm.
476 4116 674 4175 Marcuseheff.
690 4140 719 4193 p.
732 4124 791 4180 380.
816 4125 983 4197 subjectum
1000 4137 1044 4183 est
1062 4130 1144 4204 ἔρνεα
1160 4137 1193 4183 nt
1212 4128 1243 4184 in
1264 4133 1396 4206 Apoll.

241 4198 294 4275 m.
311 4202 386 4258 rusb.
405 4204 726 4277 ἔρνεα-κατημύουσιν
741 4210 832 4279 ἔραζε,
851 4209 975 4268 Theocr.
989 4212 1053 4268 VH.
1071 4217 1129 4268 145.
1150 4212 1279 4285 δρπαιιες
1299 4228 1400 4293 βρα-

241 4281 346 4355 βίλοισι
364 4295 577 4367 καιαβρίθοντις
593 4291 678 4365 ἔραζε.
699 4292 795 4347 Romi
804 4299 935 4367 pondere
947 4306 1057 4357 natant
1073 4299 1159 4355 Orid.
1170 4300 1238 4354 ‘Art
1250 4300 1293 4357 11.
1310 4306 1398 4361 263.
