2825 4809
139 368 207 436 DE
228 367 499 436 PROSTHESI
519 367 582 436 ET
603 369 869 438 APHAERESI.
898 369 938 436 Ο.
953 370 997 438 V.
1016 372 1042 456 ξ.
1055 370 1085 436 1.
1129 374 1178 449 77

65 553 203 641 positas,
227 577 310 639 quas
333 555 447 621 Latini
471 553 606 621 diversis
630 553 817 641 significant
836 555 1023 621 nominibus
1044 578 1128 641 ρτκν
1147 567 1181 623 et

61 658 181 741 poples,
206 656 328 723 Graeci
349 679 417 722 non
435 657 554 723 iisdem
575 657 635 723 sed
657 656 816 723 similibus
836 658 1007 746 appellant
1026 656 1104 745 γόνυ
1125 659 1182 728 καὶ

65 757 95 823 νύ
122 754 272 825 κατόπιν
293 754 387 844 ἶγνύα
413 754 434 846 ἢ
455 754 580 845 ἀγκύλη
611 760 755 846 (annale)
783 761 900 828 Galen.
924 762 1016 847 Isag.
1036 761 1084 827 X.
1107 761 1180 828 708.

65 858 100 923 T.
129 857 234 925 XIV.
271 883 409 945 quorum
433 860 526 926 alteri
547 858 641 944 γνύξ,
667 861 760 925 alteri
785 859 944 946 ἴγνυσθαι
972 862 1116 952 apposui
1137 863 1182 927 ad

63 962 255 1027 Buttmann.
278 961 329 1026 68.
349 972 416 1027 not.
438 985 469 1027 v.
491 960 616 1027 Techn.
639 964 713 1028 207.
737 973 770 1027 et
789 964 862 1029 209.
904 965 952 1031 Et
972 962 1091 1046 ἲμαλιά
1114 965 1181 1031 sive
1291 947 1297 971 ‘

65 1059 190 1143 ἱμαλύς,
227 1064 320 1147 quod
351 1063 597 1151 Lexicographi
638 1065 804 1151 explicant
834 1063 870 1131 τό
902 1062 1084 1151 ἐπίμετρον
1115 1069 1183 1131 τῶν

64 1157 224 1251 ἀλεύρων,
246 1165 358 1231 nescio
377 1188 420 1229 an
439 1166 484 1230 ad
503 1167 670 1253 μάλναρον
693 1166 866 1253 pertineat.
895 1161 1101 1247 Ἴσχαλιύσαν
1118 1173 1182 1254 {tp-

63 1260 159 1331 λύσαι
182 1264 351 1351 Hesychii
380 1267 573 1354 interpretes
602 1267 774 1333 confenmt
795 1290 870 1333 cum
890 1264 1051 1348 Σχαλίσαι
1072 1266 1182 1354 θηλύ-

65 1388 131 1439 ναι,
162 1390 207 1433 ac
235 1368 375 1435 fortasse
403 1369 532 1453 utrique
558 1390 730 1435 commune
753 1369 998 1435 fundamentum
1020 1378 1071 1433 est
1090 1374 1182 1455 σχᾷν,

63 1464 210 1549 σχάζειν,
239 1473 521 1559 xuip'rv‚·nsmque
543 1470 645 1537 ubera
664 1472 750 1537 lacto
773 1471 914 1537 distenta
933 1469 1111 1555 mulgendo
1132 1470 1182 1535 la·
1219 1499 1222 1503 ⁴

63 1578 195 1646 xantum
229 1572 291 1636 sed
319 1571 353 1637 in
380 1573 460 1637 EM.
483 1597 516 1659 p.
541 1572 612 1651 739,
636 1573 688 1639 42.
710 1573 793 1638 illud
814 1573 908 1637 aliter
930 1571 1081 1638 scribitur
1103 1597 1183 1655 σχα·

64 1669 151 1736 λίσαι
174 1671 216 1738 τὸ
241 1671 396 1757 θηλύσαι
419 1684 451 1739 et
469 1698 529 1761 pro
544 1674 687 1752 lambda,
709 1676 801 1759 quod
817 1675 852 1739 in
867 1672 967 1740 verbo
988 1670 1183 1755 ἶσχαλεύσαι

64 1781 217 1856 apparet,
251 1774 339 1839 delta
367 1777 524 1843 successit
552 1776 587 1843 in
613 1777 773 1863 adjectivo
795 1772 972 1859 ἂνύσχαδας
985 1774 1020 1861 ⁹)
1048 1774 1112 1841 hoc
1133 1784 1185 1839 est

65 1865 278 1959 ἇθήλαστος,
303 1870 521 1965 ἆνήμελκτνς,
551 1873 684 1955 drosos,
708 1878 809 1963 idque
828 1876 864 1943 in
883 1877 964 1941 EM.
988 1875 1033 1940 ad
1054 1874 1183 1959 exedris

64 1972 201 2038 refertur
223 1986 362 2063 propter
384 1978 625 2045 similitudinem
647 1979 784 2045 melotus
811 1988 843 2043 et
863 1976 1069 2053 mellationis,
1092 1975 1182 2041 simi·

65 2074 203 2160 literque
229 2072 440 2163 ἀμέλγεσθαι
466 2080 564 2145 etism
588 2082 652 2147 mel
674 2082 808 2158 dicitur,
832 2102 901 2144 non
920 2079 973 2144 lac
1000 2078 1122 2155 solum,
1151 2087 1184 2141 et

63 2182 169 2258 promi
192 2182 294 2244 ubero
314 2179 427 2246 itidem
448 2183 602 2249 ut.mella
623 2182 690 2249 sive
713 2182 777 2247 iovi
796 2205 828 2247 v.
840 2180 966 2247 Techn.
978 2204 1013 2267 p.
1026 2181 1077 2246 14.
1104 2176 1182 2245 Θύω

65 2274 168 2356 trivo,
194 2274 286 2345 ἷθύω
310 2275 417 2349 ἰθύνω
442 2282 477 2347 in
506 2283 593 2350 hunc
608 2308 779 2351 numerum
795 2307 863 2350 non
881 2282 1077 2348 admiserim.
1108 2278 1184 2347 Etsi
1219 2296 1226 2303 ·

67 2378 150 2443 enim
164 2403 405 2467 nonnunquam
422 2384 457 2451 in
475 2388 614 2452 eundem
635 2387 744 2453 locum
766 2385 964 2453 conveniunt
983 2407 1045 2450 nec
1066 2403 1141 2449 raro
1164 2404 1185 2447 a

65 2483 205 2550 librariis
230 2486 368 2551 confusa
391 2498 467 2551 sunt
485 2510 515 2553 v.
541 2487 678 2557 Jacobs.
708 2488 751 2553 ad
770 2487 875 2553 Anth.
906 2511 939 2575 p.
970 2486 1041 2552 152.
1074 2496 1184 2549 tamen

67 2609 122 2651 sua
145 2588 270 2672 cuique
287 2588 422 2676 propria
437 2588 583 2676 potestas
604 2599 636 2656 et
654 2588 748 2677 origo
768 2591 896 2655 diversa
914 2599 980 2665 est3
1000 2585 1083 2652 illud
1099 2585 1186 2651 enim

67 2711 136 2753 omn
171 2688 261 2767 θοός
291 2690 409 2772 θοάζω
437 2690 603 2768 cohaeret,
631 2713 706 2757 cum
736 2686 815 2769 ἰθύς
840 2712 918 2757 vero
946 2686 1056 2755 ἰθύτνν
1078 2686 1187 2752 idest

68 2812 197 2855 cursum
221 2790 274 2855 vel
306 2792 539 2877 cogitationem
571 2793 681 2878 aliquo
705 2792 855 2878 dirigere.
905 2793 999 2869 Jam,
1034 2788 1185 2888 nequid

68 2892 325 2977 praetermittam
333 2942 346 2971 „
370 2893 451 2958 illud
478 2894 545 2960 iota
572 2894 662 2980 quod
690 2894 847 2959 nonnulla
874 2893 975 2959 verba
1000 2891 1036 2957 in
1056 2918 1097 2973 μι
1126 2912 1185 2955 ox-

69 2994 179 3059 euntia
207 2993 360 3072 inchoat,
390 2994 614 3081 prostheticon
642 2996 775 3082 quidem
804 3005 855 3061 est
883 2995 942 3061 sed
969 2995 1034 3059 slio
1053 2991 1186 3057 nomine

68 3093 260 3182 insignitur:
285 3090 602 3180 ἀναδιπλασιασμὸς
621 3098 744 3183 κυρίως
764 3093 852 3163 ἐστὶν
872 3095 955 3162 ὅταν
970 3095 1008 3161 τὸ
1030 3091 1106 3182 ἑξῆς
1127 3097 1186 3180 τῆς

69 3196 186 3273 λέξειας
209 3196 261 3273 δὶς
284 3193 321 3261 τὸ
338 3191 419 3263 αύτό
439 3195 618 3287 σύμφωνον
636 3189 896 3286 παραλαμβάνῃ,
919 3198 1187 3284 καταχρηστικῶς

70 3292 142 3362 did
168 3295 206 3375 ἐξ
228 3292 302 3373 ἑνὸς
320 3294 509 3385 φωνήεντος
532 3290 604 3365 οἷον
626 3288 653 3365 ὧ
673 3296 726 3377 to,
747 3302 816 3365 στῶ
836 3293 919 3363 ioasi
939 3298 1020 3365 EM.
1039 3294 1113 3373 477,
1131 3294 1185 3361 39.

75 3397 125 3479 qui
147 3419 210 3484 pro
236 3393 280 3463 ἶιῦ
301 3397 417 3465 afferre
439 3408 570 3485 poterat
592 3398 870 3465 accommodatius
892 3395 1048 3480 ἵπταμαι.

536 3670 639 3739 CAP.
668 3672 710 3742 V.

152 3804 154 3808 ’
263 3805 317 3881 Dc
339 3807 520 3906 prosthesr'
543 3823 579 3883 st
604 3811 794 3907 aphaererr'
815 3792 996 3887 tranei.

151 3976 175 4059 ξ.
200 3972 229 4039 1.
276 3972 467 4054 Vocalium,
504 3998 587 4062 quas
617 3974 681 4042 hoc
709 3999 857 4043 sermone
887 3979 1078 4065 complexus
1104 3999 1186 4056 sum,

79 4082 134 4139 tres
154 4076 355 4141 novissimae
380 4078 651 4163 significationem
673 4100 734 4166 per
755 4102 791 4145 se
818 4102 885 4145 non
913 4080 1098 4158 immutant,
1128 4080 1187 4145 sed

139 4244 167 4313 9)
178 4246 342 4317 Hesychius
357 4244 510 4317 Ἀνίψαλον
527 4245 632 4317 ἀβλαβῆ
650 4245 727 4330 παρὰ
748 4246 777 4304 τὸ
795 4252 879 4306 iuro·
897 4251 925 4304 αἱ
941 4249 972 4303 δὲ
989 4245 1095 4316 ἡλικίας
1111 4242 1189 4342 τύΙξνν

81 4326 156 4383 idest
168 4326 283 4402 ἄτοκον,
297 4329 479 4405 sriptum.
507 4331 649 4391 Videlicet
660 4334 812 4407 ancipitem
823 4335 910 4392 fuisse
922 4334 999 4391 vocis
1010 4332 1187 4407 scripturum.
