2825 4809
139 360 188 430 ss
204 350 455 425 rsosrrsssr
476 348 538 423 ss
561 352 826 425 Arnmsssr.
849 350 888 423 o.
900 350 947 421 11.
970 353 1038 442 §.s
1087 354 1138 433 ιι-

43 540 44 549 “
84 542 194 634 ἄγοντάς,
212 538 323 623 δῖστός.
369 542 438 610 Cur
454 536 562 609 autem
578 540 653 621 ἓίις,
676 541 738 609 etsi
755 541 884 629 epsilon
901 540 1139 628 pleonasticum

82 650 177 727 lubeat,
196 657 292 712 tamen
314 645 477 713 diversum
493 668 513 711 o
531 644 756 731 monosyllabo
779 654 948 713 occentum
964 646 1138 733 acceperit,

84 753 262 837 Theognostus
285 748 365 814 Can.
390 749 460 815 184.
483 747 567 816 hano
588 768 720 813 causam
741 747 834 812 affert
849 748 941 833 quod
953 750 1087 815 nomina
1105 748 1140 815 in

81 840 210 937 sl‘gquae
239 872 338 937 supra
364 849 522 935 syllabam
550 849 632 927 sint,
662 858 838 935 graventur
864 848 974 938 ἒράεις
999 846 1140 936 τιμήεις,

81 952 207 1042 participis
223 961 376 1017 acuantur
395 950 594 1030 τιθείς-παλ
623 950 680 1018 διὰ
701 954 802 1018 τοῦτο
826 948 865 1017 nl
889 943 938 1029 εἷς
960 945 1009 1029 εἷς
1027 950 1142 1017 droul-

79 1054 161 1141 λεβίαν
183 1054 340 1139 μετελδδν
367 1049 549 1136 βαρύνεται
576 1050 630 1118 ἵνα
656 1051 716 1141 τήν
743 1046 946 1140 ὀνοματικὴν
972 1050 1142 1137 oppeciere

81 1152 212 1245 δπαρήνρ·
239 1152 344 1232 οῦτως
361 1150 567 1237 Ἡρωδιανὸς
595 1152 629 1220 ἐν
650 1158 699 1241 τῷ
727 1152 808 1239 περὶ
830 1150 1089 1237 μονοσαλλάβων
1107 1173 1139 1217 v.

79 1258 158 1324 lehn.
184 1256 225 1323 sd
253 1256 379 1321 Herod.
412 1278 445 1341 p.
477 1253 529 1320 59.
585 1253 670 1321 Cum
699 1252 766 1333 λἐις
792 1264 929 1342 propter
959 1254 1142 1341 pleonasmi

80 1360 180 1447 speciem
197 1359 229 1425 in
249 1359 359 1447 Epim.
384 1359 412 1422 1.
434 1356 508 1435 446,
532 1356 581 1423 11.
605 1356 770 1423 confertur
789 1356 952 1442 genitivus
973 1357 1142 1443 pronomi-

77 1461 197 1547 πἀλιρςῖεῐ
205 1460 427 1548 imperfectum
446 1456 502 1548 ῦήν
516 1460 721 1547 πλεονασμῷ
740 1444 842 1526 παῦε
862 1463 1049 1549 ποιητικῶς
1060 1455 1140 1524 ΕΜ.

78 1566 128 1641 311,
150 1563 197 1630 56.
225 1574 322 1649 atque
350 1562 434 1627 adeo
464 1560 685 1645 subjunctivus
716 1559 755 1651 ἔρ
778 1560 859 1638 581,
889 1562 942 1626 84.
968 1569 1143 1645 utrumque
1243 1586 1248 1598 ·

76 1667 136 1743 islo,
155 1688 222 1730 nam
244 1664 375 1751 epsilon
397 1663 440 1728 ad
465 1662 681 1729 substantiam
701 1663 792 1729 verbi
814 1661 964 1751 pertinet.
1008 1661 1144 1729 Certum

77 1790 124 1833 uro
141 1778 182 1832 cst
200 1768 433 1836 incrementum
452 1766 654 1853 pronominis
677 1766 860 1853 personalis
888 1788 957 1830 non
983 1766 1088 1831 solum
1107 1766 1143 1830 in

77 1880 153 1953 quarto
171 1892 244 1935 casu
265 1868 445 1935 sedetiam
465 1868 499 1933 in
521 1870 666 1935 secundo
690 1879 724 1936 et
746 1869 857 1947 tertio,
880 1888 1019 1953 quorum
1038 1868 1145 1932 neutri

77 1972 185 2037 convenit
215 1970 353 2057 diplosis
390 1970 431 2035 ab
458 1970 639 2059 Apollonio
671 1971 809 2059 explosa
839 1971 861 2035 l.
889 1991 917 2035 c.
946 1964 1145 2057 δπόψαχρόν

76 2073 118 2140 ἐστι
132 2072 163 2140 cd
185 2074 289 2159 λέγειν
313 2068 358 2150 ὡς
382 2070 634 2161 ἐδιπλασιάσδιρ
656 2073 695 2141 τὸ
719 2070 762 2142 λε’.
792 2072 1024 2139 Pleonasmum
1038 2078 1145 2136 ratum

74 2174 122 2241 lacit
134 2174 333 2241 Herodianus
355 2174 395 2239 Il.
425 2172 508 2239 XX.
533 2173 604 2239 171.
634 2170 654 2263 ή
683 2174 718 2242 δέ
743 2167 933 2257 ἀντωνυμία
962 2169 1146 2241 ἐπλεόνασε

75 2270 120 2341 κατ’
147 2270 241 2363 ἀρχήν
271 2276 384 2363 ὥςπερ
414 2274 475 2343 ἐπὶ
494 2278 554 2343 τοῦ
577 2270 645 2354 ἑόν,
667 2271 735 2355 δοῦ,
761 2272 806 2364 ἑῷ
828 2284 862 2340 et
881 2272 959 2343 Soli.
981 2273 1095 2361 Apoll.
1117 2274 1144 2340 1.

75 2376 135 2442 1032.
154 2376 188 2445 τδ
211 2374 280 2446 icio
304 2376 452 2445 ἐνταῦθα
473 2372 668 2461 ἷσοδαναμεῖ
688 2381 737 2467 τρῦ
757 2373 878 2443 ἑαυτοῦ
894 2373 1147 2468 πρσςλνρπτιιιδν

74 2475 206 2562 λεγόμενον
231 2485 306 2557 τοῖς
334 2479 496 2555 παλαιοῖς
522 2477 585 2544 hoo
611 2489 660 2544 est
681 2479 892 2546 assumtivum
913 2477 1025 2564 epsili‚
1055 2477 1147 2564 quod

72 2576 121 2645 linc
143 2579 261 2646 nmsiic
289 2580 333 2645 ad
358 2600 539 2666 pronomen
563 2581 710 2665 ejusdem
735 2603 897 2669 personae
924 2580 1147 2668 possessivum

73 2675 112 2757 ἑός.
150 2682 315 2759 Diueresis
341 2702 418 2747 vero
448 2682 653 2767 adjudicatur
679 2684 769 2775 affini
796 2682 925 2772 generi3
958 2682 1002 2749 τὰ
1031 2675 1147 2770 εἰρδρα

72 2780 257 2868 διαιροῦνται,
288 2780 324 2850 oi
354 2783 392 2850 δὲ
419 2778 620 2867 άντωννμίαι
650 2781 872 2867 πλεονάζοντι
901 2782 1146 2852 Sch.Vies11.

72 2880 175 2951 11315.
195 2886 277 2951 ΕΜ.
301 2883 373 2962 614,
394 2884 447 2949 40.
486 2885 580 2952 Sicut
594 2906 671 2953 vero
691 2887 922 2974 pronominum
938 2884 1147 2972 pleonasmus

71 3004 112 3049 uro
132 2986 181 3052 illo
209 2986 397 3053 continetur
425 3006 545 3073 genere
576 2982 647 3063 ἑοῦ,
678 2984 742 3065 ἑοῖ,
766 2984 809 3067 ss,
835 2986 882 3077 sio
905 2986 1060 3052 diaeresis
1081 3008 1148 3051 uno

71 3085 161 3153 sriculi
180 3088 391 3176 postpositivi
413 3106 492 3155 casu
514 3088 627 3153 nititur
648 3088 804 3175 genitivo,
826 3098 860 3154 et
882 3088 977 3174 hujus
995 3111 1062 3155 non
1078 3110 1147 3153 arn·

70 3186 127 3269 plius
146 3212 239 3275 quam
262 3192 330 3256 duo
353 3191 501 3278 exempla
523 3190 690 3269 habemus,
711 3213 814 3257 unum
833 3190 1003 3257 masculini
1020 3191 1150 3278 generis

71 3287 93 3353 ul
109 3288 159 3358 ὅου
179 3288 217 3359 οὔ
235 3292 449 3377 πλεονασμὸς
466 3288 551 3359 άλλά
568 3292 748 3380 διαίρεσις·
771 3290 803 3360 εἰ
824 3292 887 3380 γὰρ
902 3292 987 3361 κατὰ
1005 3294 1151 3362 πλεονα-

71 3392 125 3471 σμὸν
144 3393 285 3481 ἐγένετο,
314 3388 458 3483 ὤφειλεν
480 3388 575 3477 ελναιΙ
588 3391 844 3480 περισπώμενον
871 3390 949 3461 δοῦ·
976 3394 1065 3478 λέγει
1086 3394 1150 3483 γάρ

68 3486 235 3580 Ἡρωδιανὸς
263 3496 319 3564 ὅτε
347 3491 364 3561 δ
393 3494 605 3577 πλεονασμὸς
631 3494 690 3563 τὸν
720 3490 844 3563 οἰκεῖον
865 3491 960 3561 τόνον
981 3490 1151 3580 φυλάττει,

70 3588 154 3677 ὥρακα
186 3593 340 3686 ἑώρακα,
369 3595 508 3684 ἥνδανεν
536 3590 690 3683 ἑήνδανε,
721 3592 863 3673 ἐείκοσι,
886 3591 905 3682 ή
928 3595 965 3668 δὲ
987 3595 1153 3682 διαίρεσις

72 3690 226 3765 διαλλάττει
241 3698 330 3765 ΕΜ.
358 3698 381 3761 l.
410 3719 437 3763 c.
464 3696 575 3782 Epim.
606 3696 635 3762 1.
659 3696 736 3774 316,
764 3697 814 3761 18.
847 3696 983 3763 αδεσποτα
1004 3698 1150 3765 feminini

69 3792 93 3858 ιδ
110 3794 155 3883 ipe
174 3797 333 3889 διῄρηται
355 3793 401 3877 ὡς
421 3796 460 3865 τδ
483 3796 545 3865 ὅσα
567 3797 643 3865 seh.
667 3799 753 3866 Viot.
778 3798 818 3863 Il.
844 3799 941 3866 XVI.
968 3800 1041 3866 208.
1074 3802 1152 3867 Una

72 3890 150 3977 igitur,
171 3922 236 3984 qua
261 3898 344 3965 duae
366 3898 555 3964 affectiones
579 3890 791 3965 discriminuri
813 3900 957 3987 possint,
986 3913 1065 3966 nota
1084 3912 1150 3966 tra-

72 3994 131 4061 ditur
153 4010 304 4067 accentus
330 4011 363 4065 et
387 4000 473 4065 hunc
496 4000 631 4067 dubium
652 4002 761 4067 reddit
781 4002 894 4067 raritas
918 4002 1149 4089 exemplorum.

71 4093 154 4165 Hodie
173 4112 280 4171 tamen
300 4104 383 4169 fixus
405 4114 559 4188 ratusque
589 4114 638 4169 cst
665 4104 700 4168 in
724 4114 864 4191 utroque
884 4126 1005 4191 genere
1027 4115 1060 4169 et
1080 4125 1150 4170 cre·

72 4194 156 4267 dumus
181 4204 258 4269 lieet
284 4228 358 4271 eum
379 4206 570 4290 jamsmulto
599 4214 673 4271 ante
694 4205 863 4291 signorum
881 4203 1152 4291 prosodiacorum

71 4293 260 4373 inventionem
286 4305 319 4375 in
347 4306 468 4376 scholis
497 4329 557 4396 per
581 4329 697 4373 manus
717 4306 871 4375 traditum
887 4324 1058 4391 uocesque
1072 4306 1151 4377 illu
