2825 4809
276 307 352 388 oro
634 301 955 418 ousnnreuo
985 307 1028 380 v.

137 501 143 512 “
274 507 392 566 wrote
419 493 559 584 duplici,
591 517 667 562 num
693 495 728 562 in
757 491 888 578 εἷέξενος
917 497 1084 586 proprium
1109 520 1195 566 cuam
1214 501 1339 590 signifiea-

274 601 397 666 tioucm
431 596 558 666 obtinet
590 597 734 682 ideoque
767 597 809 662 ab
842 599 1001 684 adjectivo
1035 600 1140 668 divelli
1168 603 1247 670 nullo
1272 621 1340 694 poeto

274 712 401 791 poteet3
430 700 563 788 saepius
581 721 658 765 vero
681 699 860 786 particulae
883 701 1054 787 epiteticee
1074 703 1148 770 loco
1170 708 1341 792 proemittitur

275 805 323 870 eio
342 814 381 875 ut
400 803 522 870 omisso
541 823 609 868 non
630 801 808 872 admodum
834 801 1053 882 desideretur,
1083 799 1232 892 εέζωρος,
1256 804 1341 878 ricoi-

273 907 379 984 ιιιλιις,
405 901 657 991 ιῦσιρέγγυλος,
690 926 775 989 quae
802 903 973 972 dieeooieri
998 915 1085 972 vetat
1111 919 1259 974 accentus.
1294 912 1341 976 Ae·

274 1017 372 1074 centu
397 1029 466 1074 nou
488 1015 630 1072 retracto·
655 1015 845 1093 euepectum
869 1006 905 1072 fit
933 1003 1097 1086 cizicenos
1117 1009 1214 1074 Anth.
1233 1011 1305 1098 App.
1321 1037 1341 1080 r.

258 1109 339 1184 Jx.
361 1131 392 1176 v.
412 1110 466 1175 47.
489 1108 580 1194 quod
601 1108 793 1174 exterminet
814 1107 1082 1176 Schneidewinue
1105 1109 1141 1176 in
1156 1109 1263 1178 Philol.
1283 1114 1341 1180 T.L

273 1237 307 1300 p.
334 1212 386 1280 36.
419 1211 622 1278 correctione
644 1209 733 1276 incili
765 1209 944 1296 eademque
971 1212 1162 1278 Hermanno
1188 1212 1302 1300 probatu
1319 1215 1341 1282 in

271 1315 364 1383 Dico.
387 1314 428 1381 de
451 1312 578 1380 Gallim.
597 1313 675 1379 Del.
699 1336 733 1400 p.
757 1312 806 1376 12.
834 1317 948 1401 μνῆμα
974 1309 1052 1380 τάδε
1080 1313 1214 1392 κλεινόν,
1238 1317 1285 1382 sed
1303 1339 1340 1382 cur

271 1419 440 1500 [cupierim
460 1415 635 1493 diceretur,
656 1437 723 1480 non
745 1414 872 1480 meruit.
920 1414 988 1482 Pro
1017 1406 1054 1482 εὖ
1081 1415 1183 1504 σεμνὴ
1210 1415 1241 1482 in
1265 1418 1338 1504 Orph.

262 1518 317 1612 1Η.
348 1517 394 1582 11.
425 1517 475 1582 12.
517 1519 728 1583 Hermennus
755 1517 859 1582 edidit
889 1511 1045 1605 ιῦσέιινη,
1079 1539 1142 1603 pro
1171 1509 1339 1603 εὖὶεριιῖςίιι

270 1619 317 1686 Η.
338 1618 418 1686 VII.
443 1617 532 1683 idem
553 1614 712 1704 ιύιέραις,
739 1619 830 1704 quod
857 1617 989 1705 saepius
1014 1618 1203 1706 legitnr¹¹)
1228 1621 1271 1686 scd
1289 1645 1336 1686 ne·

272 1717 396 1786 sordue
423 1720 628 1804 terminatum
656 1717 675 1807 ἦ
709 1713 836 1805 εὕέιρος
865 1730 904 1784 ut
935 1716 954 1808 ἡ
985 1717 1165 1803 trevirens,
1199 1715 1216 1808 ἦ
1241 1715 1337 1808 ἆνίιρις.

271 1814 405 1908 Εὖμιγα
427 1820 462 1887 in
485 1815 520 1889 eri
537 1819 625 1908 μέγα
641 1821 833 1888 mutandum
852 1843 926 1888 esee
941 1819 1099 1907 probetur
1116 1843 1160 1886 eo
1181 1822 1260 1907 quod
1272 1824 1341 1906 μέγας

271 1923 329 1988 nni
358 1923 520 1989 vocabulo
551 1927 621 2001 πᾶς
652 1922 855 1988 subnectitur
881 1945 911 1988 v.
940 1923 1061 1988 Perell.
1088 1923 1166 1990 221.
1193 1917 1226 1992 eti
1251 1924 1342 2000 λεπτῶς

228 2032 232 2040 “
270 2033 359 2094 recte
385 2025 537 2092 scribitur
562 2025 598 2090 in
624 2025 851 2090 Andromoohi
877 2024 1026 2092 versibus
1053 2025 1172 2092 Gnleu.
1204 2026 1241 2090 de
1264 2023 1343 2090 Auu'd

270 2126 299 2194 1.
322 2127 353 2192 6.
376 2149 409 2215 p.
429 2127 484 2194 42.
507 2127 549 2193 Τ.
574 2117 672 2195 XIV.
705 2125 862 2194 Verbnlie
883 2125 946 2192 eibi
966 2136 1115 2194 constent
1139 2121 1294 2215 εὕδμηως,
1310 2116 1344 2192 ei-
1378 2119 1379 2190 j

270 2252 385 2317 νητος,
414 2225 597 2317 εὐκίνητος,
626 2222 805 2315 nicoterae
826 2239 887 2296 eto.
918 2250 1003 2314 quoe
1032 2251 1135 2314 quum
1161 2229 1255 2314 vulgo
1273 2228 1345 2292 minue

270 2329 405 2396 mobilia
426 2329 507 2407 sint,
529 2330 677 2396 nonnulli
697 2329 738 2396 Π.
761 2326 858 2398 XVI.
877 2329 950 2396 636.
973 2324 1186 2418 εὐποιητάων
1201 2329 1347 2414 disjungere

269 2432 453 2497 maduerunt
473 2432 532 2497 eed
553 2432 733 2518 reb-agetur
743 2431 953 2498 Herodianus
970 2454 1001 2498 v.
1018 2432 1139 2498 Perell.
1155 2432 1227 2500 450.
1256 2431 1347 2496 Eodem

268 2533 395 2599 ratione
417 2543 526 2600 cetero
545 2534 706 2620 adjectiva
726 2534 761 2600 in
772 2521 987 2614 &exeuntia
1006 2555 1080 2602 oum
1095 2533 1274 2603 verbalibus
1286 2554 1348 2598 cou-

269 2646 438 2725 ponuntur
463 2633 721 2721 βραδυκίνηιος,
754 2632 978 2718 ταχυάλωτος,
1007 2629 1233 2716 ὀξιικώνυιος,
1260 2630 1348 2704 uiridi-

158 2762 162 2769 ·
270 2740 393 2816 ὁακιος
412 2747 474 2806 etc.
518 2736 588 2803 Sed
616 2736 713 2802 valde
741 2737 865 2804 incerte
886 2749 936 2802 est
957 2761 1070 2806 eorum
1098 2762 1175 2808 cum
1204 2737 1378 2862 participis

269 2837 471 2926 conjunctim
489 2833 689 2934 εὐρυκρείων
708 2834 916 2918 συνθέτως(
891 2864 937 2918 ως
953 2835 1162 2924 αλικρειων
1141 2869 1162 2929 η
1179 2835 1252 2927 εὐρὺ
1263 2839 1350 2924 κρείων
1377 2865 1378 2918 ι

269 2942 305 3010 έν
325 2941 517 3028 παραθέσει
541 2941 637 3006 Euat.
658 2939 711 3019 57,
733 2940 786 3006 28.
820 2941 865 3006 Τὰ
897 2936 975 3028 εὐρὺ
1005 2941 1088 3026 ῥέων
1109 2937 1274 3028 γράφουσί
1290 2963 1350 3016 τινες

266 3039 326 3132 ὑφ’
361 3041 395 3108 έν
425 3041 791 3129 p.360‚10.11aee
821 3064 907 3108 nunc
935 3044 1106 3126 conjuncte
1139 3042 1309 3112 scribuntur
1329 3053 1350 3105 et

267 3140 439 3232 Ζεφύροιο
464 3141 758 3230 λιγυωνιέοντας
741 3144 846 3234 (νήτας
870 3144 937 3212 Od.
960 3145 1020 3218 IV.
1042 3145 1115 3212 567.
1144 3158 1179 3212 et
1204 3146 1285 3234 apud
1307 3167 1349 3232 po·

268 3245 420 3312 eteriorcs
445 3256 562 3330 poetae
590 3239 753 3333 εὗρῥείων,
781 3243 1001 3336 βαθωρῥείων,
1033 3244 1254 3332 βαρυπνεέων,
1281 3242 1348 3330 εὔρι-

266 3349 393 3433 μέδων,
421 3347 524 3413 rarius
554 3346 706 3412 distincte
734 3345 826 3435 πρηὺ·
849 3348 932 3430 ῥέων
963 3345 1071 3433 Orph.
1092 3349 1177 3434 Arg.
1202 3349 1268 3414 763.
1295 3341 1349 3429 cipi

267 3450 350 3538 ῥέων
374 3449 473 3516 Pind.
504 3449 560 3516 Ol.
588 3450 631 3516 V.
657 3449 711 3514 42.
739 3441 808 3516 einr?
836 3446 920 3538 ῥέων
947 3448 1050 3514 Anth.
1079 3451 1173 3537 App.
1203 3451 1263 3516 IX.
1286 3472 1309 3513 v.
1330 3449 1348 3510 1.

168 3562 173 3573 ’
267 3574 366 3636 quarn
395 3551 557 3618 scribendi
583 3551 744 3616 rationem
770 3549 812 3614 L.
842 3548 1035 3618 Dindorfius
1056 3551 1199 3637 praefert
1222 3552 1255 3618 in
1276 3549 1348 3616 Thes.

266 3677 293 3719 s.
321 3656 537 3740 Βαθυρῥείων
561 3664 595 3718 ct
624 3651 862 3718 asseverantur
891 3653 966 3719 Vol.
991 3651 1038 3717 ΙΙ.
1063 3653 1134 3720 147.
1163 3652 1223 3721 Ι).Ι
1230 3674 1285 3737 pro
1303 3657 1346 3734 βα·

267 3751 476 3842 ρυπννέιννιες
497 3749 601 3843 ἀῆται
621 3757 712 3821 Mne.
731 3778 760 3822 v.
772 3753 846 3820 216.
868 3758 982 3838 quivis,
1002 3754 1118 3840 inquit,
1140 3755 1230 3842 βαρὺ
1246 3752 1347 3820 πνείον-

265 3880 320 3936 τες
343 3859 563 3939 corripendum
587 3875 651 3923 estc
671 3860 755 3924 videt
782 3877 848 3940 quo
873 3856 972 3920 modo
997 3856 1095 3922 etiem
1119 3857 1284 3924 Bekkerue
1306 3853 1348 3916 ho·
1376 3860 1377 3906 ἲ

336 4093 381 4159 ιι)
394 4092 476 4148 cocis
488 4093 517 4148 in
529 4055 616 4149 Thes]
631 4093 720 4148 errare
733 4094 807 4148 eece
820 4092 854 4146 P.
867 4093 966 4148 sireni.
977 4094 1081 4166 cophe.
1094 4095 1181 4166 eope.
1190 4096 1213 4149 e.
1226 4087 1346 4148 Λιιιιιι.

238 4176 241 4180 ”
265 4168 295 4232 ei
314 4175 387 4250 ἱερός
402 4178 523 4234 Tbeocr.
542 4179 639 4252 Epigr.
657 4179 706 4232 IV.
727 4182 751 4233 5.
773 4181 872 4250 (Anth.
892 4180 943 4234 IX.
964 4181 1038 4249 437.)
1062 4180 1180 4235 removit
1202 4176 1346 4240 Meinekius;

267 4257 425 4338 ιῦλιιμπρος
440 4265 515 4321 Poll.
528 4265 577 4320 IV.
593 4266 649 4320 183.
668 4265 833 4338 Bckkcrus;
855 4260 991 4340 εὔθιρμος
1010 4266 1160 4348 dubitatur.
