2825 4809
105 354 159 421 ou
176 348 294 417 mna
318 345 555 416 atrocem
573 338 851 415 armamus.
874 345 913 413 c.
921 322 968 413 11.
981 350 1043 433 aa.
1071 354 1146 427 aar

67 540 153 603 datum
173 520 253 601 esse.
306 533 360 598 De
391 532 493 597 altero
522 531 667 617 loquitur
698 530 811 599 Schol.
835 533 875 598 B.
900 532 943 597 ad
960 532 1001 599 11.
1022 533 1050 599 l.
1073 535 1145 601 148.

65 638 93 706 ιδ
106 634 244 723 ὑποδράξ
264 630 440 719 όιποβαλδν
461 630 500 699 τὸ
515 619 732 718 ’ξ’άνιβίβασι
752 630 811 700 τὸν
826 630 924 700 τόνον
942 627 987 710 ὡς
1003 627 1148 724 άνυστής

65 737 171 825 όνόιης,
199 734 383 821 δεσποστής
415 732 591 821 δεσπότης.
642 736 690 799 At
719 756 796 799 vero
821 734 1022 821 Apollonius
1051 736 1149 801 docet

63 838 117 904 548.
135 831 259 923 ὑπόδρα
281 858 301 900 a
320 834 421 901 verbo
444 835 553 923 prisco
576 836 673 924 δρᾷν,
700 836 838 901 alterum
859 859 880 900 a
901 836 1037 921 δρακιῖν
1059 838 1145 903 deri·

62 950 145 1005 vatum
165 960 232 1003 esse
253 948 390 1003 accentu
411 958 451 1002 eo
475 960 540 1023 quo
563 946 670 1003 cetera
692 937 847 1004 adverbia
874 936 909 1002 in
934 926 971 1017 ξ,
995 935 1146 1020 ἐναλλάξ,

61 1036 188 1119 δσονιάξ.
229 1040 321 1126 Ergo
344 1038 398 1105 hic
420 1061 554 1125 quoque
575 1039 787 1117 anabibasmi‚
809 1040 868 1125 qui
890 1040 1023 1119 dicitur,
1046 1062 1148 1106 causa

61 1140 160 1206 nonin
185 1162 333 1229 apocope
367 1142 476 1229 posita
503 1150 553 1207 est
580 1141 700 1207 sedin
728 1142 943 1227 synecdrome
973 1162 1147 1229 apocopen

62 1242 257 1327 subsequente.
311 1243 424 1309 Nihilo
459 1242 602 1307 firmiora
634 1252 711 1309 sunt
742 1265 829 1329 quae
861 1242 903 1308 de
931 1242 1146 1329 ellipticamm

61 1342 234 1408 affectimum
256 1345 351 1411 tertia
372 1345 618 1432 praedicantur:
648 1342 685 1412 ai
712 1342 882 1430 συγκοπαὶ
904 1338 1146 1429 ἀναβιβάζουσι

60 1442 114 1521 tois
137 1442 263 1525 τόνους,
293 1440 468 1513 batanea
497 1441 657 1524 όπισθεν,
689 1440 887 1530 ὁμόπατρος
912 1438 1080 1530 όπατρος·
1106 1446 1145 1513 τό

61 1545 85 1611 δὲ
100 1542 215 1629 πατρός
239 1548 298 1614 καὶ
325 1544 445 1634 άνδρός
472 1546 529 1613 καὶ
550 1544 678 1635 μητρός
703 1544 912 1632 συγκοπέντα
934 1539 1147 1633 ἠκολούθησε

59 1649 90 1731 τῷ
105 1651 280 1735 χαρακτῆρι
306 1653 372 1713 τῶν
395 1643 604 1732 δισυλλάβων
625 1651 761 1733 γενικῶν
781 1647 860 1711 Arc.
884 1646 956 1711 129.
989 1640 1060 1713 άπδ
1077 1651 1148 1717 ,τοῦ

60 1748 195 1832 θυγατέρα
223 1748 338 1834 γέγονε
359 1746 519 1836 Ιθύγατρα
549 1742 594 1825 ὡς
624 1746 805 1836 Δήμητρα·
838 1746 874 1815 αλ
892 1746 956 1833 γὰρ
979 1747 1148 1832 συγκοπαὶ

59 1841 298 1930 ἀναβιβάζουσιν,
344 1840 506 1927 όπισθιν,
548 1847 695 1927 ἔξαιτος,
731 1841 945 1934 όνιατροςίί)
979 1847 1146 1914 Choerob.

59 1946 116 2013 Can.
141 1949 212 2014 420.
247 1962 283 2015 et
312 1950 384 2017 836.
417 1945 611 2035 θυόδμητος
644 1950 680 2017 ἐκ
715 1955 777 2017 τοῦ
814 1950 1023 2038 θεοδόμητος
1061 1952 1148 2019 κατὰ

57 2051 192 2137 συγκοπὴν
218 2056 282 2117 τοῦ
309 2048 407 2118 τόνου
431 2052 520 2119 Gud.
546 2051 627 2129 258,
653 2052 706 2117 24.
749 2052 814 2117 His
834 2045 940 2138 άρσας
961 2051 1093 2118 additur
1113 2053 1148 2117 in

55 2151 194 2229 1111457,
216 2152 272 2218 25.
294 2153 405 2241 Epim.
429 2154 458 2219 1.
483 2154 554 2219 199.
578 2153 655 2221 Sch.
677 2156 718 2221 Β.
733 2155 774 2220 11.
797 2154 826 2219 Ι.
845 2155 896 2219 13.
940 2155 1065 2221 Verum
1083 2154 1148 2221 hoc

56 2253 220 2337 primitivum
244 2264 312 2331 est,
334 2250 526 2341 θεόδμνγτος
545 2277 633 2333 vero,
655 2266 692 2321 ut
718 2278 819 2342 supra
841 2254 920 2331 dixi,
942 2277 962 2318 a
983 2254 1147 2341 primitivo

55 2354 400 2441 tttyaepataraductum
407 2380 417 2433 3
448 2353 581 2435 όξαιτος
610 2379 651 2421 ex
680 2354 850 2443 ἐξαίρετος
877 2355 1046 2421 concisum
1074 2379 1148 2423 esse

54 2455 213 2541 neutiquam
237 2452 388 2534 constat,
409 2452 608 2543 ὁμόπατρος
631 2453 858 2524 etantanto
883 2467 1017 2523 auctore
1037 2471 1150 2524 carent

53 2578 135 2642 reque
154 2559 235 2646 fingi
261 2582 348 2647 opus
372 2568 430 2623 est.
476 2558 545 2625 Sed
567 2569 720 2646 poterant
740 2559 868 2623 usitatis
888 2558 938 2622 uti
957 2556 1147 2646 χορόνησος,

53 2652 206 2743 όνόβατος,
229 2655 433 2747 παράμονος
454 2659 522 2725 sive
542 2656 798 2746 παραμόνιμος,
826 2660 964 2745 aliisque
986 2681 1147 2746 propato-

52 2761 155 2843 rytonis
183 2784 272 2848 quae
303 2761 331 2826 si
359 2759 518 2845 syllabam
546 2760 714 2838 amittunt,
742 2783 854 2826 nurus
880 2771 1149 2848 proparoxytona

51 2860 112 2925 fiunt
130 2874 266 2929 accentu
289 2886 348 2929 sua
367 2872 485 2949 sponte
506 2862 541 2926 in
559 2862 743 2950 proximam
759 2863 1021 2929 antecedentium
1041 2875 1147 2929 nans·

52 2972 133 3030 eunte.
164 2966 256 3031 Hinc
276 2965 423 3051 sequitur
439 2964 563 3029 nummi
579 2986 700 3030 nomen
718 2959 966 3050 τετράδραχμον
978 2965 1149 3031 deficiente

53 3066 150 3148 syllaba
178 3068 278 3133 tertia
306 3068 354 3133 sic
384 3066 482 3133 scribi
517 3076 669 3153 oportere
686 3075 741 3129 ·ut
765 3066 959 3133 Eustathius
987 3066 1149 3153 praecipit

53 3168 122 3247 1398,
153 3169 203 3236 16.
234 3167 425 3255 τετράπεζα
454 3166 510 3234 καὶ
539 3170 691 3254 συγκοπῇ
721 3162 767 3233 δι’
797 3163 967 3255 εὐφωνίαν
995 3165 1149 3254 τράπεζα

53 3264 139 3357 decep
165 3271 225 3337 καὶ
251 3267 502 3357 τετράδραχμον
531 3268 715 3353 τέτραγγιον
748 3266 833 3333 κατὰ
862 3265 940 3344 τοδς
967 3266 1147 3346 παλαιούς.

53 3368 176 3452 Quorum
207 3395 230 3437 a
251 3370 380 3457 judicio
409 3369 528 3455 injuria
557 3368 711 3434 desciscit
734 3368 815 3434 EM.
844 3366 922 3446 754,
944 3369 998 3435 40.
1026 3368 1064 3436 τό
1093 3393 1148 3435 τε·

52 3475 167 3557 ιρᾶχμον
188 3469 226 3539 οὗ
253 3470 393 3539 δύναται
414 3468 500 3537 κατὰ
520 3468 691 3556 συγκοπὴν
711 3470 870 3556 γενέσθαι
891 3463 949 3536 διδι
963 3468 1022 3537 τὸν
1036 3465 1148 3536 τόνον.

52 3567 73 3635 ά
89 3574 144 3659 γὰρ
165 3571 319 3661 συγκοπὴ
343 3572 489 3656 γένοιτο,
512 3564 708 3665 παράλογος
724 3563 742 3636 ὁ
757 3566 864 3647 τόνος.
888 3561 1001 3638 Ἔστιν
1018 3563 1076 3639 οὖν
1093 3596 1149 3637 τι·

52 3671 235 3759 τράδραχγιον
261 3674 319 3739 καὶ
343 3665 497 3759 ἀποβολῇ
520 3674 579 3737 τοῦ
602 3674 642 3757 δρ
664 3666 871 3755 τιτράαχμον
894 3668 954 3735 καὶ
977 3675 1151 3759 περισπᾶ-

51 3798 90 3838 ιοι
107 3798 134 3839 v.
155 3778 180 3860 ᾗ.
202 3776 237 3843 1ι
278 3774 357 3840 Non
380 3772 466 3838 enim
489 3772 590 3848 duae,
611 3794 693 3855 quas
716 3769 769 3836 hic
793 3770 889 3850 dicit,
918 3771 1031 3838 literae
1060 3772 1149 3837 exci-

53 3873 145 3941 derunt
165 3878 226 3943 sed
249 3887 314 3943 tres
334 3862 403 3961 δρα
426 3895 531 3959 eaque
553 3872 697 3960 perlecta
715 3882 765 3937 eat
781 3894 928 3959 syncope
946 3872 1150 3950 anabibasmi

52 3976 182 4045 effectrix.
237 3980 526 4063 Paroxytonorum
561 3984 732 4040 accentum
769 3974 889 4039 retrahi
924 3982 1055 4038 sumunt
1092 3972 1149 4057 qui

51 4080 122 4164 μῆρα
144 4103 183 4145 ex
202 4079 310 4168 μηρία
334 4078 501 4145 concisum
523 4074 733 4153 arbitrantur3
754 4100 815 4141 nos
837 4076 901 4141 hoc
920 4084 953 4139 et
969 4074 1086 4139 similia
1105 4074 1149 4139 ad

106 4300 147 4369 ll)
163 4300 229 4355 Hoc
247 4300 444 4371 reponendum
461 4306 505 4353 est
523 4296 590 4351 Can.
607 4297 665 4361 ter,
679 4298 720 4350 ta.
735 4312 790 4365 pro
808 4290 987 4367 ὁμοπάτριος.
