2825 4809
113 357 164 425 llll
180 351 294 421 ALIIS
317 349 554 419 SYNOEOPAE
576 348 855 419 ammos.
882 349 922 418 0.
933 349 962 416 Ι.
978 354 1005 439 §.
1015 350 1044 418 7.
1071 352 1149 428 377

76 516 116 611 καὶ
140 494 235 629 τροπῇ
265 541 321 605 τοῦ
347 524 374 628 ἦ
400 530 543 627 ἤρανον·
577 536 617 607 τὰ
650 534 880 626 πληθυντικὸν
909 530 1036 625 ἤρανα,
1073 531 1152 607 εἶτα·

74 638 193 729 ιιηιοπῇ
210 633 410 730 ἢ-ἆπονοπῇ
431 631 498 730 ἦρα
515 639 629 708 Schol.
640 641 685 707 A.
700 641 745 706 od
757 640 798 705 Il.
810 641 840 706 1.
851 640 927 706 572.
943 638 1061 707 Ζοτιιιτ.
1072 641 1154 709 810.

73 747 111 811 Er
124 743 211 807 forma
225 740 448 825 judicantibus
470 740 652 830 ἐπιήρανος
670 741 850 807 derivatum
866 752 917 807 cst
934 741 977 808 ab
996 742 1148 832 έπίηρος,

72 844 139 931 quod
156 842 231 909 ultra
249 842 405 930 progredi
422 864 492 909 non
513 842 599 910 licet„
644 840 693 910 Τὸ
714 847 872 926 κευθμῶν
894 841 927 911 οἱ
946 844 1009 926 μέν
1028 868 1149 930 συγκο-

70 942 119 1031 πήν
132 966 230 1034 φασιν,
248 942 279 1013 ol
298 944 336 1012 dd
358 941 411 1012 ὅτι
432 942 582 1029 κευθμός
600 941 705 1022 ἰακῶς
721 940 853 1030 εἴρηται
871 938 918 1023 ὥς
934 940 1157 1031 τευθμόςῦἳχ

69 1048 110 1113 καί
125 1044 327 1130 βαθυλείμων
346 1046 556 1131 βαθύλειμος
578 1046 656 1115 sch.
678 1046 719 1111 Il.
736 1045 839 1111 XIII,
855 1046 909 1111 27.
934 1046 1021 1113 'Ros
1043 1046 1149 1113 estin

69 1148 145 1213 oculis
160 1147 271 1233 posito.
313 1147 453 1214 Dativos
474 1144 559 1243 κυαέ,
576 1146 677 1215 παισί
695 1158 757 1213 etc
774 1170 842 1213 non
858 1170 901 1214 ex
922 1142 1044 1229 κύνεον,
1066 1150 1150 1217 παί-

68 1253 131 1328 ίεοι,
155 1249 210 1315 sed
230 1272 272 1315 cx
293 1248 451 1336 singulari
472 1248 558 1328 κυνί,
586 1246 687 1317 παιδί
712 1258 803 1315 ortos
824 1250 1006 1337 proculque
1027 1273 1047 1316 a
1068 1272 1148 1338 syn·

68 1374 128 1438 eope
150 1348 274 1417 habent.
323 1353 381 1418 Ad
406 1350 620 1439 explicandos
648 1350 851 1419 accusativos
879 1352 971 1432 κλεῖς
998 1363 1032 1418 et
1058 1345 1150 1440 ὅρνις

66 1454 274 1529 nesciouunm
302 1475 472 1543 syncopen
496 1453 663 1519 attulerint
687 1476 730 1519 an
756 1453 845 1519 illam
869 1448 1066 1542 ὁμοφωνίαν
1089 1458 1163 1545 τῆς·

67 1552 219 1643 αἰτιατικῆς
244 1560 313 1623 τῶν
338 1558 575 1641 πληθυντικῶν
595 1554 685 1645 πρὸς
705 1554 765 1643 τὴν
787 1551 877 1621 ἰδίαν
899 1550 1052 1636 εὐθεῖαν,
1084 1578 1151 1644 qua

65 1656 159 1723 indocti
178 1656 312 1743 quidam
335 1657 519 1725 eeusstivos
544 1655 672 1725 ionioos
693 1654 828 1740 μάντις,
857 1650 940 1745 ὄφις
968 1658 1151 1745 expediunt

66 1782 84 1822 τ.
100 1760 211 1826 Αοοαᾶ.
241 1760 355 1827 Oxon.
384 1759 425 1825 Τ.
447 1759 510 1827 IV.
535 1758 609 1825 358.
658 1756 730 1825 Sed
753 1780 823 1824 non
850 1760 1151 1845 praetermittuntur

64 1861 257 1949 comparativi:
280 1858 340 1951 τὴν
358 1858 511 1947 χερείονα
528 1856 716 1945 αἰτιατικὴν
740 1855 916 1949 συγκόψας
936 1858 1002 1947 ἔφη
1022 1856 1147 1950 χέρεια,

64 1964 266 2050 πληθυντικῶς
296 1962 337 2031 δέ.
365 1959 407 2029 τὰ
436 1959 606 2050 χερείονα,
638 1958 773 2045 χέρεια·
806 1957 914 2041 οὕτως
938 1958 1152 2049 Ἦρωδιανός

63 2062 165 2129 sctit
181 2064 210 2129 Ι.
222 2064 276 2130 80.
295 2060 404 2149 ὥςπερ
423 2060 575 2149 χερειόνα
598 2060 655 2128 καλ
676 2059 711 2125 έν
733 2065 886 2152 συγκοπῇ
902 2062 1033 2149 χέρεια,
1061 2060 1149 2133 οὕτω

63 2165 170 2245 πλέονες
189 2166 247 2233 καὶ
269 2166 372 2245 πλέες
391 2164 501 2252 Epim.
514 2165 542 2231 Ι.
564 2163 639 2230 338.
661 2172 694 2227 ot
712 2161 787 2227 350.
808 2160 847 2229 τὸ
869 2162 978 2243 πλέας
999 2158 1150 2235 ἀπὸτοῦ
1226 2220 1229 2225 .

62 2262 176 2344 πλέονας
200 2267 429 2352 συγκέκοπται
456 2267 535 2335 sch.
556 2267 629 2333 BL.
654 2264 700 2329 ad
725 2264 766 2329 Il.
789 2263 836 2330 Π.
861 2264 933 2331 120.
963 2276 997 2330 et
1022 2268 1151 2336 Herod.

50 2364 311 2466 'adXI.395.³³)
334 2368 453 2455 quibus
476 2368 628 2435 convenit
649 2365 887 2433 substantivum
908 2363 1069 2457 πλιιότης
1088 2392 1152 2459 pro

59 2465 226 2557 πλειονότης
257 2494 292 2537 v.
321 2471 443 2538 Parall.
471 2471 527 2536 48.
581 2468 651 2537 Sed
682 2467 769 2533 hano
801 2490 971 2555 syncopen
1001 2471 1154 2556 rejiciunt

57 2570 245 2637 Buttnunnus
276 2576 303 2657 ξ.
332 2572 386 2640 68.
414 2582 447 2637 et
472 2570 686 2637 Thiersohius
713 2573 740 2654 i.
762 2570 840 2648 202,
861 2572 914 2636 22.
942 2594 1018 2636 nam
1037 2573 1153 2661 χέρεια

57 2673 93 2737 vel
111 2685 143 2739 ut
162 2696 251 2741 nuno
274 2672 426 2739 scribitur
446 2671 552 2761 χέρηα
580 2681 697 2737 natura
723 2671 900 2758 positivum
926 2693 999 2739 esse
1018 2696 1040 2739 a
1059 2686 1151 2743 reoto

55 2772 131 2865 χέρης
155 2787 187 2843 et
217 2775 370 2842 similiter
395 2777 497 2863 πλέες
525 2797 593 2841 non
620 2774 784 2839 diversum
810 2796 831 2839 a
853 2773 985 2868 πολέες.
1030 2770 1154 2845 Obstat

107 2945 147 3017 32)
158 2947 222 3002 Hoc
240 2946 380 3017 ignotum,
398 2942 503 3017 scripto
519 2942 676 3015 proximum
694 2949 738 2997 ost
752 2942 890 3013 χευθμός,
905 2946 957 2998 sed
971 2946 1050 3001 deest
1062 2947 1154 3003 altera

56 3030 125 3085 forna
147 3030 294 3105 χευθμών.
338 3030 483 3085 Cauconas
508 3048 526 3084 a
549 3026 690 3083 nonnullis
718 3026 759 3082 sio
783 3035 813 3081 ut
837 3028 1006 3085 Germaniae
1028 3034 1152 3105 populus

59 3114 149 3173 caucos
165 3118 328 3173 nominatos
345 3134 408 3172 esse
427 3112 578 3187 significari
594 3114 704 3169 videtur
722 3111 751 3167 in
769 3112 862 3184 Etym.
876 3113 965 3169 Paris.
985 3115 1014 3170 in
1028 3116 1154 3175 cremori

55 3202 140 3259 Anecd.
152 3205 217 3261 Par.
236 3205 272 3261 Τ.
286 3204 336 3261 IV.
350 3205 392 3257 55.
423 3198 574 3256 Καύκων
592 3200 624 3256 θ’
647 3200 770 3261 ἕλικας
785 3192 871 3268 βόας
887 3199 1017 3277 ἀποκοπῇ
1033 3205 1081 3257 καλ
1099 3200 1153 3276 (ἢ)

56 3294 173 3364 τυχκοπῇ·
196 3284 406 3347 Καυκαλνων
427 3291 649 3360 πτολίεθρον
674 3283 743 3341 κατὰ
768 3284 913 3355 υυχκοπὴν
932 3283 1100 3360 Καύκων,
1125 3299 1155 3346 ot
1270 3290 1273 3299 '

55 3391 75 3443 p.
84 3376 117 3443 68,
126 3380 167 3435 24.
183 3370 345 3445 Καυκῶνην
359 3374 425 3446 (sio)
440 3376 608 3445 πτολίεθρον
620 3374 668 3427 καὶ
681 3368 750 3427 κατὰ
764 3369 910 3443 συγκοπὴν
921 3367 1052 3431 Καύκων.
1075 3376 1154 3431 Illud

55 3460 191 3518 Καυκώνιον
208 3466 382 3533 πτολίεθρον
402 3457 565 3515 callimachi
585 3465 628 3513 est
645 3459 683 3513 H.
702 3456 733 3511 in
749 3457 810 3513 Iov.
827 3475 853 3512 υ.
866 3459 909 3512 30.

106 3548 149 3619 33)
165 3548 249 3603 Idem
270 3549 389 3602 sortasse
406 3544 504 3601 statuit
522 3542 554 3600 τὰ
566 3541 634 3598 λώια
651 3543 680 3597 in
694 3542 817 3598 Theoor.
830 3543 937 3599 XXVI.
951 3546 994 3599 32.
1009 3563 1168 3619 comparo·¹

54 3628 121 3687 tirum
136 3653 194 3691 esse
215 3652 254 3689 ex
273 3638 378 3689 loteva
397 3629 553 3700 concisum
573 3630 762 3684 Buttmannus
780 3647 849 3685 vero
863 3631 985 3685 Gramm.
1000 3633 1024 3699 ξ.
1038 3634 1081 3699 68,
1091 3636 1154 3689 267.

55 3717 183 3786 positivum
205 3727 291 3795 putat
315 3738 331 3774 a
353 3724 432 3773 recto
457 3713 538 3777 λώιος
561 3723 590 3769 et
612 3717 668 3771 hoo
690 3734 748 3771 uon
772 3713 919 3777 discordat
942 3735 1005 3772 oum
1027 3708 1156 3775 veterum

54 3804 166 3874 opinions
184 3826 201 3863 o
217 3810 344 3881 χερείων
362 3822 415 3877 por
433 3803 644 3875 metaplasmum
665 3804 771 3857 factum
789 3820 851 3857 asse
868 3810 980 3876 χερεΐος
999 3802 1036 3866 ὠς
1053 3803 1158 3878 ἀρείων

53 3886 140 3961 ιἰριῖος,
155 3897 264 3949 πλείων
280 3895 388 3960 πλεῖος,
406 3884 482 3965 ῥέων
499 3891 565 3966 dioc
581 3889 646 3947 ΕΜ.
657 3890 718 3953 808,
730 3891 773 3943 to.
785 3897 816 3945 et
827 3893 871 3955 02,
882 3892 925 3945 45.
938 3893 991 3947 ssd
1007 3892 1061 3946 hoa
1079 3909 1156 3947 corn-

53 3977 174 4043 paratiros
191 3978 223 4033 in
243 3966 281 4041 οἷ
292 3976 375 4033 nobis
394 3994 452 4031 non
469 3976 639 4050 approbant.
667 3973 768 4046 „Saepo
787 3975 903 4045 quidem
922 3977 992 4052 ῥᾶον
1010 3976 1069 4031 sivo
1087 3979 1158 4051 ῥᾷον

53 4078 94 4131 pro
105 4062 198 4137 ῥιὶιλιον
215 4063 354 4136 scriptum
373 4070 416 4118 est
433 4064 485 4117 sed
500 4079 554 4134 per
570 4060 668 4115 vitium
683 4079 711 4114 τ.
725 4062 762 4114 ad
774 4060 842 4115 Phr.
853 4063 913 4114 403.
927 4078 961 4115 ac
972 4062 1083 4131 plurale
1095 4064 1158 4137 ῥεῖα

53 4146 100 4203 sire
115 4153 162 4226 ῥέα
177 4170 194 4206 a
209 4159 293 4207 recto
305 4152 378 4226 (λεῖος
387 4150 506 4222 pendet,
523 4148 602 4218 quod
618 4146 711 4218 ipsum
727 4145 757 4199 in
774 4143 848 4222 ρὴιος
865 4144 980 4200 dissolvi
996 4146 1090 4218 potuit
1106 4150 1159 4203 scd

53 4232 97 4289 hoc
112 4255 167 4293 non
186 4237 297 4309 legitur
319 4243 434 4309 praetor
452 4232 573 4307 Oppion.
594 4232 699 4305 Cyni.
717 4233 774 4287 101.
797 4227 876 4308 <licor
895 4232 924 4293 ές
941 4226 1079 4304 κάματον,
1103 4252 1157 4309 pro

53 4336 99 4391 quo
115 4323 202 4400 ῥηίον’
224 4322 416 4379 scribendum.
