2825 4809
208 309 282 382 138
574 307 897 376 DlSSERTATIO
927 309 956 374 1.

205 489 406 558 derivatione
441 489 503 556 sed
536 491 635 556 etium
667 491 831 560 moestu
864 491 1060 579 quibusdem
1089 489 1329 555 mutationibus

206 593 353 680 pressius
375 590 503 658 definiri
524 590 641 658 solent.
662 631 704 644 -
738 595 842 677 Quod
866 595 902 660 in
920 595 1001 660 EM.
1024 591 1103 669 792,
1122 592 1177 657 43.
1199 591 1244 656 ud
1266 613 1329 655 ex-

206 694 397 782 plicandum
416 693 483 759 loci
502 715 626 760 nomen
653 699 816 781 Φθειριῖυ
836 688 915 784 ὅρος
936 695 1068 760 offertur
1090 689 1122 759 oi
1142 695 1251 779 θῆρες
1271 689 1330 756 λε’·

204 821 322 880 yones
336 795 396 862 καὶ
412 800 564 883 φθεῖρες,
578 817 645 880 qus
657 797 724 862 fide
737 797 890 864 truditum
906 796 949 862 sit
962 795 1185 861 nescimus-
1209 791 1332 868 Φάλος

159 971 164 995 1
203 898 241 964 id
261 908 313 964 est
338 901 453 982 μῶρος
482 895 625 980 (Tecbn.
646 897 738 983 250.)
766 894 848 988 ἦλός
876 898 967 982 quod
989 894 1175 981 Hesychius
1201 889 1331 977 μαινό-

129 990 133 998 ’
204 1023 304 1085 μονον
323 1000 565 1086 interpretatur,
587 1008 621 1065 et
639 995 809 1086 ἡλέματος
826 999 937 1064 tetrius
959 998 1073 1064 sudem
1092 996 1217 1060 ratione
1239 993 1330 1057 inter

204 1123 242 1168 se
263 1101 418 1187 coliigsts
438 1101 677 1185 videnturque
700 1098 812 1188 φρέαρ
834 1121 909 1166 cum
930 1099 1008 1189 ῥέω,
1028 1099 1118 1164 unde
1139 1098 1329 1162 traductum

203 1203 340 1270 verbum
351 1201 541 1294 ἧλιθιοῖσαι
552 1212 629 1289 apte
642 1201 835 1288 exprimitur
844 1201 946 1267 lutino
956 1203 1178 1285 ῖιιῙαιυονι.-
1193 1194 1330 1262 Φειδώ-

204 1306 279 1372 λιου
295 1303 419 1393 δίφρος
436 1302 566 1392 σφέλας
578 1305 662 1368 Hcs.
673 1303 756 1368 nihil
770 1301 860 1368 atiud
878 1314 928 1368 est
942 1323 1040 1388 quem
1055 1297 1194 1367 ἑδώλιου
1209 1297 1327 1364 sedile.

204 1441 248 1458 -··
266 1410 392 1483 Φοῖτος
408 1406 548 1472 fortusse
568 1404 704 1491 proprie
725 1409 805 1472 itum
825 1404 989 1490 significet
1009 1425 1030 1466 s
1045 1399 1145 1466 verbo
1165 1396 1236 1477 οἴω,
1254 1392 1328 1482 εῖμι

203 1515 243 1574 ut
262 1529 283 1571 e
302 1511 419 1589 κεῖμαι
439 1511 552 1584 κοῖτος
573 1506 694 1571 Pur-ull.
716 1506 790 1572 349.

288 1607 387 1676 XVI.
407 1607 525 1674 XVII.
567 1608 623 1672 Dc
642 1606 737 1672 litera
755 1606 809 1672 chi
828 1605 992 1672 fabulatur
1008 1603 1089 1670 EM.
1107 1601 1158 1679 ib,
1176 1599 1244 1695 14-.
1253 1592 1323 1664 tao

203 1711 265 1778 ιοῖι
283 1707 374 1790 χάζω
395 1705 523 1791 γίνεται
548 1706 635 1788 δίζω·
658 1705 768 1791 ἔμεινε
790 1704 869 1796 δὲὴ
895 1703 1105 1788 ἀυαλογοῦσα
1129 1705 1178 1789 τῷ
1200 1725 1236 1782 χι
1265 1701 1327 1765 δα-

203 1813 296 1887 σεῖα,
319 1805 503 1886 ricimeri
525 1805 625 1892 beina
648 1805 730 1892 ἅμα.
774 1808 886 1875 Verba
909 1807 965 1871 illu
990 1803 1168 1892 permutari
1189 1801 1327 1888 quidem

202 1931 440 1995 nonuunquam
460 1908 547 1974 inter
568 1931 604 1973 se
625 1920 767 1995 possunt
786 1920 823 1975 ut
843 1910 879 1974 in
899 1907 1028 1974 duobus
1049 1905 1220 1991 Euripidis
1241 1903 1328 1969 locis

201 2010 279 2076 libri
295 2006 335 2077 οδ
351 2009 500 2094 χάζομαι
520 2020 553 2074 et
573 2006 632 2090 οὐχ
648 2009 775 2092 ἅζομαι
790 2011 950 2098 praebent
964 2007 1163 2076 certantibus
1179 2005 1326 2080 Oriticis,

202 2112 281 2198 quie
300 2099 475 2194 utrumque
495 2110 649 2176 convenit
667 2134 698 2177 v.
711 2113 831 2178 Mutth.
845 2114 889 2178 ad
905 2112 1015 2179 Orest.
1028 2109 1122 2174 1109.
1145 2107 1205 2172 sed
1227 2106 1327 2190 origo

201 2213 292 2279 baud
322 2210 422 2277 dubie
449 2212 579 2296 utrique
604 2210 732 2281 diversa
761 2223 819 2280 est.
863 2215 948 2280 Post
976 2211 1178 2277 homericum
1202 2204 1327 2292 λιαρός
1390 2277 1391 2284 ¹

201 2311 379 2379 increbruit
393 2308 547 2394 χλιαρός,
561 2333 662 2395 quare
673 2314 886 2380 Grammatici
901 2314 966 2381 hoc
980 2314 1027 2378 illi
1044 2309 1327 2399 mtcrpretementi
1390 2349 1391 2358 ι

200 2415 276 2480 loco
297 2412 475 2496 subjiciunt
496 2411 537 2476 ci.
559 2412 681 2478 Athen.
695 2415 742 2479 Π.
759 2415 812 2480 41.
834 2417 874 2481 Β.
894 2417 939 2482 D.
964 2415 1107 2481 Bredow
1127 2412 1216 2478 Diui
1237 2412 1326 2476 Her.

202 2515 274 2580 122.
297 2522 331 2578 et
351 2512 473 2598 puriter
492 2512 604 2591 verbo,
633 2516 725 2599 quod
748 2526 838 2580 extre
860 2517 934 2583 illos
960 2539 1058 2582 nemo
1082 2515 1190 2591 novit,
1212 2509 1328 2577 Λιαί-

199 2635 304 2682 νουσα
325 2613 523 2697 πραΰνουσα
536 2614 636 2680 Phot.
665 2611 823 2704 Ἐλίαυθη
843 2614 1004 2704 interimo
1021 2619 1105 2682 Hes.
1149 2615 1187 2682 Si
1207 2613 1328 2701 primi-

100 2717 104 2725 ’
200 2715 302 2781 u'vnm
318 2722 370 2778 est
385 2710 478 2793 χῖῖω,
494 2715 585 2798 quod
602 2716 637 2778 in
649 2715 775 2780 Techn.
794 2718 939 2796 ostendi,
959 2719 1107 2805 sequitur
1123 2715 1331 2780 homericam

198 2835 315 2881 vocem
341 2834 410 2877 non
430 2812 573 2877 nativum
599 2816 660 2879 sed
690 2816 862 2901 aphaeresi
884 2819 1035 2884 affectam
1058 2839 1148 2894 esse,
1176 2816 1271 2901 quod
1294 2825 1330 2880 et
1389 2869 1390 2902 3

198 2911 392 2983 Eustrtbius
409 2913 572 2999 significat
591 2913 664 2991 857,
678 2916 731 2982 27.
751 2917 907 3002 nulloque
923 2921 999 3003 jure
1020 2920 1196 3006 impugnet
1208 2916 1328 3002 Epim.
1389 2969 1390 3002 3

199 3015 309 3081 Crem.
328 3013 356 3078 I.
373 3013 448 3079 401.
467 3013 610 3080 themate
632 3018 858 3084 commenticio
880 3041 960 3084 usus
984 3014 1054 3086 ἀπὸ
1077 3023 1137 3085 τοῦ
1159 3019 1225 3082 troi
1247 3019 1330 3082 λια-
1389 3075 1390 3097 2

198 3112 259 3201 ρόυ
277 3110 338 3195 οὔχ
356 3112 403 3193 ὥς
419 3139 507 3193 τινες
528 3109 598 3182 cirri
616 3121 678 3184 τοῦ
693 3116 834 3202 χλιαρόν
854 3119 940 3186 κατὰ
959 3116 1151 3207 ἀφαίρεσιν.
1186 3119 1329 3184 mira

196 3235 285 3289 vero,
315 3214 405 3298 quod
431 3215 466 3278 in
486 3216 568 3281 EM.
589 3217 633 3280 sd
653 3217 742 3282 idem
761 3218 897 3300 χῖιαίυιυ
919 3219 1073 3296 refertur,
1096 3217 1329 3285 Schneiderus

196 3314 316 3380 rectius
338 3336 359 3377 e
379 3316 480 3399 λῆυος
504 3313 602 3404 λάχνη
628 3318 705 3382 lens
726 3320 877 3396 arcessit,
907 3329 940 3384 et
966 3320 1046 3384 hinc
1072 3319 1173 3384 etiam
1199 3340 1329 3384 nomen

197 3417 305 3492 lueuu,
335 3414 426 3498 quod
455 3414 574 3481 Strabo
603 3440 666 3502 pro
693 3417 823 3484 exotico
852 3418 973 3485 habere
1000 3421 1131 3485 videtur
1159 3421 1222 3488 IV.
1249 3420 1329 3485 196.

195 3513 276 3590 τοὺς
293 3515 408 3591 δασεῖς
425 3511 548 3599 σάγους
564 3513 682 3595 λαῖυας
700 3520 842 3586 καλοῖσι
852 3519 1020 3605 (Belgae).
1043 3522 1139 3587 Idem
1150 3521 1237 3586 XII.
1247 3519 1328 3585 549.

197 3611 325 3677 dubitet
354 3625 463 3679 utrum
489 3637 610 3680 nomen
637 3617 728 3681 urbis
754 3618 958 3703 regionisve‚
989 3644 1076 3706 quse
1097 3622 1132 3686 in
1156 3613 1327 3708 Getulo‘go

195 3712 327 3778 nerium
342 3710 465 3801 Ἀλύβη
488 3716 614 3793 dicitur,
636 3718 845 3784 scribendum
862 3719 904 3786 sit
922 3721 1064 3808 Χαλύβη
1084 3745 1128 3787 an
1144 3721 1204 3808 qui
1219 3723 1327 3808 vulgo
1388 3773 1389 3794 ι

196 3811 370 3897 Chalybes,
386 3812 559 3880 homericis
575 3818 778 3901 temporibus
794 3820 951 3904 appellati
968 3823 1034 3886 sint
1044 3824 1186 3908 Alybcs.
1208 3819 1327 3912 Ἰταῖνη

194 3913 252 3978 καὶ
271 3909 400 3979 ’istorio
415 3906 575 3997 ’Ἀρτεμις
596 3916 691 3982 Suid.
714 3929 770 3982 sut
795 3919 829 3982 in
851 3922 983 3987 nomine
1010 3935 1097 3988 errat
1121 3937 1180 3990 sut
1205 3927 1243 3990 in
1265 3948 1328 3991 co·

193 4013 365 4098 gnomine3
391 4036 467 4077 num
485 4013 636 4078 Minerva
654 4012 781 4082 Ἰτωυιά
809 4018 944 4098 dicitur,
972 4023 1085 4088 Diana
1109 4024 1269 4092 Χιτωυία
1292 4035 1331 4090 et

195 4109 339 4200 Χιτώαφ.
361 4151 402 4162 -
437 4113 666 4180 Consonarum
684 4115 854 4182 mobilium
875 4122 989 4187 ultima
1012 4135 1063 4190 cst
1085 4126 1141 4211 psi
1165 4125 1325 4212 exemplo

193 4211 308 4275 unico:
338 4209 356 4279 ὁ
381 4210 588 4302 Ἡρωδιανὸς
615 4215 712 4301 παρὰ
740 4217 778 4284 τὸ
809 4210 920 4304 ιῖμμος
948 4223 1039 4308 λέγει
1065 4221 1216 4316 ψάμμος
1239 4227 1325 4294 ΕΜ.
