2825 4809
115 369 169 436 Da
187 362 306 432 ALIIS
329 359 567 430 SYNCOPAE
588 358 866 432 GENEROEUS.
891 361 931 430 Ο.
943 362 970 429 Ι.
987 365 1013 450 t.
1021 362 1052 430 5.
1080 369 1154 444 ³65

74 541 285 638 οωματοειδὴς,
308 542 558 633 ὀνοματοθέτης
578 557 639 614 etc.
662 546 764 614 altera
792 549 942 616 concisae
964 550 1077 616 similis
1100 547 1155 619 oei-

72 647 212 737 μακοορία
233 648 321 734 apud
340 648 523 714 Pindarum
544 648 643 736 alpha
662 648 763 728 brevi,
787 645 996 737 ἆομᾳτροχία
1009 653 1072 736 ¹⁸),
1094 677 1156 738 yc-

71 748 194 838 λαθηνός
218 749 308 835 quod
340 772 382 815 ex
411 749 578 816 homerico
612 747 698 836 γάλα
730 753 867 838 θῆσθαι
898 751 1157 837 conglutinatum

70 863 193 942 putatum
220 851 312 916 tertia
336 851 415 916 item
441 874 483 916 ex
509 852 655 937 genitivo
683 861 850 918 contrecta
879 852 939 918 sed
959 854 1023 920 alio
1044 855 1155 934 modo,

69 957 117 1021 hoc
138 965 182 1019 est
206 953 312 1040 ellipsi
339 953 475 1017 duarum
507 953 743 1020 continentium
773 954 955 1033 literarum,
991 977 1157 1022 consonae

69 1058 125 1123 dico
155 1077 235 1142 quae
264 1055 413 1120 ultimam
445 1056 571 1121 orditur
591 1066 625 1122 et
649 1055 772 1121 vocalis
795 1077 892 1140 quae.
900 1078 972 1120 eam
994 1058 1158 1124 antecedit

68 1154 249 1245 αἱμόφυρτος
275 1157 369 1240 (cum
397 1166 492 1243 trope
526 1157 634 1223 ionica
669 1154 886 1244 αἱμηπόοης),
907 1151 1155 1244 ἄγαλμαούπος,

68 1258 269 1343 ιυμοδέγμων,
290 1253 526 1343 γαλοπάροχος
546 1260 639 1336 altor,
662 1253 911 1344 δερμόπτεοος,
933 1259 1156 1344 κερμοδοτεῐν,

67 1355 258 1442 πομοόόκος,
281 1358 538 1443 πεομοδρομιῖν,
558 1357 751 1446 χειμοθνής.
792 1359 852 1427 Sic
866 1359 1059 1426 Eustathius
1083 1361 1156 1446 qui-

67 1462 123 1526 dem
140 1460 215 1526 hacc
237 1470 316 1524 nata
337 1482 410 1526 esse
432 1470 545 1526 censet
561 1458 653 1538 1895,
666 1460 718 1526 34.
741 1457 779 1525 τὸ
805 1456 1055 1548 αἱμοφόρυκτος
1079 1487 1156 1549 σογ-

67 1563 199 1628 ιὲιοπιαι
220 1557 335 1646 ὥςπερ
357 1562 396 1626 τὸ
416 1557 616 1649 αἱμόῤῥατος
633 1559 743 1628 καὶτὸ
766 1557 979 1650 αἲμοβαφής,
1002 1563 1156 1649 idemque

67 1662 189 1726 stauisse
218 1662 351 1727 videtur
382 1663 424 1727 de
456 1658 650 1748 δοροεογός,
694 1658 917 1752 γουνοπαχής,
956 1661 1155 1754 κεροφόρος,

66 1758 207 1850 ὖόογενής,
238 1764 442 1851 φρεάντλης,
476 1762 672 1848 quibuscum
700 1763 884 1828 consistunt
916 1764 1155 1852 κερατοφορος,

66 1860 305 1952 ὄοραιογλύφος,
321 1860 585 1951 φρεατορύκτος,
603 1859 845 1951 ὑδατοτρεφής,
866 1886 974 1949 neque
989 1865 1158 1952 indignam

65 1964 200 2029 llmtathii
227 1966 366 2050 ingenio
395 1966 614 2050 conjecturam
639 1962 795 2028 iaciemus
822 1964 850 2030 si
880 1966 967 2031 idem
992 1987 1157 2032 sumamus

66 2066 96 2130 de
113 2061 370 2152 propriisApssp
370 2062 499 2143 ιόκλεα,
523 2064 753 2150 Τριτογένεια,
771 2061 1042 2154 Ἀπολλόδωρος,
1067 2067 1158 2153 quod

66 2166 262 2232 Gaisiordus
252 2191 290 2231 m
313 2167 393 2232 EM.
416 2166 488 2244 702,
509 2166 563 2231 43.
593 2165 770 2252 supposuit
798 2189 859 2253 pro
880 2161 1156 2292 Ἀπολλώδωρος,

66 2289 103 2333 cu
97 2269 214 2333 simile
226 2262 497 2367 Ἀπολλοφάνης
508 2266 572 2351 ¹⁹).

126 2371 245 2439 Verum
270 2379 379 2432 tamen
400 2367 465 2434 hoc
488 2377 593 2432 totum
614 2390 719 2454 genus
738 2389 905 2455 syncopae
923 2368 1021 2434 nodis
1049 2370 1157 2435 cxsol

62 2471 126 2534 titur
144 2471 235 2536 s1illi
258 2468 319 2554 qui
339 2469 544 2535 brevioribus
563 2469 615 2533 usi
635 2479 711 2533 sunt
728 2491 893 2534 consonae
909 2470 1050 2538 nominis
1066 2471 1156 2558 prin-

62 2572 153 2658 cipalis
173 2572 325 2659 proxime
346 2580 556 2637 attexuerunt
575 2570 722 2636 vocalem
743 2571 957 2636 connexivam
974 2569 1157 2649 κιαι-ό-

62 2698 162 2752 ιιοπος
183 2683 215 2738 et
237 2683 357 2751 cetera,
378 2671 498 2757 quibus
515 2671 653 2738 conferri
672 2681 812 2759 possunt
828 2671 929 2750 letina
945 2671 1157 2758 foedifragus,

60 2771 217 2853 homicida,
243 2774 464 2859 sanguisuga,
489 2773 675 2850 horrificus,
700 2773 883 2850 rumificus3
916 2793 990 2838 cum
1013 2798 1157 2857 κυματο-

60 2872 130 2962 πλήξ
145 2898 220 2941 vero
245 2885 281 2940 et
306 2875 465 2941 similibus
486 2875 640 2940 convenit
660 2875 889 2962 odorisequus,
913 2873 1074 2961 soporiier
1096 2885 1156 2940 etc.

61 2976 150 3042 Verbo
171 2988 270 3043 tenus
294 2977 441 3064 attigisse
466 2977 586 3043 sufficit
611 2972 783 3062 ἰχωῤῥοεῖν
805 2977 896 3061 quod
920 2985 1049 3062 praeter
1067 2975 1158 3040 locos

60 3076 193 3146 inThes.
218 3080 338 3145 citatos
361 3078 482 3164 legitur
502 3078 537 3142 in
557 3077 650 3142 Mod.
679 3077 791 3162 Mosq.
813 3078 860 3143 X.
887 3077 944 3154 34,
966 3077 1040 3142 333.
1059 3071 1157 3142 Ῥαι-

61 3178 205 3259 scoticos
235 3168 306 3247 non
337 3179 384 3244 ita
410 3189 448 3243 ut
475 3178 746 3267 ῥαιοτηροκοπία
777 3178 995 3265 compositum
1021 3186 1071 3242 est
1100 3177 1160 3242 sed

61 3301 117 3345 cnm
133 3283 264 3348 nominc
288 3280 513 3347 declinationis
535 3280 661 3366 primae
687 3287 725 3342 ut
753 3274 1036 3365 πρεσβοτοδόκος,
1065 3303 1159 3366 νηρι-

59 3378 209 3469 ιοιρόφος.
249 3382 440 3450 Genitivum
457 3381 607 3468 adjectivi
625 3390 828 3468 amputatum
840 3402 912 3446 esse
924 3380 1036 3446 statuit
1048 3379 1159 3446 Choe-

60 3481 195 3550 roboscus
213 3484 250 3549 in
274 3484 397 3550 Psalm.
422 3485 494 3563 122,
517 3481 548 3547 8.
572 3481 610 3549 εἰι
630 3485 690 3548 τοῦ
713 3484 783 3558 πᾶς
805 3476 932 3559 παντός
953 3481 1088 3549 καὶτοῦ
1111 3481 1160 3570 ῥῶ

114 3722 155 3790 18)
173 3719 333 3794 αματροχίη
352 3717 414 3773 ἀντὶ
437 3721 486 3774 τοῦ
507 3715 712 3789 ἂρμαιοτροχίη
732 3735 800 3768 κατα
825 3715 975 3788 [ἰξαίρεσιν
995 3717 1044 3770 τοῦ
1064 3737 1080 3787 ο
1101 3715 1160 3784 καὶ]

61 3805 185 3875 caynonis
202 3811 250 3876 τῆς
270 3827 299 3861 το
321 3807 388 3860 Sch.
407 3804 469 3859 Nic.
490 3803 546 3858 Th.
560 3803 620 3858 263.
640 3799 690 3871 qni
709 3802 863 3856 vocabula
870 3799 1018 3854 confundit
1039 3800 1159 3856 diversa.

60 3887 94 3942 lle
108 3900 222 3948 accentu
239 3911 336 3946 monui
328 3890 392 3944 'ad
407 3891 513 3944 Buttm.
527 3891 587 3944 424.
619 3885 765 3951 Exaeresi,
784 3902 866 3957 quam
884 3885 930 3940 hio
948 3885 1037 3955 fingit,
1054 3884 1161 3955 Diony·

60 3972 104 4029 sins
117 3977 178 4034 Per.
195 3996 265 4032 usus
282 3984 327 4032 est
337 3974 468 4050 Σαμάται
481 3974 579 4030 dicans
595 3992 649 4046 pro
660 3967 816 4046 Σαομοιαι.
836 3975 945 4045 Φατρία
962 3978 990 4026 et
1007 3970 1063 4024 alia
1079 3969 1161 4026 attuli

61 4057 355 4222 Pmll)¹dpsp1ellativo
369 4141 610 4220 ἀλεκτρυοπῶλιον
622 4146 696 4199 dnae
710 4144 813 4198 desunt
827 4147 876 4194 aut
893 4139 1020 4210 ejusdem
1036 4139 1161 4210 syllabae

61 4229 143 4288 liberm
155 4245 203 4290 aut
216 4232 377 4290 confinium.
395 4231 572 4303 Ἀμεινοκλῆς
581 4238 611 4286 ct
623 4226 776 4303 πλεομελὴς
788 4243 873 4299 supra
883 4225 972 4297 attigi.
995 4225 1052 4282 Pro
1061 4224 1162 4282 Ἀπολ-

61 4317 193 4392 λονηοίιης
210 4323 310 4396 Steph.
328 4320 511 4376 casaubonus
525 4315 796 4386 Ἀπολλωνονησίιης
811 4310 918 4368 scribit.
