2825 4809
248 372 299 447 6⁰
405 386 407 391 ’
614 362 934 433 Dlssmtrnrlo
966 364 994 430 I.

250 548 378 639 ἑιόραιν,
408 542 591 637 ἐῳνοχύουν
617 548 767 615 Macrob.
796 549 839 615 de
860 549 961 617 Verb.
984 548 1055 615 710.
1079 546 1183 633 idque
1204 549 1345 617 sancium

249 664 300 719 est
328 650 451 719 edicto.
466 646 627 717 catholico
648 650 822 737 Apollonii
841 651 881 719 τό
900 639 1127 731 ἷπλεονόζον
1146 648 1181 717 ἐν
1208 651 1346 719 δισυλλά-

248 760 324 839 βοις
346 746 540 838 ἀναβιβάζει
562 751 619 817 τδν
641 750 755 850 τόνον,ἱ
768 754 829 820 sed
850 750 988 830 addidit,
1010 761 1107 837 puto,
1131 751 1305 819 cautionem
1323 749 1347 819 εἰ

250 856 295 943 μὴ
318 851 336 922 ό
356 850 530 942 χαρακτὴρ
558 849 697 932 κωλύοι,
726 853 942 919 necessariam
961 852 1059 940 {illam
1088 864 1226 940 propter
1250 874 1348 919 socen

249 956 448 1025 homericam
471 977 490 1018 a
517 954 747 1021 Grammaticis
771 955 969 1042 disputatum
1000 955 1035 1020 in
1063 954 1143 1023 Seli.
1163 954 1234 1020 131..
1256 954 1297 1019 ad
1316 954 1348 1019 Il.

249 1058 348 1127 XIV.
373 1056 447 1123 465.
475 1055 554 1123 EM.
585 1055 664 1135 735,
694 1056 725 1123 8.
752 1057 849 1145 παρὰ
876 1056 914 1127 τό
945 1055 1010 1140 ἔχω
1032 1055 1160 1142 γίνεται
1190 1052 1284 1138 ι’χμύς
1304 1055 1350 1121 καὶ

251 1157 415 1231 διπλιόοει
441 1157 540 1243 (adde
562 1155 694 1245 ἕεχμός)
718 1152 766 1238 ὡς
787 1156 923 1244 ἐέλδωρ,
945 1152 1019 1226 εἶτα
1038 1161 1154 1246 τροπῇ
1176 1154 1292 1239 εὀχμός
1306 1151 1374 1221 ιιαῖΙ

249 1257 443 1345 οιινεοχμύς,
484 1261 575 1346 quod
606 1282 673 1325 non
704 1260 769 1325 alio
801 1271 939 1328 accentu
970 1259 1079 1326 notari
1110 1267 1240 1345 poterat
1268 1278 1351 1341 quan

249 1360 410 1447 πλοχμός,
430 1359 558 1445 μιιχιιός
578 1370 639 1427 eto.
664 1385 695 1426 v.
716 1362 837 1428 Parall.
857 1361 932 1428 395.
964 1364 1019 1429 De
1035 1358 1270 1446 monosyllabis
1285 1380 1351 1425 oon·

249 1464 382 1531 tranium
403 1463 742 1551 praeciperevidetur
760 1464 1076 1531 inPron.,107.eb
1099 1459 1135 1533 ἓέ
1157 1461 1190 1531 εἰ
1212 1456 1283 1529 κατ’
1305 1456 1354 1547 tip-

248 1566 309 1655 χὴν
329 1560 480 1645 ὀξύνοιτο
509 1562 704 1650 παράλογον
726 1565 794 1646 ἕξει
814 1566 874 1634 τόν
899 1560 1012 1635 τόνον·
1038 1562 1108 1634 εἴτε
1136 1564 1204 1653 γὰρ
1232 1561 1270 1630 τό
1293 1557 1356 1629 δεύ-

249 1692 346 1750 τερον
368 1654 395 1735 τ’
408 1661 618 1744 ἐπλεόνασεν,
642 1665 676 1733 ἐν
698 1661 791 1754 αύτῷ
808 1664 828 1735 ό
847 1663 924 1748 ὀξύς
938 1664 1034 1747 τόνος
1051 1665 1230 1756 γενήσεται
1246 1661 1356 1744 ὁμοίως

248 1771 297 1855 τῷ
320 1759 343 1856 ἤ
365 1765 422 1835 καὶ
443 1762 497 1856 ἠέ·
518 1762 585 1835 εἴτε
606 1765 645 1833 τό
669 1760 786 1853 ὄρχον,
810 1764 846 1835 τό
866 1794 903 1853 γε
926 1765 958 1836 οἱ
978 1767 1191 1853 πλεονασμοὶ
1211 1765 1290 1846 τοὺς
1310 1760 1359 1830 τό·

250 1894 326 1947 νιιας
355 1873 496 1957 τηροῦσι
528 1864 579 1938 ἑοῖ
608 1864 666 1937 ἑοῦ
678 1868 745 1955 ¹⁹).
777 1870 822 1934 Id
840 1870 978 1937 fortasse
998 1870 1129 1936 intuens
1154 1868 1268 1938 Sobel.
1287 1868 1357 1931 Hes.

250 1970 315 2036 Th.
338 1970 410 2037 145.
426 1970 639 2037 numeralium
663 1970 804 2059 primum
826 1995 845 2037 a
864 1973 1057 2059 pleonasmo
1079 1971 1229 2058 sejungit
1247 1968 1288 2037 τὸ
1305 1968 1363 2046 ἕεις

250 2071 321 2141 ἐστὶ
353 2070 517 2159 διαίρεσις
549 2073 828 2159 περισπωμένης·
858 2075 918 2139 sed
950 2073 1099 2160 plerique
1130 2074 1173 2139 id
1205 2071 1361 2157 rejiciunt3

249 2173 388 2260 primum
401 2174 601 2259 Apollonius
614 2173 688 2240 loco
706 2172 763 2241 illo
780 2175 869 2241 unde
888 2175 1054 2262 proiectus
1069 2198 1153 2254 sum,
1177 2186 1250 2241 tum
1261 2170 1363 2243 Sobel.

251 2272 521 2341 Od.X11.417.
548 2272 587 2341 τό
614 2278 730 2343 θέειον
753 2273 968 2361 πλεονασμός
994 2276 1083 2346 ἐστιν
1106 2273 1155 2356 uic
1173 2269 1232 2356 ἐἷς
1254 2274 1318 2353 ἕεις
1336 2284 1364 2336 et

249 2376 459 2443 Herodianus
489 2375 561 2462 ipse
589 2374 624 2441 in
651 2374 816 2445 Choerob.
840 2378 921 2448 Can.
944 2378 1024 2456 246,
1055 2380 1107 2461 24.
1127 2379 1215 2447 ΕΜ.
1247 2374 1366 2455 16,18.

249 2478 288 2547 τὸ
311 2472 511 2565 όδελφίδεος
533 2473 593 2545 οὐκ
622 2473 693 2546 ἀπὸ
722 2484 783 2547 τοῦ
808 2475 1019 2568 όδελφιδοός,
1041 2480 1213 2551 οὐδέποτε
1234 2479 1299 2566 γὰρ
1320 2473 1367 2545 εύ-

249 2583 331 2646 θεῖα
361 2574 548 2646 διαλύεται·
576 2576 614 2646 τό
644 2577 708 2667 γὰρ
732 2579 798 2659 ἕεις
823 2581 910 2649 κατὰ
937 2582 1151 2666 πλεονασμὸν
1181 2580 1255 2665 ἔχει
1283 2568 1368 2647 ab}

250 2678 353 2764 Quod
376 2678 404 2745 si
425 2679 605 2766 generatim
628 2691 727 2767 atque
747 2682 897 2749 universe
919 2684 1030 2763 edixit,
1050 2707 1118 2750 non
1136 2686 1251 2750 solr‘rm
1267 2682 1368 2749 nomi·

249 2782 377 2849 nativos
405 2777 487 2859 πύϊς
511 2792 544 2847 et
572 2775 624 2861 όϊς
651 2794 712 2869 pro
736 2785 855 2852 nativis
875 2785 1004 2866 habuit,
1032 2787 1290 2873 monosyllabas
1316 2808 1372 2872 pro

250 2882 434 2963 contractis,
457 2883 627 2950 sedidem
650 2885 750 2953 etiam
772 2888 813 2953 de
834 2882 950 2967 ύϊστός
971 2901 1005 2955 et
1025 2884 1118 2972 όὶζύς
1137 2890 1302 2955 statuisse
1319 2910 1371 2953 ex·

248 2986 443 3055 intimandus
472 2996 538 3064 est,
568 2986 630 3051 etsi
651 2986 735 3054 haee
755 3012 775 3053 a
795 2988 966 3075 primitivis
984 2988 1049 3059 0t'o
1069 2992 1172 3076 (unde
1194 2986 1376 3075 ύύνοιστος)

250 3100 283 3159 at
304 3086 343 3159 ού
360 3086 440 3173 olleo
461 3086 593 3175 longius
614 3100 740 3157 remota
762 3101 839 3157 sunt
859 3114 959 3178 quam
978 3091 1140 3178 bisyllaba
1163 3116 1258 3179 quae
1272 3090 1377 3159 Attici

249 3200 460 3279 receperuut;
485 3212 584 3276 quare
615 3192 715 3278 vulgo
749 3193 889 3260 diaeresi
913 3193 1128 3278 subjiciuntur
1153 3218 1185 3261 v.
1207 3196 1378 3283 Apollon.

248 3294 336 3361 Auv.
358 3292 431 3368 538,
455 3292 506 3357 10.
527 3294 608 3359 ΕΜ.
630 3294 702 3372 620,
726 3295 755 3360 8.
800 3298 924 3363 Verum
944 3306 1002 3361 aut
1021 3296 1115 3361 valde
1139 3318 1215 3363 erro
1239 3307 1306 3363 aut
1325 3296 1380 3360 ille

250 3416 382 3480 quoque
414 3394 563 3479 regulam
593 3397 775 3463 ommatius
806 3398 1032 3465 determinavit
1058 3398 1264 3487 exceptione
1300 3398 1380 3465 cha·

248 3495 399 3575 rectoris,
430 3516 543 3595 quem-
556 3496 680 3565 indicat
704 3500 869 3587 Aroaffius
901 3525 934 3588 p.
956 3501 1009 3568 92.
1037 3499 1082 3570 τὰ
1101 3490 1210 3580 cic—o}
1234 3498 1382 3590 θηλυκὰ

250 3595 436 3667 ἐντείνοντα
457 3596 496 3667 τὸ
520 3624 539 3666 v
562 3592 726 3681 ὀξύνεται,
747 3597 901 3688 πληθύς,
926 3597 1053 3689 ἐδητύς,
1073 3597 1167 3685 όϊζύς
1187 3612 1257 3668 eto.
1286 3602 1385 3667 etde

197 3794 200 3803 Ἰ
248 3698 349 3765 altero
371 3720 492 3785 genere
513 3723 547 3787 p.
570 3699 622 3780 83,
644 3702 696 3769 20.
718 3703 761 3773 τὰ
784 3689 945 3783 slebre}
959 3702 1189 3794 προςηγορικὰ
1210 3698 1388 3784 ὀξύνεται

318 3909 363 3979 10)
376 3908 424 3965 Sic
434 3907 630 3965 Moblhornius
649 3909 772 3965 Gramm.
786 3908 821 3964 Τ.
838 3909 933 3964 1232.
952 3903 1063 3979 scripsit
1078 3924 1132 3979 pro
1149 3905 1198 3974 ἔοι,
1211 3904 1282 3971 ἴου,
1298 3906 1330 3961 te
1345 3906 1389 3961 cl.

250 3994 412 4053 Skrzeczka
430 3995 590 4051 Observatt.
610 3993 639 4049 in
659 3994 755 4066 Apoll.
770 4015 799 4067 p.
815 3997 855 4049 10.
869 4014 898 4050 ιι.
911 3997 952 4047 54.
973 3992 1098 4049 Genitiri
1109 3993 1156 4047 ἑοῦ
1167 3999 1316 4047 auctores
1333 4011 1392 4047 no·

247 4081 335 4137 minat
346 4082 493 4138 Mustzell.
506 4084 542 4137 dc
557 4082 669 4151 Theog.
682 4084 741 4137 205.
763 4078 823 4137 ‘an‘
831 4081 1024 4151 pleonasmnm
1040 4080 1156 4136 atticum
1171 4081 1289 4135 babere
1312 4078 1390 4133 dicit

249 4167 345 4223 Schol.
360 4168 537 4224 oo.1v.au.
563 4166 705 4237 Ambigua
723 4154 850 4238 loquitur
865 4166 1034 4239 Apollonius
1052 4167 1081 4221 in
1101 4167 1172 4222 Lex.
1188 4186 1216 4238 p.
1233 4167 1290 4221 62.
1309 4162 1347 4221 τὸ
1363 4166 1397 4222 ἑέ

248 4252 307 4311 κατ’
324 4256 479 4324 ἰπέκιααιν,
492 4252 601 4311 sedhic
616 4272 731 4325 quoque
750 4252 895 4325 epectasin
912 4252 1019 4324 primae
1038 4252 1162 4324 syllabae
1179 4250 1324 4309 indicare
1345 4253 1392 4307 vi·

249 4340 342 4405 datur,
359 4358 416 4400 uon
431 4358 492 4399 eam
503 4356 576 4416 quae
593 4338 708 4414 proprie
721 4340 760 4397 ita
774 4338 877 4398 dicitur
887 4340 942 4395 hoc
954 4345 998 4397 est
1006 4336 1329 4414 prossohematismum.
