2825 4809
250 308 326 388 490
607 300 926 378 DISSERTATIO
955 308 1017 380 1v.

249 495 361 562 Ambo
382 495 482 583 igitur
500 505 629 582 praeter
648 497 889 584 prothysteron,
908 497 999 584 quod
1018 495 1061 562 ad
1079 495 1326 586 schematologiam
1380 539 1381 568 ;

250 598 408 686 pertinet,
443 608 583 684 quotuor
613 598 711 684 hujus
744 622 764 664 a
795 611 952 666 consueto
987 600 1205 666 declinationis
1233 625 1328 689 genera

250 710 438 777 numerant,
464 701 605 787 primum
626 702 805 781 literarum,
836 703 971 769 alterum
994 701 1201 787 syllabarum,
1227 706 1328 770 tertium

250 802 331 868 illud
352 825 418 888 quo
440 803 673 870 vocabulorum
698 806 943 898 conjunctorum
970 819 1079 892 partes
1101 815 1329 893 transponuntur,

251 913 403 990 quartum
428 904 606 970 dictionum
635 917 866 993 separatarum.
913 905 1044 972 Horum
1069 906 1134 973 duo
1160 918 1286 972 extrema
1306 909 1330 972 in

251 1006 341 1072 exitu
370 1004 466 1090 hujus
496 1007 728 1095 disputationis
759 1007 980 1076 tractabuntur
1012 1009 1071 1076 ssd
1099 1008 1233 1074 breviter
1255 1011 1330 1076 modo

251 1108 452 1196 strictimque
480 1110 557 1195 quia
586 1112 629 1177 ad
658 1111 757 1176 alium
787 1112 895 1178 locum
924 1110 1106 1198 pertinent,
1137 1110 1200 1176 duo
1225 1111 1331 1196 reliqua,

252 1211 281 1276 si
303 1234 372 1277 rem
393 1222 594 1300 spectamus,
619 1237 721 1278 unum
741 1225 817 1278 sunt
840 1223 871 1278 et
892 1213 926 1276 in
951 1213 1014 1279 hoc
1035 1213 1220 1278 metathesis
1239 1236 1331 1278 nonen

251 1313 417 1400 propriam
436 1315 548 1379 sedem
565 1313 673 1382 habet.
717 1314 774 1382 sio
792 1323 900 1379 autem
917 1315 1100 1401 appellatur
1119 1314 1333 1400 inconjugarun

252 1413 461 1480 affectionum
488 1415 544 1481 illa
572 1439 668 1500 quam
692 1416 863 1506 Josephus
890 1415 1045 1482 describit
1071 1417 1107 1480 in
1129 1415 1264 1502 Synops.
1280 1415 1333 1480 569.

253 1514 295 1581 Τ.
318 1515 383 1580 ΠΙ.
417 1515 467 1581 his
499 1516 606 1582 verbis
638 1508 820 1602 μετάθεσίς
852 1515 922 1582 ἔστι
956 1514 1123 1598 στοιχείου
1156 1516 1335 1603 μετακίνησις

253 1610 323 1682 άπὸ
344 1621 405 1704 τῆς
427 1613 517 1695 ἰδίας
537 1614 662 1699 τάξεως
684 1614 741 1707 ἐφ’
767 1613 882 1704 ἑτέραν
903 1617 996 1698 τάξιν
1019 1607 1090 1685 οἷον
1112 1614 1221 1704 δαρτά
1245 1615 1333 1698 ὀραιά,

253 1714 377 1802 καρδία
404 1717 544 1805 κραδία,
574 1714 695 1805 κάρτος
722 1716 852 1802 κράτος.
902 1719 998 1784 Haeo
1026 1719 1163 1806 quidem
1189 1717 1285 1784 onnia
1306 1718 1335 1782 de

252 1840 319 1884 uno
340 1841 460 1904 genere
478 1829 584 1886 sumta
599 1830 688 1898 sunt,
707 1843 773 1908 quo
794 1820 906 1886 literae
929 1819 1075 1906 ejusdem
1095 1819 1237 1907 syllabae
1255 1821 1336 1885 locun

251 1920 336 1986 inter
358 1943 393 1986 se
415 1931 622 1988 commutant.
671 1920 742 1989 Sed
765 1944 924 2010 persaepe
947 1921 1044 1988 etiam
1070 1921 1202 1988 vocales
1228 1931 1257 1987 et
1280 1943 1336 1987 con·

254 2044 354 2088 sonae
381 2046 423 2089 ex
449 2023 550 2091 altera
571 2023 696 2110 syllaba
719 2023 754 2088 in
776 2022 907 2090 alteram
932 2025 1183 2111 transmigrant3
1212 2047 1270 2109 quo
1289 2024 1337 2088 dis·

253 2125 387 2190 crimine
419 2125 589 2191 observato
622 2124 824 2193 Scholiastcs
857 2125 899 2190 ad
930 2125 998 2192 Od.
1022 2125 1087 2191 III.
1118 2125 1192 2190 180.
1224 2134 1254 2190 et
1277 2123 1338 2191 Gre-

252 2228 366 2314 gorius
387 2227 461 2293 489.
485 2228 566 2293 duas
588 2227 685 2312 hujus
714 2225 895 2291 affectionis
924 2227 1051 2314 species
1078 2228 1274 2292 constituunt
1295 2247 1338 2290 no-

253 2328 394 2395 minibus
418 2329 602 2394 distincms:
627 2326 782 2414 διαφέρει
803 2327 988 2412 μετάθεσις
1011 2323 1245 2415 ὑπερθέσεως·
1264 2321 1281 2414 ἡ
1299 2324 1340 2411 μὲν

254 2430 315 2549 γάρ
338 2429 372 2496 έν
394 2433 434 2518 τῇ
458 2424 542 2521 αὐτῇ
564 2431 713 2517 συλλαβῇ
737 2427 875 2513 γίνεται,
902 2423 922 2516 ἡ
946 2428 982 2496 δὲ
1005 2425 1195 2516 ὑπέρθεσις
1216 2429 1248 2496 έν
1269 2423 1341 2515 έτέρρ

183 2601 190 2608 ,
255 2525 301 2608 ὡς
328 2528 366 2598 τὸ
398 2536 533 2608 νοθείας
565 2525 709 2608 ὀθνεῖος.
760 2529 959 2614 Plerumque
990 2540 1099 2595 tamen
1129 2529 1212 2598 haee
1240 2527 1342 2596 nomina

253 2624 428 2700 indiscreta
450 2641 539 2710 sunt,
560 2652 621 2696 neo
641 2653 716 2696 raro
739 2641 977 2698 eommutantur
993 2654 1067 2698 cum
1084 2632 1175 2710 aliis:
1197 2627 1342 2718 βάρδιστοι

254 2759 318 2800 κατ
322 2725 524 2801 ἀντίθεσιν
544 2738 605 2799 τοῦ
627 2759 647 2817 ρ
670 2729 715 2810 ὡς
736 2730 860 2817 κραδία
878 2734 960 2798 Ηεε.
981 2731 1020 2800 τὸ
1043 2723 1107 2822 ἦκα
1132 2731 1229 2817 παρὰ
1249 2729 1282 2798 τὸ
1298 2724 1342 2816 dri

254 2827 329 2901 κατ’
340 2827 575 2954 άντιστρρφήν
600 2833 680 2899 ΕΜ.
702 2831 781 2911 424,
805 2833 834 2898 8.
861 2831 988 2920 μοριές
1009 2835 1067 2901 καί
1089 2860 1155 2900 κατ
1158 2829 1344 2916 ἐναλλακρι

254 2940 314 3004 τοῦ
344 2963 364 3024 ρ
392 2936 518 3021 μροτός
545 2933 697 3022 Theogn.
725 2933 806 3002 Can.
833 2935 892 3012 64,
919 2935 950 3000 2.
981 2928 1165 3004 άλλότοκον
1198 2931 1254 2999 καί
1281 2923 1342 2996 καθ

253 3033 486 3122 οπερβιβασ
458 3061 508 3104 ιον
538 3030 720 3104 ἀλλόκοτον
752 3059 785 3125 p.
808 3036 868 3115 68,
897 3037 1012 3102 17.t
979 3046 1012 3100 et
1042 3036 1133 3121 quod
1167 3057 1234 3100 non
1263 3032 1344 3098 mnus

254 3140 402 3236 ineptum
419 3147 483 3203 est:
502 3131 627 3222 άνλέγαι
644 3163 700 3203 και
721 3133 803 3203 καθ’
822 3132 1055 3223 ὑπερβιβασρ
1028 3162 1079 3204 ιον
1093 3129 1246 3259 plyys‘llw
1259 3133 1344 3220 τροπῇ

255 3245 353 3306 τοῦν
381 3236 429 3316 εἰς
454 3264 473 3326 y
498 3239 578 3304 Ε.Μ
601 3264 635 3328 p.
660 3239 695 3317 6,
718 3237 770 3306 55.
803 3239 919 3305 Zonar.
944 3261 977 3324 p.
1000 3237 1052 3303 37.
1083 3231 1157 3303 άπὸ
1189 3241 1246 3302 τοῦ
1268 3227 1346 3306 τάλας

254 3365 319 3406 κατ
362 3333 683 3425 άναγραιιματισμὸν
712 3335 729 3407 ὃ
751 3333 876 3420 ’Ἁτλας
900 3341 995 3409 Eust.
1019 3337 1097 3418 962,
1122 3337 1177 3404 54.
1193 3335 1267 3424 ²)
1253 3363 1285 3404 εκ
1305 3333 1347 3400 τοῖν

257 3435 342 3527 ακρα
369 3467 430 3506 κατ
474 3433 795 3527 άναγραμματισμάν
823 3437 909 3526 κάρα
942 3466 975 3528 p.
999 3441 1071 3519 700,
1094 3441 1147 3506 57.
1198 3440 1266 3506 Νοε
1290 3456 1345 3500 vero

255 3544 306 3610 his
321 3542 499 3620 vocabulis,
523 3542 641 3628 quibus
657 3541 806 3631 plerique
827 3543 906 3608 alias
926 3543 1048 3609 formae
1067 3542 1249 3632 primitivae
1266 3548 1346 3604 muta·

256 3648 362 3713 tiones
386 3641 586 3732 significant,
614 3643 745 3710 omnino
768 3666 835 3710 non
857 3655 984 3710 utemur
1006 3647 1065 3712 sed
1088 3642 1346 3713 contenderimus

255 3748 420 3814 tralaticiis
444 3757 476 3812 et
497 3746 531 3810 in
553 3756 621 3810 arte
643 3746 717 3810 fixis
742 3745 888 3811 adhibita
909 3747 965 3811 illa
987 3748 1141 3834 Gregorii
1166 3743 1347 3812 distinctione

254 3849 459 3927 metathesis,
494 3870 579 3934 quae
612 3849 745 3936 proprie
779 3848 825 3912 ita
860 3848 976 3915 dicitur
991 3850 1041 3936 ³),
1080 3859 1113 3916 ct
1147 3839 1346 3936 hyperthesis

256 4003 590 4020 Μ

324 4093 353 4158 2)
372 4088 523 4162 Epitheton
541 4094 586 4143 est
605 4087 681 4158 apud
698 4081 979 4156 Hesychium”Arloc
997 4082 1011 4139 ὁ
1030 4081 1147 4157 ἄτολμος
1166 4077 1289 4150 ἀπειθὴς.

247 4248 252 4256 1
325 4194 354 4261 3)
372 4190 553 4248 Grammatici
573 4188 733 4260 saepissime
755 4191 810 4244 hoc
830 4189 942 4246 nornine
961 4186 1120 4260 significant
1141 4180 1350 4264 enallagenlite

257 4296 351 4363 rarum
363 4275 614 4349 qualiumcunque3
628 4275 714 4338 πίάαξ
728 4272 804 4350 παρά
820 4273 848 4332 τὸ
863 4277 956 4346 undar
969 4275 1038 4330 κατὰ
1053 4271 1208 4346 μετάθεσιν
1225 4275 1267 4330 τοῦ
1279 4292 1293 4340 η
1304 4270 1346 4326 elt¹
