2825 4809
266 293 343 367 142
634 285 957 356 DISSERTATIO
984 287 1013 354 1.

261 468 360 561 ὅρνις
380 483 421 538 et
434 476 541 561 ῥῆσις·
583 471 677 538 Inter
705 467 902 558 καλσβιίιης
923 481 957 536 et
979 466 1208 558 ἂσκαλαβυίιης
1225 475 1339 544 medium

261 577 432 660 interjacet
464 571 701 657 σκαλαβώτρς,
730 591 830 655 querc
858 572 984 636 nomini
1003 571 1185 658 vulgatiori,
1211 597 1269 660 quo
1286 580 1339 644 solo

263 687 398 743 ntnntnr
418 673 533 739 Latini
554 676 748 740 csmlabotss
773 672 929 750 dicentes,
953 695 1022 739 non
1043 673 1126 738 duae
1148 673 1235 738 simul
1252 676 1340 746 literas

262 779 325 844 sed
346 799 413 842 una
431 783 511 862 post
525 775 662 840 alteram
678 772 859 839 accrevisse
873 773 1011 851 videtin,
1034 772 1127 838 sicuti
1136 773 1233 864 verbo
1241 781 1342 858 βασκα·

263 880 381 967 ρίζιιν,
410 878 453 944 de
478 899 546 962 quo
578 874 743 963 posterius
771 874 906 942 dicetur.
953 876 999 940 Et
1014 874 1084 940 lieri
1107 883 1210 962 potest
1227 886 1260 940 ut
1279 877 1342 942 inter

263 979 417 1067 κάλαφσς
439 986 472 1043 et
499 973 700 1064 ἆσκάλαφσς
721 975 883 1060 ejusmodi
905 975 986 1060 quid
1006 974 1202 1060 interjectum
1219 975 1269 1052 sit,
1293 999 1341 1062 quo

263 1090 371 1148 sumto
411 1077 597 1166 prosthesis
633 1075 782 1142 bilitarae
819 1076 947 1164 species
992 1076 1163 1142 evanescit
1220 1077 1342 1144 Siniliter

264 1177 484 1262 ἀσκωλιάζειν
514 1202 535 1244 a
561 1177 727 1244 nonnullis
756 1176 800 1242 ad
829 1180 937 1246 κῶλον
969 1178 1083 1244 referri
1112 1199 1207 1265 supra
1232 1181 1342 1246 ostendi

258 1278 454 1364 ἰίτιίλμασα
484 1279 620 1363 ἅλματα
645 1278 786 1362 παίγνια
807 1277 997 1364 Hesychius
1021 1279 1155 1367 praebet
1177 1289 1207 1346 et
1221 1275 1343 1348 Ἀτίλλιι

263 1387 399 1472 ostorp,
421 1382 515 1466 cujus
537 1400 744 1465 synonymon
765 1387 816 1444 est
834 1377 1002 1448 ἅλλεσθαι
1025 1381 1150 1446 saltare.
1176 1382 1246 1446 Hoc
1262 1391 1344 1446 auten

265 1483 294 1547 si
317 1482 544 1568 componimus
566 1503 642 1546 cum
666 1479 775 1545 verbis
796 1480 950 1546 morendi
973 1477 1117 1558 σίλλων,
1140 1480 1283 1559 σαλεύειν,
1300 1506 1344 1548 σα-

265 1580 421 1661 λιέσσιιν,
450 1605 472 1646 a
499 1580 601 1650 σείειν
626 1591 776 1669 repetere
807 1581 1042 1667 compellimur.
1086 1583 1156 1648 Nec
1177 1582 1291 1648 difficile
1307 1581 1343 1646 in·

264 1681 397 1748 tellecta
417 1682 585 1768 quomodo
607 1677 763 1749 ἇσάλλειν
792 1703 813 1746 α
839 1683 977 1748 neutrali
1006 1683 1188 1750 exsultandi
1214 1682 1344 1769 signitica-

266 1783 356 1849 tione
376 1785 563 1850 traductum
586 1784 629 1850 sit
650 1783 694 1849 ad
717 1782 916 1848 transitivum
937 1785 1136 1863 nutricandi3
1157 1773 1228 1852 nam
1242 1784 1345 1850 infantia

266 1885 391 1971 gaudet
411 1896 446 1952 et
467 1885 564 1951 alitur
580 1895 673 1951 motu
693 1893 731 1948 ut
746 1883 842 1950 Plato
868 1883 929 1950 ait:
953 1891 1019 1952 ιιῦν
1034 1886 1179 1954 παιδίων
1192 1883 1225 1952 oi
1237 1885 1346 1971 μητέρες

266 1982 326 2068 οὐχ
348 1982 486 2074 ἡσυχίαν
507 1981 624 2064 αι’ποῐς
643 1984 846 2071 παρέχουσιν
871 1979 957 2052 ἀλλὰ
986 1987 1113 2074 κίνησιν
1135 1986 1168 2054 ἐν
1187 1993 1253 2063 ταῖς
1270 1980 1347 2068 ἀγκέ-

266 2089 343 2165 λαις
370 2081 424 2154 det
452 2087 605 2154 σείουσαι
632 2087 742 2173 Legg.
770 2089 849 2155 VH.
878 2089 950 2154 790.
971 2088 1017 2154 D.
1040 2124 1083 2136 -
1103 2084 1256 2172 Ἀσιαγήν
1280 2079 1347 2161 siloc

265 2179 408 2271 ίίρνιθσς
427 2185 467 2251 τὸ
490 2183 667 2270 λεγόμενον
687 2187 889 2276 καγηνάριον
910 2190 995 2254 Lex.
1018 2187 1063 2254 de
1086 2187 1173 2274 Spir.
1193 2187 1256 2252 213.
1277 2182 1348 2269 quod

266 2307 387 2352 nomen
418 2284 604 2352 etiamnunc
640 2288 736 2352 durat
768 2311 798 2356 v.
826 2291 962 2376 Menag.
1003 2289 1048 2352 ad
1082 2288 1183 2374 Diog.
1215 2285 1269 2354 IX.
1291 2283 1347 2348 nl

268 2385 441 2473 aphaeresi
454 2387 627 2454 manifesta
641 2389 794 2454 affectum
810 2391 870 2456 sed
885 2389 1028 2476 antiquis
1040 2390 1189 2476 ignotum
1199 2393 1256 2473 σι).
1279 2387 1348 2450 Hac·

267 2499 363 2553 tenus
385 2488 428 2552 de
457 2488 625 2555 vocabulis
657 2511 744 2574 quae
777 2491 818 2558 ab
847 2492 946 2580 alpha
974 2492 1155 2558 ordiuntur.
1174 2527 1213 2540 -
1235 2485 1350 2556 Ἐνέπιιν

266 2611 368 2654 unum
388 2598 440 2654 est
458 2589 641 2669 verborum,
664 2591 784 2676 quibus
802 2593 1002 2680 Apollonius
1023 2594 1274 2684 praepositiones
1293 2613 1305 2654 s
1322 2587 1350 2652 b·

268 2713 342 2756 esse
366 2690 479 2754 statuit
496 2691 530 2754 vi
551 2714 612 2756 sua
632 2692 821 2759 destitutas:
849 2693 909 2776 ίζω
936 2696 1086 2776 καθίζω,
1109 2695 1193 2764 stoa
1217 2691 1351 2765 καθεύδω,

267 2789 341 2860 έπω
362 2789 420 2856 καί
442 2790 551 2858 ἐνέπω
574 2786 614 2857 οὗ
635 2787 797 2880 διάφορα,
821 2791 899 2860 έπεί
920 2821 956 2878 γε
980 2796 1036 2863 καὶ
1056 2793 1109 2874 εἷς
1129 2793 1162 2864 ἓν
1182 2793 1299 2862 ἁπλοῦν
1309 2813 1352 2872 με·

265 2887 516 2975 ιαλαμβαένεσαι
537 2889 632 2976 Synt
654 2893 716 2961 IV.
747 2894 778 2971 7,
800 2894 874 2960 327.
902 2900 999 2964 πᾶσα
1024 2895 1193 2983 πρόθεσις
1221 2890 1240 2982 ἢ
1261 2889 1352 2979 χρόνον

152 3026 173 3081 g
266 2993 422 3081 σημαίνει
444 2987 464 3082 ἢ
492 2989 640 3079 ἔμφασιν
664 2988 684 3082 ἢ
709 2995 924 3078 πλεονασμὸν
949 2989 1021 3064 οἷον
1050 2995 1225 3081 ὑποδμώς,
1255 2989 1353 3073 ἐναλίγ-

266 3117 357 3177 κιος,
389 3093 517 3162 ἐννέπω
546 3093 659 3162 Sobol
684 3095 787 3162 Dion.
817 3120 850 3183 p.
880 3097 952 3162 927.
1009 3097 1078 3165 Sed
1109 3093 1299 3184 probabilior
1320 3097 1355 3155 est

204 3208 208 3215 '
264 3194 456 3260 Buttmanni
478 3196 592 3281 opinio
612 3194 686 3264 ἔπω
706 3198 848 3283 primum
867 3198 902 3264 in
927 3186 1188 3280 ibnso'abiisse,
1215 3189 1355 3262 dehincin

267 3293 393 3372 ἐνέπω,
416 3294 536 3378 quibus
556 3298 760 3382 respondent
781 3299 884 3364 latina
905 3303 1027 3376 insero,
1053 3304 1185 3386 inquom
1204 3321 1233 3365 v.
1256 3292 1355 3361 Techu.

267 3395 340 3460 137.
370 3394 570 3461 Germanam
595 3419 673 3462 vero
702 3401 983 3488 praepositionem
1009 3400 1132 3468 babere
1163 3392 1355 3466 videtur-ad-

265 3495 429 3575 verbium,
453 3498 496 3562 de
518 3498 695 3582 quoidam
721 3500 763 3566 de
783 3502 871 3567 Adr.
893 3501 967 3568 596.
990 3502 1086 3586 παρὰ
1106 3502 1144 3570 τὸ
1167 3496 1264 3586 ἀγχοῦ
1284 3491 1357 3564 δίκα·

264 3621 323 3664 σαι
346 3601 548 3685 γεγενῆσθαι
568 3598 608 3666 τὸ
625 3594 727 3686 ἆγχός
750 3602 945 3690 προςλαβὸν
966 3602 1027 3690 τὴν
1049 3601 1084 3670 ἐν
1104 3599 1270 3690 πρόθεσιν
1292 3589 1357 3662 κατὰ

335 3801 383 3871 bt)
396 3800 576 3856 indefinitum
588 3819 746 3874 pronomen
757 3797 824 3858 ι’ίιια
837 3819 873 3858 ex
886 3797 918 3858 ιιί
931 3802 963 3858 id
976 3809 1020 3856 est
1034 3800 1093 3860 ιινιί
1109 3811 1201 3860 ortum
1213 3816 1270 3858 esse
1282 3791 1358 3851 sudio

264 3886 351 3958 alpha
366 3886 564 3958 geminataque
581 3887 689 3943 dentali
708 3889 830 3944 affirmat
847 3889 913 3944 EM.
934 3891 993 3954 167,
1011 3889 1054 3943 35.
1073 3907 1159 3961 quam
1176 3889 1205 3944 in
1223 3882 1360 3959 opinionem

265 3981 367 4045 sponte
384 3991 434 4028 sna
451 3972 550 4028 incidit
565 3974 752 4030 Buttmannus
767 3975 890 4030 Gramm.
906 3975 932 4041 ξ.
945 3975 988 4028 77.
1003 3977 1068 4030 adn.
1089 3975 1191 4030 Verius
1206 3973 1360 4028 Hermanno

263 4061 302 4113 ad
313 4059 378 4130 vig.
392 4058 451 4114 713.
463 4059 615 4131 aspiratum
627 4059 722 4128 ιλιινιι,
737 4060 761 4114 si
772 4059 828 4116 rim
839 4059 983 4132 propriam
993 4060 1150 4128 amitteret,
1162 4058 1242 4116 simul
1254 4052 1361 4129 spiritum

262 4143 390 4201 amisisse
413 4153 518 4201 censet.
566 4146 610 4201 Ac
633 4164 669 4202 ne
693 4149 770 4200 hune
795 4145 910 4218 quidam
935 4149 1101 4204 mutandum
1126 4165 1188 4202 esse
1214 4139 1362 4218 putaverunt

265 4229 444 4288 Grammatici
462 4249 480 4287 a
497 4231 649 4288 Gaissordo
668 4231 813 4306 appellati.
