2825 4809
236 347 313 422 335
531 341 850 411 DISSERTATIO
873 343 918 410 Π.
961 341 1002 410 Ρ.
1025 343 1053 411 Ι.

239 532 302 596 lior
321 528 522 616 Apollonius
543 529 631 596 Λᾶν.
655 531 730 598 603.
761 525 871 602 ὀπίσω
894 528 1070 601 ὀντίσιοθεν
1098 525 1144 610 ὠς
1171 521 1242 596 άνιο
1265 521 1340 594 άνω-

236 643 299 700 θεν
321 631 378 698 ναὶ
399 635 552 720 capsaci]
574 623 722 700 ὄπισθεν
743 635 800 700 καὶ
828 631 898 703 cirri
931 639 989 701 τοῦ
1019 631 1131 718 ἔνερον
1160 630 1199 698 τὸ
1226 629 1341 708 ἐντελὲς

236 733 393 820 ε’νέροθεν
416 734 493 818 (sic)
515 734 571 800 καλ
600 732 686 800 κατὰ
715 736 887 824 σινγιιοπὴν
911 731 1056 818 ἔνερθεν.
1102 732 1247 802 sedhic
1271 754 1341 816 quo·

237 857 302 922 que
326 858 348 901 a
367 858 444 902 vero
465 834 609 912 aberrat3
633 859 711 902 nam
740 831 914 905 ὀπίοιοθεν
942 836 1092 923 ignotum
1114 845 1179 914 est,
1206 827 1343 902 άνττοθεν

238 949 346 1004 autem
368 961 409 1004 ex
433 931 557 1006 ὄπιθεν
578 949 686 1004 ortum
709 939 760 1024 (ut
780 937 935 1022 πρόσθεν
955 961 981 1004 e.
998 936 1146 1024 πράθεν)
1170 936 1344 1023 quodcum

236 1039 364 1122 ἑίιομαι
392 1048 425 1106 et
452 1030 534 1118 άπις
555 1040 702 1128 stirpitus
724 1063 909 1107 connexum
931 1050 994 1120 est,
1012 1041 1100 1106 unde
1123 1038 1265 1116 άνόιιιν,
1292 1061 1343 1102 ιτα-

236 1136 354 1220 τόντιν,
380 1137 523 1225 μετόπιν
549 1143 711 1229 pendent3
749 1165 811 1209 nec
837 1165 914 1209 vero
946 1142 1065 1230 legitur
1093 1140 1261 1228 ἕνὲριοθεν
1295 1138 1344 1202 sed

236 1238 373 1328 ἔνερθεν
398 1243 560 1309 contrario
582 1243 734 1329 ὕπερθεν
754 1245 1044 1312 accommodatum.
1075 1243 1268 1332 Dupliciter
1277 1263 1343 1306 vero
1389 1255 1390 1264 ’

237 1344 356 1410 dicitur
373 1340 583 1433 ἑκατέρωθεν
604 1357 638 1412 et
660 1343 841 1434 ἑκάτερθεν
863 1349 945 1413 illud
971 1369 1062 1413 more
1083 1347 1202 1412 usitetc
1228 1342 1271 1408 ab
1295 1343 1342 1406 ad·

234 1447 352 1529 jectivo
374 1447 578 1534 dispertitivo
600 1449 794 1528 derivatum,
824 1451 959 1516 alterum
984 1451 1075 1537 quod
1093 1449 1203 1536 Epim.
1225 1447 1256 1512 Ι.
1279 1445 1343 1510 290.

234 1560 270 1616 et
287 1548 528 1638 Moschopulus
550 1551 671 1618 Sched.
689 1551 761 1616 149.
785 1573 950 1641 syncopae
972 1552 1160 1631 attribuunt,
1182 1552 1342 1616 Homerus

237 1650 384 1718 versibus
404 1663 570 1738 utcunque
591 1654 701 1742 potuit
720 1638 896 1743 adaptavit.
930 1653 1014 1720 Cum
1036 1653 1153 1742 ἔνερθε
1177 1652 1268 1719 haud
1293 1650 1343 1717 ob·

235 1773 330 1820 scure
351 1752 506 1821 cohaeret
532 1754 716 1842 ἐνέρτερος,
747 1757 838 1841 quod
870 1756 981 1825 Schol.
1011 1757 1082 1824 BL.
1106 1755 1146 1822 Il.
1172 1757 1253 1822 XV.
1275 1753 1340 1819 225.

236 1879 277 1924 ex
300 1854 499 1943 λνιραλτερος
520 1867 722 1923 contractum
747 1869 842 1946 putat
870 1860 930 1926 sed
954 1869 987 1924 et
1010 1859 1074 1926 hoc
1101 1870 1234 1924 auctore
1262 1865 1345 1922 caret

236 1970 270 2024 et
290 1957 367 2026 hnic
390 1957 495 2026 simile
515 1954 743 2038 ὀπισιότατος,
766 1962 854 2026 unde
871 1961 1064 2028 Eustathius
1087 1962 1162 2040 716,
1188 1961 1242 2027 43.
1270 1953 1344 2026 ὀιιλ-

235 2083 358 2140 οτατος
378 2062 508 2148 repetit.
551 2063 724 2127 Postremo
749 2059 937 2151 ὑπέρτατος
966 2087 1033 2130 ιιοιι
1063 2087 1104 2130 ex
1133 2058 1346 2149 ὑπερώτατος

235 2174 342 2230 ortum
363 2163 423 2229 sed
446 2163 489 2230 ab
510 2158 596 2249 ὑπέρ
617 2164 800 2251 profectum
817 2175 867 2230 est
884 2177 922 2231 ut
939 2190 959 2232 a
976 2164 1043 2255 πρό
1060 2162 1226 2254 πρότερος
1236 2162 1344 2249 Apoll.

235 2265 323 2332 Adv.
345 2265 425 2344 556,
453 2267 506 2332 27.
562 2266 618 2333 De
645 2267 814 2351 adjectivis
844 2269 1008 2354 qualitatis
1043 2268 1124 2334 haec
1152 2275 1345 2336 memorant:

236 2362 307 2435 άπὸ
328 2373 388 2457 τῆς
412 2370 544 2454 τέρενας
565 2373 693 2456 γενικῆς
716 2365 836 2436 εάθεῖα
860 2374 983 2457 γίνεται
1007 2368 1026 2440 ὁ
1048 2373 1190 2458 τέρενος·
1215 2369 1253 2436 ἐκ
1275 2372 1346 2434 τοῦ·

234 2493 294 2538 τον
316 2468 355 2536 τὸ
377 2464 602 2554 τερενιότερον.
642 2465 681 2536 ‘0
705 2468 744 2536 δὲ
764 2464 962 2556 Ἀντίμαχος
987 2468 1057 2542 άπὸ
1085 2477 1144 2539 τοῦ
1177 2467 1195 2538 ὁ
1221 2471 1347 2558 τέρενας

236 2567 322 2638 νατά
355 2569 524 2657 σνγκοιιὴν
554 2568 725 2658 τέρεντρον
758 2572 835 2658 (sic)
872 2569 945 2643 άπὸ
976 2573 1095 2642 τούτου
1135 2570 1346 2666 τερενώτερος

233 2671 344 2758 Epim.
365 2671 394 2736 I.
415 2671 489 2737 413.
513 2692 597 2755 quae
618 2673 698 2738 satis
720 2677 877 2762 perplexe
898 2678 1020 2765 scripta
1037 2688 1112 2742 sunt
1135 2676 1195 2742 sed
1218 2686 1346 2740 senten·

235 2775 281 2840 tia
302 2773 402 2840 claret
425 2796 446 2838 a
473 2775 618 2840 sectmdo
648 2797 728 2841 casu
752 2783 811 2844 τοῦ
839 2778 970 2866 αι’ρενος
997 2781 1153 2845 reflexum
1186 2799 1261 2843 esse
1282 2776 1346 2863 pri-

234 2899 324 2944 mum
345 2871 364 2944 ὁ
385 2877 531 2962 τέρενος,
559 2877 636 2942 hinc
658 2890 766 2943 autem
786 2881 951 2967 proficisci
981 2881 1237 2970 comparativum
1257 2881 1345 2964 νέρε-
1390 2873 1391 2916 3

234 2974 384 3066 νάτερος,
407 3000 505 3063 quem
526 2976 567 3045 ab
588 2979 788 3047 Antimacho
815 2983 850 3047 in
873 2985 1059 3070 τερὲντερος
1088 2983 1345 3050 transformatum
1390 2973 1391 3042 ζ

234 3103 309 3148 esse
341 3104 401 3167 per
428 3103 607 3168 syncopen.
652 3080 738 3149 Cum
769 3084 833 3151 hoc
865 3087 1016 3152 convenit
1046 3082 1264 3172 μελάντερος,
1296 3082 1346 3148 cui

235 3181 489 3250 Choeroboscus
518 3182 600 3250 Can.
621 3184 668 3251 11.
694 3187 770 3252 280.
803 3189 982 3274 genitivum
1012 3191 1176 3274 μέλαντος
1211 3185 1345 3272 apponit

235 3284 423 3370 pariterque
447 3282 653 3364 ταλάντατος
679 3309 754 3353 cum
781 3291 946 3369 ταλανιος
971 3289 1113 3368 coniert,
1143 3291 1236 3375 quod
1262 3289 1345 3352 idem

236 3385 268 3450 h.
298 3386 320 3452 l.
347 3385 389 3450 ab
417 3386 616 3454 Antimacho
645 3392 809 3476 prolatum
838 3391 932 3470 dicit,
964 3403 999 3457 et
1029 3389 1246 3480 μακάρτατος
1274 3413 1346 3455 cum

234 3484 415 3576 μάκαρτος,
439 3489 495 3574 qui
518 3491 679 3576 genitivus
703 3517 723 3557 a
744 3493 937 3560 Theodosio
961 3495 996 3560 in
1016 3496 1099 3560 Arte
1117 3494 1190 3559 985.
1218 3494 1346 3582 ponitur

236 3602 452 3678 congruenter
483 3592 686 3660 substantivo
713 3592 892 3682 δάμαρτος.
936 3597 1030 3662 Haec
1059 3597 1102 3662 ad
1131 3596 1343 3662 nominativos

236 3704 293 3758 aut
313 3695 453 3761 novitios
474 3706 529 3760 aut
549 3697 686 3762 ficticios
702 3693 864 3783 μάκαρος,
881 3697 1033 3781 μέλανος,
1051 3699 1183 3781 τέρενος
1195 3719 1342 3765 ιενοοαιε

234 3797 366 3864 minime
388 3799 540 3864 convenit
565 3801 624 3864 sed
652 3800 763 3887 potius
789 3798 972 3886 terminatio
992 3785 1095 3887 ’τῖρίξ
1117 3801 1284 3887 adjectivis
1310 3799 1344 3862 in

234 3895 391 3984 liquidum
413 3901 607 3967 exeuntibus
629 3900 777 3990 proxime
800 3901 1002 3988 agglutinata
1024 3913 1075 3967 est
1091 3901 1176 3968 sicut
1189 3903 1224 3968 in
1244 3901 1341 3968 tribus

236 3998 353 4065 diversi
376 4002 519 4067 merismi
538 4001 745 4068 vocabulis
729 3999 899 4090 εάρτερος,
930 3998 1134 4092 άιμάρτερος,
1158 4001 1341 4091 ὑπέρτερος.

233 4097 410 4185 Rejicimus
438 4103 539 4190 igitur
568 4105 696 4190 quod
686 4127 721 4169 ιιι
745 4103 825 4171 ΕΜ.
854 4103 932 4183 546,
968 4106 996 4170 1.
1028 4104 1107 4171 dicit
1095 4117 1147 4171 tur
1173 4107 1320 4194 παρὰ
1289 4129 1344 4170 τιν

234 4225 331 4284 κονος
358 4207 487 4296 γενικὴν
516 4203 697 4295 κννώτερος
727 4206 784 4272 καὶ
809 4231 958 4294 συγκονιῃ
993 4203 1145 4297 κιλντερος
1169 4203 1215 4288 ὡς
1242 4159 1343 4294 μὲλάν

234 4303 461 4399 μελανώτερον
481 4305 680 4397 μελάντερον
701 4319 789 4394 etp.
814 4307 889 4386 795,
920 4308 971 4374 10.
1002 4306 1161 4400 φίλτερος
1188 4335 1283 4398 παρα
1304 4305 1339 4372 τὸ
