2825 4809
253 357 330 437 ³12
535 353 858 428 memmio
885 354 933 422 Π.
975 355 1017 422 Ρ.
1036 357 1084 427 11.
1159 361 1169 378 ⁸

250 538 347 618 lesit,
368 539 540 628 eropum
557 541 605 612 de
623 561 752 611 merone
770 565 839 610 non
856 541 921 610 hoe
939 541 1055 622 solum,
1077 542 1167 628 quod
1181 546 1280 616 miron
1293 563 1331 620 ont

250 640 426 710 eCratete
446 643 588 722 mouri,
615 644 677 712 sed
697 644 810 712 omnia
830 667 905 714 eum
926 643 1038 715 (θέλω
1066 647 1242 730 conjuncta,
1268 675 1332 737 quae

251 755 329 813 sunt
354 745 496 832 plorum
518 756 553 813 et
545 747 857 846 pervagatissimus.
910 747 964 818 Ita
991 747 1194 814 manifestum
1217 751 1249 814 fit
1273 776 1332 837 syn-

251 867 360 933 copen
373 769 600 927 literurum‘P
556 871 599 938 ησ
612 848 703 914 baud
718 849 870 916 omnibus
891 847 1065 936 probatam
1084 871 1156 916 esse
1171 843 1386 938 minimeque

183 955 186 960 '
251 948 283 1016 ei
304 971 405 1034 quem
424 971 506 1037 prae
526 950 644 1018 ceteris
665 951 842 1036 sequimur.
885 950 1173 1066 Quemadmodum
1195 970 1262 1022 vero
1279 956 1335 1022 He-
1363 947 1386 1020 (ἶ

249 1050 409 1126 rodimus
424 1047 578 1130 citiusve
590 1062 624 1118 et
638 1052 733 1139 paria
746 1053 790 1118 ad
805 1075 964 1139 praesens
980 1052 1229 1140 perispomenon
1242 1056 1335 1136 retulit,

249 1152 300 1220 sic
327 1152 427 1220 etiam
447 1154 517 1220 veri
541 1154 649 1220 simile
678 1164 733 1222 est'
758 1176 833 1220 eum
855 1149 1047 1238 Ἡγέλοχος,
1074 1164 1111 1220 ut
1132 1153 1195 1221 hoc
1214 1158 1335 1243 exemplo

248 1265 341 1333 utar,
373 1276 441 1324 non
472 1278 494 1321 a
520 1254 682 1342 berytono
710 1251 795 1345 ἥγω,
828 1255 920 1342 quod
946 1255 987 1322 ab
1014 1257 1095 1324 EM.
1123 1256 1336 1344 intingitur,

249 1357 470 1444 compositum
488 1379 597 1443 neque
622 1358 721 1425 etiam
746 1379 790 1424 ex
804 1352 1019 1444 ‘Hysor'loxog
1039 1359 1162 1425 omissa
1182 1349 1336 1445 syllabam

249 1469 453 1526 contractum
479 1470 614 1545 putasse
641 1459 703 1527 sed
736 1457 852 1526 eadem
879 1469 916 1523 ut
942 1458 999 1527 illu
1024 1461 1206 1547 explicasse
1228 1461 1337 1528 ratione.

248 1561 381 1628 Etenim
408 1571 446 1626 ut
474 1583 495 1626 a
518 1564 608 1642 μιοῶ
637 1558 768 1626 ducitur
791 1554 959 1642 μισόθιος
979 1572 1014 1628 et
1034 1584 1055 1627 a
1075 1561 1185 1628 verbis
1205 1563 1337 1630 secundae

198 1708 201 1715 ι
249 1661 475 1732 (leelinafionis
494 1656 680 1747 Τιμόθεος,
697 1656 942 1750 σκιρτοπόδης,
961 1661 1172 1749 οικόβοιιλος,
1191 1664 1338 1751 &quilegie

165 1769 168 1776 ’
248 1765 271 1831 i.
294 1760 535 1852 (ι’λαξιθὴρας
554 1762 680 1849 Phryn.
696 1762 837 1847 628.²⁶)
857 1763 904 1828 ite
921 1760 963 1828 ab
983 1758 1129 1850 ἡγοῦμαι
1149 1766 1223 1832 duci
1238 1775 1337 1851 poterat

242 1861 437 1951 Ἡγόιοχος,
464 1887 574 1950 neque
599 1887 668 1932 non
695 1865 892 1952 permissum
919 1875 989 1930 erat
1015 1865 1185 1934 literarum
1211 1867 1339 1934 conneri-

246 1990 362 2036 vsrum
390 1966 525 2034 alteram
550 1966 695 2035 inserere
718 1962 891 2052 Ἡγέλοχος
923 1976 960 2032 ut
983 1961 1171 2054 Ἀγίὀαμος
1201 1969 1235 2034 in
1258 1969 1338 2034 lusor.

246 2069 411 2147 laconica,
444 2065 678 2154 wooimdog,
701 2064 892 2155 χαλίφρωι,
929 2068 1033 2153 quod
1051 2069 1186 2136 minime
1214 2070 1341 2137 credibile
1385 2129 1386 2154 p

248 2184 299 2239 est
318 2193 394 2238 cum
418 2189 500 2236 voce
524 2167 621 2234 devia
646 2166 744 2265 χ-άλις
764 2191 949 2239 connexum
970 2192 1057 2248 esse3
1087 2173 1149 2238 sed
1175 2195 1264 2238 casus
1287 2171 1341 2236 tult

247 2284 285 2340 ut
304 2271 523 2360 praeferretur
541 2270 638 2336 tertia
658 2295 675 2337 e
697 2288 796 2354 quum
817 2282 1015 2359 acceperunt
1034 2269 1244 2357 Ἀρχέλοχος,
1265 2267 1341 2357 ἀρχέ-

248 2397 352 2453 eunuc
379 2383 440 2440 ete.
483 2372 620 2442 Summa
645 2369 744 2455 hujus
771 2372 1003 2460 disputationis
1027 2373 1109 2443 haec
1128 2386 1197 2453 est,
1222 2373 1342 2462 syllabae

247 2476 354 2544 finalis
383 2475 580 2542 recisionem
611 2495 678 2558 qua
712 2473 861 2540 nonnulli
887 2473 1085 2562 μιαίφονος,
1121 2473 1272 2553 siliacus
1298 2485 1342 2538 ete.

247 2579 422 2666 explicent,
445 2599 487 2642 ex
500 2574 682 2673 propositis
697 2595 766 2640 non
782 2573 867 2640 effici
881 2598 942 2640 nec
959 2576 1141 2662 quidquem
1156 2579 1223 2644 lida
1234 2577 1385 2664 dignun

246 2680 357 2747 afferri
377 2702 436 2746 our
455 2678 566 2744 literas
587 2702 622 2744 αι
647 2688 707 2742 et
699 2701 743 2766 ησ
693 2667 880 2742 futuris
902 2688 1073 2764 excerptos
1093 2695 1170 2746 esse
1188 2680 1342 2746 credamus.
1384 2729 1385 2740 ,

246 2780 417 2867 Syllabam
441 2806 481 2847 ro
508 2779 664 2844 omissam
689 2778 819 2901 putavit
846 2777 924 2846 soh.
950 2779 991 2845 Il.
1020 2780 1101 2848 XV.
1124 2781 1201 2848 619.
1228 2779 1265 2850 τὸ
1289 2775 1346 2868 ἠλί-

244 2876 388 2968 βατος’
368 2883 440 2950 απὸ
460 2883 521 2947 τοῦ
542 2875 709 2948 dierstv'
692 2876 932 2966 εοχημάιισται
953 2883 1038 2950 κατὰ
1065 2880 1253 2971 ουγκοπήν,
1280 2901 1345 2966 quae
1383 2935 1384 2970 3

244 2985 280 3050 in
301 2984 391 3052 Gud.
409 2983 484 3061 240,
505 2981 559 3048 30,
585 2980 771 3046 Heliodoro
797 2980 997 3060 tribuuntur,
1029 2983 1084 3048 lric
1104 3007 1185 3050 vero
1208 3003 1384 3080 persaepe

245 3094 461 3154 commutatur
482 3106 557 3150 cum
577 3083 791 3162 Herodiano,
819 3084 873 3150 cui
894 3083 1053 3150 Lehrsius
1083 3086 1140 3152 illa
1162 3087 1281 3152 tribuit
1316 3084 1345 3148 lo

245 3188 384 3256 eandem
414 3185 716 3272 interpretationem
749 3185 834 3250 forte
871 3185 988 3252 incidit
1013 3189 1235 3256 Buttmunnns
1258 3184 1383 3258 Leril

244 3288 390 3357 11.182.
431 3287 542 3353 Aliam
562 3309 665 3375 supra
684 3286 847 3373 proposui
868 3287 904 3352 in
927 3288 1052 3354 P.cL
1054 3289 1138 3357 ..IV
1161 3292 1233 3376 §..4
1265 3283 1383 3370 Quod

245 3389 501 3460 Choeroboscus
536 3389 663 3476 profert
696 3389 794 3455 Orth.
827 3389 905 3467 264,
939 3390 992 3456 28.
1043 3388 1279 3479 Τιμήοανόρος
1305 3385 1347 3454 καὶ

168 3513 173 3523 “
243 3491 331 3562 κατὰ
352 3489 524 3580 σογαοπὴν
549 3489 735 3577 Τίσανδρος
755 3491 964 3576 nugatorium
986 3501 1045 3558 est.

327 3597 356 3678 ς.
378 3593 408 3659 l.
451 3593 494 3658 In
509 3592 655 3658 motione
670 3613 758 3676 quae
776 3593 895 3659 dicitur
911 3615 973 3679 per
988 3593 1112 3679 gradus
1129 3613 1347 3677 nonnunquam

109 3767 113 3772 ,
244 3694 566 3783 syllabamdefieere
589 3703 683 3759 vetus
704 3702 756 3758 est
778 3695 967 3780 persnasi03
996 3694 1035 3762 τὸ
1057 3691 1228 3763 πιότατον
1249 3713 1346 3778 συγκο-

242 3797 313 3888 '‘l''
333 3794 465 3867 &baeu
484 3795 524 3864 ἐκ
546 3797 606 3862 τοῦ
628 3792 838 3874 moverimus
858 3797 952 3862 Ernst.
975 3796 994 3860 7
998 3795 1048 3875 76,
1071 3795 1123 3862 63.
1167 3798 1249 3864 Hoc
1269 3813 1349 3860 nemo

242 3901 358 3977 utitur}
387 3891 554 3973 πιότατος
579 3896 632 3962 rel
653 3919 673 3962 a
692 3895 836 3982 positivo
858 3904 939 3976 πῖος
960 3899 1056 3986 fluxit
1075 3897 1166 3964 unde
1190 3897 1348 3984 syntheton

240 4000 434 4090 πιόφυλλος
465 3996 591 4082 (onnes.
620 3997 657 4064 in
685 3997 803 4083 Thes.)
837 3997 950 4068 Schol.
983 3999 1018 4066 in
1045 3998 1188 4066 Aristot.
1222 3999 1305 4084 Top.
1325 3993 1349 4058 1.
1380 4065 1381 4136 p

247 4259 254 4266 ·
310 4237 360 4303 25)
377 4239 545 4290 Σοιοιιοπια
563 4245 641 4289 nono
657 4233 764 4289 editum
783 4237 825 4290 est
843 4213 896 4307 pro
916 4239 1043 4292 uolunta
1061 4237 1139 4308 quod
1160 4235 1193 4289 in
1213 4234 1299 4290 Proll.
1315 4233 1350 4285 ll.

241 4321 392 4394 epnlleliae
410 4321 524 4378 nomine
541 4319 659 4378 defendi
678 4323 731 4376 sed
748 4321 921 4378 dubitanter.
1079 4325 1082 4330 '
