2825 4809
225 345 301 417 εει
470 377 475 386 ·
576 339 899 443 σιεεσιιιιιο
926 339 997 406 ιιι.

225 523 472 611 damsjnsdsm
492 524 690 611 plasma
714 522 844 592 attuli
833 547 870 591 ιιι
894 522 1030 592 Teehn.
1043 521 1119 590 305.
1160 521 1270 589 Plan
1289 543 1342 606 ap-

225 636 358 714 portant
381 625 595 693 osmeri
621 627 682 692 sed
707 627 864 746 ριειιριιε
889 647 1006 748 parurn
1026 623 1169 711 provisa.
1216 625 1344 704 Ταῦρος
1385 670 1386 677 1

229 724 428 812 Τααριανός
437 723 645 813 πλεονασμῷ
670 731 731 795 τοῦ
753 752 768 793 ι
788 723 841 804 ὡς
857 722 1024 810 Ζοχιενός
1044 723 1163 811 Stapln
1189 721 1252 808 qui
1273 721 1345 786 alibi
1385 734 1386 737 ’

225 826 308 894 haec
331 849 351 892 a
371 826 562 946 paragogis
572 827 724 910 Ταὺριαι,
747 824 868 912 Ζύχιαι
882 825 1010 946 'repetit
1028 849 1059 892 v
1076 826 1261 890 adBnttm.
1276 823 1346 922 4²9:

221 921 312 995 Ἀπὸ
334 931 395 994 τοῦ
414 931 528 1014 φᾶρος
548 932 722 1014 παρῆκται
746 926 912 1013 φωραμός
936 924 996 994 καὶ
1020 928 1225 1011 πλεονασμῷ
1252 949 1316 992 του
1335 950 1346 990 ι

225 1022 407 1116 φωριαμός
432 1027 644 1094 Herodianus
676 1026 721 1092 ad
746 1026 787 1092 Il.
814 1027 951 1095 XXIV.
977 1027 1053 1093 228.
1103 1026 1209 1091 Haud
1241 1026 1345 1091 minrn

225 1127 411 1215 periculosa
440 1128 583 1196 nominis
618 1127 745 1216 proprii
777 1129 974 1213 oonjeotatio
1010 1122 1134 1195 Βάτεια
1168 1126 1230 1194 καὶ
1264 1126 1344 1192 κατὰ

224 1229 440 1313 πλεονασμὸν
461 1228 605 1298 Boviano
627 1225 755 1313 ὁμοίως
776 1225 861 1307 ἴσως
884 1233 933 1315 τῷ
952 1223 1049 1315 ὑγεία
1076 1228 1170 1294 Ειιει.
1192 1227 1278 1305 351,
1298 1228 1344 1294 38.

225 1330 283 1416 qui
306 1330 524 1396 diversitatem
545 1341 699 1398 accentus
721 1351 789 1399 non
808 1329 956 1396 attendit.
999 1322 1227 1413 Κοχλιάριον·
1250 1329 1345 1412 παρὰ

225 1432 263 1496 τὸ
297 1426 449 1518 [νόχλος]
482 1427 661 1516 καχλοὶριαν
691 1432 751 1498 καὶ
780 1431 984 1517 πλεονασμῷ
1014 1434 1076 1498 τοῦ
1107 1455 1122 1493 ι
1152 1426 1345 1513 καχλιάριοι

224 1531 344 1598 Ζοιιει.
361 1531 454 1596 1242.
498 1532 561 1596 Est
581 1553 657 1598 vero
681 1555 701 1598 a
724 1531 875 1628 proximo
896 1530 1043 1611 κοχλίας
1085 1528 1193 1615 Παρὰ
1214 1527 1254 1595 τὸ
1275 1522 1342 1614 tipo

223 1627 363 1718 αρθμός
387 1631 444 1698 καὶ
469 1634 671 1718 πλεονασμῷ
694 1636 756 1698 τοῦ
778 1658 793 1699 ι
815 1627 985 1716 ἀριθμός·
1011 1627 1118 1707 οὕτως
1135 1625 1344 1713 Ἡρωδιανὸς

223 1732 335 1817 Epim.
357 1732 404 1798 11.
425 1733 507 1810 342,
529 1733 581 1799 27.
625 1732 772 1800 sedhic
795 1732 1004 1819 pleonasmus
1030 1728 1167 1815 proprie
1192 1729 1254 1799 dici
1274 1752 1341 1794 non

201 1909 204 1914 ¹
224 1843 337 1922 potest
353 1833 431 1917 quia
446 1832 643 1918 bisyllabum
655 1856 724 1898 non
738 1834 828 1900 idem
843 1830 1007 1916 signifieat
1021 1831 1114 1914 quod
1130 1829 1343 1914 trisyllabum

223 1936 269 2002 Ει
291 1934 334 2000 de
354 1931 453 1998 verbo
477 1930 595 2012 ἐσθίω,
618 1935 711 2019 quod
725 1933 940 2000 Herodianus
961 1931 1109 2018 epeotasi
1127 1942 1264 1996 anonam
1284 1954 1345 2017 pu·

224 2035 305 2100 tavit
327 2032 468 2118 (Tsohn
492 2034 559 2118 19.)
583 2034 823 2102 consideratius
838 2034 968 2119 judicat
987 2031 1069 2097 ΕΜ
1089 2032 1171 2107 383,
1190 2032 1226 2096 4.
1252 2032 1346 2116 παρὰ

223 2136 263 2202 τὸ
286 2134 352 2202 ἔδω
371 2131 498 2219 γίνεται
517 2129 622 2212 tirso,
641 2129 706 2223 ἀφ’
730 2125 771 2204 οὗ
791 2133 996 2220 παράγωμεν
1017 2131 1136 2200 ἐσθίω.
1175 2135 1347 2217 Θανατιᾷν

223 2236 313 2302 idem
334 2234 478 2317 declarat
499 2236 589 2317 quod
610 2241 766 2324 θανατᾷν
792 2235 854 2300 ssd
878 2232 1132 2319 significantius,
1160 2233 1242 2318 qnia
1269 2232 1346 2298 insen

223 2335 407 2402 terminatio
436 2335 606 2421 permultis
636 2336 817 2404 eommunis
845 2344 912 2412 est,
941 2334 998 2400 illa
1023 2355 1101 2398 vero
1122 2334 1265 2421 propria
1292 2334 1346 2398 de·

223 2436 482 2513 siderativornm‚
506 2437 689 2521 eodemque
707 2438 808 2502 modo
828 2436 1074 2520 distinguuntur
1094 2440 1207 2521 φασῷν
1227 2445 1264 2501 et
1287 2458 1347 2521 φε-

221 2542 301 2625 σιᾷι
328 2535 458 2621 aliaque
486 2538 530 2602 ad
556 2536 637 2603 Phr.
661 2537 714 2601 89.
742 2538 851 2602 allata.
908 2537 979 2604 sed
1009 2535 1093 2600 nihil
1122 2535 1237 2600 differt
1268 2537 1348 2600 inter
1390 2613 1391 2628 ρ

222 2634 417 2704 λλλοπεύειν
451 2638 534 2703 Ηεε.
564 2638 682 2703 Zonar.
719 2647 754 2702 et
785 2632 993 2707 ἐλλοπιεύειν
1026 2635 1169 2702 Theoor.
1203 2637 1347 2702 Phavon

220 2738 372 2822 interque
395 2736 598 2822 ἐνεχυράζειν
621 2749 654 2804 et
678 2732 912 2821 ἐνεχυριάζειν,
936 2741 1130 2822 καροῦσθαι
1151 2746 1187 2802 et
1207 2743 1348 2823 καριοῡ-

223 2845 312 2906 σθαι
330 2835 398 2904 sive
414 2840 628 2922 κρριοῦσθαι,
651 2837 906 2923 ἕκκηριοῢσθαι,
927 2837 1171 2923 ολιιοιρεεοειο,
1193 2842 1352 2922 σαπροῦν

223 2949 257 3006 et
277 2937 445 3020 σαπριοῦν
469 2936 504 3000 in
524 2937 640 3004 LXX.
662 2938 728 3002 nisi
753 2937 817 3004 hoo
839 2959 859 3001 a
879 2937 1015 3024 σαπρία
1035 2937 1221 3002 derivatum
1242 2949 1352 3004 estut

221 3053 258 3104 ε·
272 3037 389 3125 ῥάκιον
416 3038 592 3122 ῥακίοισις,
624 3039 685 3104 sed
712 3038 894 3125 praefertur
919 3034 1070 3123 ράκωσις
1097 3061 1128 3103 ι.
1153 3038 1352 3107 Hemsterh.

219 3139 266 3206 ad
286 3139 376 3204 Plut.
397 3160 432 3224 p.
453 3137 527 3204 395.
570 3139 638 3204 Ριο
662 3136 787 3225 στράχξ
806 3137 948 3204 Photius
970 3138 1130 3224 orpoyyae'c
1151 3138 1299 3225 praebet
1318 3156 1353 3204 nt

219 3235 339 3322 ὕστριξ
354 3237 473 3302 dieitur
488 3248 521 3303 et
536 3234 697 3324 ὑστριχίς,
712 3235 865 3328 ὕσπληγξ
880 3248 914 3304 et
930 3237 1042 3304 dorios
1059 3234 1245 3323 ὑσπλαχίς,
1264 3263 1352 3324 qnae

221 3346 298 3402 sunt
318 3337 624 3404 metasohematismi
646 3340 797 3425 exempla
817 3340 930 3425 potins
951 3361 1052 3424 quam
1073 3361 1259 3425 syncopae.

307 3439 333 3521 5.
356 3437 387 3502 9.
429 3438 488 3503 Ad
511 3439 694 3524 composita
720 3440 998 3525 transgredientes
1022 3438 1201 3505 incidimus
1230 3441 1269 3508 in
1290 3443 1352 3508 ad·

214 3536 372 3620 jactivam
394 3532 588 3619 ἆρχιόδοας,
620 3539 661 3604 de
689 3562 756 3624 quo
781 3549 848 3606 tres
875 3541 1023 3606 feruntur
1048 3543 1254 3620 sententiae;
1284 3568 1350 3610 una

219 3635 384 3702 levissima
405 3636 631 3724 Tryphonis
622 3663 656 3702 ιιι
666 3641 760 3711 ΕΜ.
783 3641 860 3719 137,
884 3642 913 3706 7.
941 3638 1039 3724 παρὰ
1064 3642 1105 3708 τὸ
1132 3637 1195 3729 ἆρί
1223 3647 1283 3712 καὶ
1308 3646 1349 3710 τὸ

220 3727 376 3858 ρ’δούς’
342 3761 478 3820 χινεται
477 3732 648 3864 αριόδους
666 3765 726 3808 και
717 3742 946 3860 πλεονασμῷ
963 3747 1023 3810 τοῦ
1045 3767 1065 3827 y
1085 3736 1328 3864 apytd5ovg
1302 3770 1351 3821 ως

220 3831 321 3902 ἄνοια
347 3829 481 3918 α’χνοια,
509 3839 591 3926 ραῑα
618 3845 730 3926 γραῖα.
773 3839 817 3908 Ei
842 3840 905 3926 γὰρ
934 3840 1032 3926 παρὰ
1057 3840 1098 3908 τὸ
1125 3838 1252 3928 αρχός,
1284 3871 1349 3928 αρ·

220 3929 384 4018 ysidovc'
362 3961 402 4004 αν
425 3931 480 4024 ἢν·
510 3939 564 4006 oui
589 3961 648 4026 par
673 3951 708 4006 et
732 3952 991 4009 consentaneum
1016 3941 1240 4008 commentum
1267 3968 1350 4032 pro-

220 4034 314 4116 ponit
339 4035 451 4104 Schol.
476 4039 544 4106 Od.
566 4040 613 4107 X.
637 4037 762 4107 543.'
741 4038 955 4141 αργύφεον
937 4035 1012 4109 ανεὶ
1037 4048 1098 4109 τοῦ
1128 4068 1281 4132 αραφεον
1305 4045 1350 4112 τὸ

219 4131 374 4219 λαμπρὸν
405 4143 448 4226 τῇ
480 4137 567 4228 ὑφῇ,
602 4141 803 4230 πλεονασμῷ
834 4146 894 4209 τοῦ
925 4169 953 4229 y.
1008 4143 1067 4208 Ad
1097 4144 1351 4209 assentiendum

220 4233 413 4310 promtiores
434 4250 510 4304 sunt
530 4242 674 4308 rationes
697 4242 793 4320 duae,
815 4266 954 4327 quarum
976 4244 1147 4330 optionem
1168 4245 1268 4312 nobis
1288 4270 1350 4310 re·
