2825 4809
128 384 178 449 DE
194 376 446 447 PROSTHESI
466 374 530 442 ET
552 374 817 445 APHAERES'I.
841 375 880 443 C.
892 376 957 443 111.
973 378 999 463 ξ.
1010 376 1041 443 2.
1079 376 1129 455 69

75 570 158 637 dicitas
170 576 196 632 ct
207 565 366 649 λυκαυγές,
380 563 524 629 laconice
540 560 726 652 μιργάβωρ,
744 559 930 649 germanice
946 564 1131 633 Bormum.

73 678 122 739 tut
143 664 299 752 conjunctis
329 664 430 730 lucidi
457 676 490 731 et
514 664 640 753 creperi
665 663 870 742 notionibus,
901 665 979 750 quia
999 675 1130 755 tempus
1189 752 1196 763 ἢ

73 775 113 838 hoc
126 770 261 836 sublustre
276 768 422 854 caliginis
441 767 588 853 lucisque
606 766 751 832 medium
768 776 826 845 est,
846 788 946 852 qnare
962 790 983 832 a
993 768 1130 835 Graecis

72 876 163 963 κνέφας,
181 896 198 936 a
217 871 369 938 Romanis
392 869 551 935 contrarie
575 866 753 933 diluculum
778 868 970 955 appellatur.
1013 870 1132 957 Itaque

72 972 140 1064 dictys]
156 972 324 1060 pleonasmi
344 972 564 1060 suspicionem
584 971 639 1035 vix
661 970 805 1056 effligere
820 980 931 1058 potest
947 972 1131 1059 eodemque

70 1100 108 1141 ros
129 1076 203 1141 ducit
225 1085 317 1161 trope
347 1072 496 1159 adjectivi
523 1069 665 1159 ὠλύγιος
686 1070 859 1151 σκοτεινάς
885 1074 967 1139 Hes.
1014 1075 1130 1143 Minue

70 1178 118 1241 fidei
133 1177 215 1242 habet
235 1176 325 1263 quod
343 1176 378 1241 in
397 1175 478 1241 EM.
498 1175 572 1253 433,
596 1174 646 1240 17.
669 1174 884 1273 proponitur:
908 1170 1038 1265 ἧπανὶα
1059 1172 1129 1245 titud

69 1284 105 1343 ui
129 1276 232 1356 σπάνις
261 1276 387 1346 σπανία
420 1276 476 1343 καὶ
508 1271 665 1365 ἀποβολῇ
697 1279 758 1342 τοῦ
788 1300 810 1344 o
836 1274 893 1343 καὶ
917 1277 1131 1366 πλεονασμῷ.

69 1379 158 1443 Etenim
175 1380 199 1443 si
220 1377 341 1464 σπάνις
362 1399 435 1445 cum
456 1382 558 1445 πεῖνα
579 1385 611 1443 et
632 1374 732 1444 osric
755 1374 1000 1456 contendimus,
1027 1378 1132 1465 sigma

68 1481 195 1545 insiticium
217 1480 359 1565 ideoque
388 1476 561 1563 abjectioni
585 1488 808 1566 opportunum
828 1501 990 1546 essenon
1009 1480 1130 1547 diffite-

69 1583 151 1659 binur3
175 1593 205 1647 et
229 1583 256 1648 si
285 1582 512 1670 Menapiorum
539 1602 654 1646 vocem
682 1578 790 1651 πανία
815 1577 835 1669 ἦ
865 1579 1041 1672 πλησμονή
1066 1581 1132 1649 huo

68 1684 223 1761 adhibemus,
255 1679 385 1773 ἦπανία
415 1694 467 1749 eta
495 1706 563 1748 non
596 1683 832 1769 pleoncsticnm
865 1682 925 1749 sed
959 1706 1000 1749 ex
1031 1682 1133 1770 alpha

67 1786 179 1872 piratico
199 1796 304 1851 ortum
325 1785 443 1852 habere
464 1784 636 1850 videbitur.
669 1782 817 1863 Ἧμισυς
836 1788 986 1852 dimidius
1006 1782 1131 1852 Coraes

68 1889 92 1951 ad
111 1889 180 1954 Plot.
207 1888 247 1953 Τ.
276 1888 320 1955 V.
351 1888 424 1955 334.
455 1897 488 1953 et
511 1888 621 1953 Atace
649 1884 677 1952 I.
709 1886 780 1953 163.
810 1888 899 1953 idem
927 1908 1000 1953 esse
1021 1886 1133 1953 statuit

67 2000 129 2073 atquc
148 1991 242 2074 μέσος
269 1991 407 2069 mediuc,·
433 2002 511 2054 n'am
540 1988 636 2054 etiam
663 1988 810 2056 Graecos
840 1988 936 2075 hujus
955 1988 1132 2055 memoriae

66 2092 131 2170 μέσος
157 2092 257 2157 dicere
294 2114 355 2177 pro
388 2088 510 2179 ἥμισυς
541 2101 573 2156 et
606 2090 795 2175 μεσότομος
824 2091 906 2156 nihil
934 2090 1065 2157 differre
1089 2088 1132 2156 ab

67 2186 196 2274 ἡμίτομος·
220 2191 341 2279 quibus
369 2191 448 2258 addi
473 2202 603 2279 poterat
626 2189 840 2280 Μεσόψηρον
866 2189 1027 2283 ἧμῖξηρον
1047 2193 1131 2259 Hes.

67 2291 107 2355 Sed
126 2291 178 2357 hoc
201 2316 266 2359 non
297 2292 339 2358 ad
368 2294 477 2358 omnia
503 2293 670 2371 convenit3
701 2316 779 2359 narn
799 2293 898 2378 χιτών
918 2292 1131 2377 perdituros,

66 2393 97 2477 qui
116 2394 195 2459 ctiam
221 2393 398 2474 διάλευκος
424 2406 572 2476 vocatur,
604 2396 712 2462 differt
733 2394 774 2462 ab
798 2392 974 2485 ἣμῖλευκος
995 2404 1029 2460 et
1049 2390 1132 2480 δόρυ

65 2498 226 2582 μεσσοπογές
248 2497 340 2562 nullo
362 2498 461 2564 modo
481 2494 648 2589 ἧμιπσγές
670 2496 735 2563 dici
758 2508 877 2586 potest,
898 2520 1006 2582 neque
1028 2497 1131 2585 signi·

65 2594 133 2662 ficatio
146 2598 243 2664 solum
258 2610 403 2664 mutatur
420 2601 480 2666 sed
503 2600 599 2666 etiam
618 2600 734 2666 exitus.
766 2601 820 2666 Ex
842 2599 965 2686 ignotis
985 2598 1132 2667 fontibus

65 2696 135 2762 hausit
154 2701 339 2787 Hesychius
365 2702 497 2771 Μνσυοί
522 2700 554 2770 oi
585 2699 712 2785 ἔχοντες
741 2701 780 2769 τὸ
813 2700 916 2790 ἥμισυ
937 2702 1058 2768 λευκὸν
1072 2704 1134 2769 τοῦ

64 2798 181 2882 σώματος,
202 2805 238 2869 τὸ
261 2804 302 2871 δὲ
319 2801 422 2892 ἥμισυ
438 2805 551 2887 μέλαν,
573 2797 631 2883 οὓς
649 2799 732 2871 ἔνιοι
750 2798 898 2887 μισγούς,
919 2824 986 2889 quo
1001 2801 1133 2869 misticis

66 2900 192 2983 significari
212 2905 382 2981 videntum
405 2903 536 2993 ἥμισος,
561 2902 681 2993 ἥμισυν
701 2904 822 2990 legitur
841 2903 876 2969 in
893 2903 999 2971 Curtii
1022 2902 1132 2970 Anall.

63 3000 145 3089 Delph.
172 3032 203 3095 p.
231 3009 286 3074 20.
318 3018 352 3073 et
375 3008 426 3072 22.
452 3000 695 3090 Ἠμιμαλλόνες
729 3002 765 3072 ai
795 3002 922 3088 Βάκχαι
949 3006 1133 3071 Kueslarua

64 3103 140 3171 vitiose
157 3110 311 3198 scriptum
334 3116 429 3195 putat
449 3130 510 3195 pro
533 3104 626 3174 oi-
648 3105 685 3175 Si
702 3106 910 3194 pleonasmus
930 3116 989 3184 est,
1008 3106 1133 3173 nomini

64 3211 156 3295 proprio
177 3223 207 3277 et
228 3212 406 3300 peregrino
428 3208 518 3274 haud
544 3230 640 3294 aegre
662 3207 903 3296 indulgetur).
947 3210 1038 3275 Inter
1055 3232 1132 3297 par·

65 3321 93 3371 ts
113 3313 250 3379 orationis
279 3312 527 3380 indeclinabiles
554 3311 638 3375 duae
669 3312 864 3398 temporales
890 3307 957 3401 ἤδη
986 3323 1019 3379 et
1043 3313 1133 3400 quod

64 3409 172 3479 Klotzius
199 3417 241 3480 ad
268 3417 393 3481 Devar.
419 3416 466 3481 Π.
491 3414 564 3482 393.
594 3436 635 3479 ex
660 3412 715 3478 illo
738 3424 850 3479 natum
875 3426 987 3481 censet
1004 3414 1044 3503 δή
1066 3425 1134 3482 tam

66 3510 159 3580 tlnlem
177 3518 258 3583 inter
281 3522 317 3584 ‘se
339 3517 460 3583 habent
475 3514 747 3603 significationem
764 3527 802 3581 ut
819 3516 955 3583 alterum
973 3540 1014 3583 ex
1031 3518 1132 3585 altero

66 3626 134 3681 otuu
154 3620 313 3700 videatur,
344 3620 403 3687 sed
429 3618 727 3709 praetermittuntur
754 3642 773 3684 a
800 3618 1027 3688 Grammaticis
1054 3621 1133 3708 quia

107 3912 129 3981 l)
140 3914 232 3972 suidas
250 3916 359 3990 ὤμιὶλο
378 3914 434 3971 ἀπὸ
451 3918 637 3990 συναιρέσεως
652 3913 669 3984 ἡ
686 3910 927 3988 indissimilia,
944 3915 985 3971 sic
1002 3915 1133 3976 etatulam

65 3994 138 4053 cretur
152 4011 292 4059 contracto
313 4001 419 4076 ἅμιλλα
437 4002 528 4059 ionice
546 4004 699 4057 detractam
717 4020 778 4058 esee
798 4002 997 4076 aspirationem
1014 4002 1133 4058 articulo

68 4080 151 4141 lebiton
165 4096 193 4142 ut
207 4088 302 4159 οὗτός,
321 4084 436 4163 ὤριστος
448 4098 476 4144 et
489 4092 562 4145 hanc
573 4088 737 4145 nominativi
749 4090 866 4145 formem
879 4089 1023 4145 transiisse
1036 4090 1074 4141 ad
1087 4104 1133 4142 ce·

66 4174 112 4223 troc
122 4192 188 4230 casus
203 4179 238 4233 cf.
255 4176 288 4233 C.
300 4175 335 4232 V.
349 4178 373 4245 ξ.
389 4179 413 4231 l.
429 4194 493 4232 nam
506 4172 629 4248 ὤμιλισιν
640 4194 676 4231 ex
685 4175 827 4249 Eupolide
837 4177 928 4231 affert
952 4172 1011 4228 Alii
1019 4168 1134 4245 ὤριστος

67 4254 146 4325 suplex
155 4280 210 4317 esse
224 4264 324 4319 volunt
335 4263 420 4334 elphe
432 4261 527 4317 dorice
539 4262 726 4317 velboeotiee
735 4248 797 4317 in'c'o
810 4279 902 4327 verso,
923 4260 975 4315 sed
993 4258 1023 4314 hi
1039 4277 1132 4336 neque

66 4332 137 4407 icitia
147 4350 277 4418 afferunt,
293 4367 384 4423 neque
397 4350 474 4405 aliud
487 4348 570 4421 hujus
583 4354 682 4423 tropas
696 4347 864 4421 exemplum.
