2825 4809
111 348 172 419 οε
193 348 320 419 ALIIS
343 346 580 419 smoorm
602 346 879 417 emuniens.
906 344 945 415 c.
955 346 985 414 1.
1002 349 1028 435 o.
1038 347 1068 416 1.
1095 352 1170 429 nto

67 534 158 623 Δόμα
179 532 302 621 τειχίον
321 536 404 604 Hes.
425 536 545 623 migret
564 536 713 623 regulam
732 559 763 601 v.
777 534 974 603 Paruum
989 558 1040 623 sq.
1063 540 1172 621 Κιῖμα

67 664 84 705 o
101 639 240 705 themate
261 638 352 705 verbi
371 646 486 725 κεῖμαι
506 638 596 705 unde
621 646 735 719 κοῖτος
753 641 862 723 κοιμῶ
884 638 1052 727 κοίμημα,
1081 641 1173 726 quod

67 744 219 811 diversam
235 742 367 829 quidem
383 764 403 807 s
419 747 517 827 κῶμα
534 741 808 828 significationem
828 741 888 805 sed
908 742 1047 807 eundem
1064 753 1174 809 nmen

66 845 219 932 originem
247 844 354 911 hebet
404 844 620 931 Peregrinum
650 854 700 911 est
731 842 884 912 cremetis
914 864 1053 922 nomen,
1082 845 1174 930 quod

64 947 250 1041 Herodotus
271 957 306 1013 et
321 946 570 1035 Theophrastus
592 942 803 1031 κιννάμωμον
820 957 953 1025 vocent,
974 947 1174 1035 posteriores

64 1047 224 1133 κίνναμον.
270 1049 460 1135 Sequuntur
485 1048 629 1135 syllebcc
655 1073 704 1128 νε,
730 1076 777 1126 νι,
803 1074 852 1118 νο.
895 1048 982 1116 com
1006 1049 1175 1135 adjectivis

64 1150 209 1228 aeolicis,
241 1173 326 1237 quse
357 1174 377 1217 ε
404 1151 555 1237 genitivis
586 1150 713 1217 numeri
744 1150 880 1238 pluralis
909 1163 982 1217 orta
1013 1152 1174 1233 dicuntur,

65 1243 169 1319 ἄλλων
199 1246 426 1331 οἰλλοίνιος,ι
413 1254 533 1337 ετίριον
564 1250 737 1340 ἑτεριίνιος
764 1263 827 1320 etc.
870 1253 1150 1321 Grmmfious·
1140 1278 1176 1321 m

64 1354 158 1419 Erec.
180 1351 289 1421 Crem.
308 1354 349 1420 Τ.
362 1355 507 1423 lueto.
529 1354 697 1444 componit
717 1348 848 1439 ἀνέμων
867 1350 1049 1439 ἆνεμώνιος
1069 1351 1175 1423 ἄλλα·

64 1461 116 1536 χοῦ
147 1452 353 1543 (ἀνεμώλιος
380 1457 456 1543 καί)
488 1458 697 1541 μεταμώνιος
718 1456 759 1541 ¹).
812 1460 919 1525 Τοῦτο
950 1456 1177 1543 συγκέκοπται

66 1558 149 1640 (scil.
185 1556 224 1625 ἐκ
255 1561 315 1627 τοῦ
346 1555 605 1643 μειανεμιίνιος)
638 1556 675 1625 τὸ
709 1557 748 1625 δὲ
780 1554 946 1646 πρότερον
976 1558 1175 1644 τέτραπται.

67 1661 242 1743 Quomodo
276 1682 421 1748 syncope
455 1659 569 1726 evitari
599 1659 721 1747 possit,
758 1671 899 1747 epporet
930 1683 949 1726 ε
976 1660 1176 1728 Pr0u1ee.

65 1763 254 1829 Proximum
274 1772 330 1845 est
362 1762 426 1829 hoc
452 1761 618 1829 Eustethii
648 1772 866 1829 commentum
891 1760 1110 1851 Πολυποίτης
1138 1762 1178 1829 ἐκ

65 1870 120 1949 τοῖν
141 1864 407 1955 Πολοποινίτης,
438 1866 529 1959 ροοςί
550 1865 667 1931 eodem
687 1864 723 1931 in
743 1863 828 1931 libro
853 1887 887 1951 p.
906 1863 981 1930 384.
1003 1864 1177 1950 explosum

66 1978 120 2033 est.
156 1966 314 2053 Sequitur
334 1967 428 2053 παρὰ
450 1970 510 2056 τῆς
528 1961 642 2054 ἠιόνος
663 1970 793 2055 γενικῆς
809 1965 933 2052 γίνεται
955 1961 1099 2055 ἧιονόεις
1120 1966 1178 2035 καί

65 2069 149 2137 κατὰ
169 2068 341 2162 συγκοπὴν
361 2063 469 2155 ἠιόιις
486 2068 568 2135 ΕΜ.
584 2069 659 2146 423,
681 2068 734 2133 39.
757 2068 869 2155 Epim.
886 2068 916 2133 l.
938 2068 990 2144 12,
1009 2069 1063 2133 21.
1107 2068 1178 2137 sod

65 2171 117 2236 hic
142 2192 274 2256 quoque
304 2169 461 2256 effugium
490 2180 597 2257 petet,
628 2171 719 2256 quod
748 2192 850 2258 supro
877 2170 1008 2237 ostendi
1033 2171 1125 2237 Dies.
1146 2172 1177 2239 L

67 2295 94 2339 c.
105 2273 166 2339 HL
184 2277 212 2358 §.
221 2274 251 2339 1.
290 2272 467 2360 Proprium
483 2268 652 2356 Ἀμεινίας
671 2283 798 2339 veteres
818 2274 884 2397 ipsi
907 2274 1031 2361 duplici
1051 2273 1177 2342 radone

65 2375 220 2463 explicari
235 2398 335 2463 posse
349 2375 396 2441 lot
383 2384 490 2441 tentur
504 2372 600 2496 παρὰ
617 2374 654 2443 τὸ
673 2370 817 2454 ἀμείνων
834 2371 1007 2460 ἀμείνονος
1022 2373 1176 2460 Ἀμεινο·

63 2478 134 2557 νίας
153 2506 213 2547 ναι
205 2474 449 2561 Ἀμεινίος”
429 2506 448 2567 η
474 2473 571 2565 παρὰ
595 2476 634 2545 τί)
658 2475 760 2559 μένος
778 2475 914 2555 Motae
936 2477 997 2544 καί
1018 2475 1179 2561 Ἀμενίας

62 2582 140 2647 EM.
162 2581 222 2660 62,
244 2582 297 2649 38.
325 2603 387 2648 nec
413 2580 511 2645 focile
541 2578 678 2645 definies
705 2589 779 2644 utre
804 2565 1006 2665 praesulcet,
1036 2602 1114 2645 nom
1145 2590 1180 2645 et

63 2694 209 2772 syncope
230 2693 369 2771 apparet
388 2692 474 2749 certe
495 2681 531 2747 in
552 2681 744 2770 compositis
759 2675 990 2768 Ἀμεινοκλῆς,
1008 2678 1179 2765 Εὐδαιμο-

63 2787 143 2873 νλῆς
163 2797 235 2853 etc.
250 2808 280 2851 v.
302 2789 327 2870 §.
345 2784 375 2851 5.
400 2792 432 2851 et
450 2794 488 2851 ut
510 2807 530 2850 s
549 2785 647 2865 μενος
667 2779 831 2871 Είιμίνης,
858 2782 906 2849 sic
927 2782 1026 2849 etism
1039 2779 1181 2871 Ἀμένης

64 2886 202 2953 derivari
227 2887 336 2975 potuit
364 2896 397 2953 et
422 2892 629 2974 paragogum
643 2882 799 2967 Ἀμενίος
820 2886 888 2951 sive
905 2882 1099 2966 Ἀμεινίας,
1118 2886 1179 2951 sed

64 2988 153 3073 quod
171 2989 216 3054 cd
234 2989 389 3055 amussim
405 2990 577 3057 conveniet
592 3011 660 3055 non
677 2988 817 3076 reperio.
861 2988 1016 3075 Syllsbee
1034 3014 1071 3077 ρε
1088 2998 1123 3055 et
1138 3015 1179 3074 ρο

64 3090 164 3158 uibus
192 3092 360 3161 vocabulis
390 3094 553 3159 detrectce
582 3092 754 3159 dicuntur:
786 3089 917 3171 ἔξαιτον
942 3114 979 3158 το
1008 3089 1180 3175 ἐξαίρετον

64 3193 146 3263 κατὰ
169 3191 341 3283 corrourio
361 3195 445 3261 Lex.
469 3196 511 3261 de
530 3194 642 3283 Spirit.
659 3194 735 3259 218.
757 3192 1068 3280 Schol.Apcll.IV.
1085 3192 1179 3260 1004.

66 3297 122 3361 scd
153 3297 221 3364 alio
255 3297 355 3363 vertit
383 3297 494 3367 Schol.
530 3298 597 3365 Od.
628 3297 675 3363 Π.
705 3297 780 3363 301.
816 3294 967 3377 ἐξαίτους
1000 3295 1080 3374 τοὺς
1115 3293 1187 3376 ilco»

66 3394 177 3477 αἰτίας
209 3395 231 3487 ἢ
262 3399 341 3479 τοὺς
372 3396 622 3490 ίπιθυμνμοίς,
662 3391 721 3476 οὓς
753 3394 893 3487 ἐξήιηοί
925 3422 994 3478 τις,
1030 3398 1186 3484 interque

65 3496 122 3565 hes
154 3500 333 3568 sententies
365 3504 502 3569 fluctuat
532 3499 727 3569 Eustethius
759 3501 819 3565 sed
851 3501 1016 3587 plerisque
1048 3500 1182 3590 placere

66 3600 142 3669 illud
175 3603 214 3671 ἐκ
235 3607 300 3692 ,τοῦ
329 3602 545 3689 ἐξαιρεῖσθαι
574 3628 608 3691 p.
631 3602 711 3682 210,
734 3604 768 3668 4.
798 3627 832 3691 p.
854 3604 932 3682 907,
958 3603 1012 3670 64.
1041 3605 1180 3692 pariter·

69 3726 127 3787 que
152 3706 392 3773 substsntivum
418 3706 649 3793 interpretetur
677 3704 798 3773 Suidcs
821 3702 972 3795 Ἐξαίτης
998 3705 1189 3796 ίξαιρέτηςε

68 3804 157 3873 Haec
196 3808 391 3895 significatio
426 3811 537 3876 εοῖιοίί
574 3807 727 3875 convenit
763 3806 913 3874 omnibus
946 3808 1044 3887 locis,
1081 3809 1182 3875 altere

69 3909 145 3975 nulli
180 3910 247 3977 nisi
282 3934 343 3999 per
377 3911 621 3978 translationem
656 3933 725 3976 uon
758 3911 1012 3978 inverecundam
1047 3911 1181 3997 quidem

66 4007 162 4091 illem,
183 4036 259 4079 usm
279 4013 393 4079 selecti
412 4024 445 4080 et
465 4015 601 4105 expetiti
618 4013 769 4081 notiones
790 4013 1074 4102 conjunctissimos
1095 4023 1180 4079 sunt.

140 4256 167 4326 1)
181 4250 344 4323 Ἀνεμοίνιος
361 4254 493 4313 ficticium
511 4260 554 4311 est
571 4252 671 4327 procul
689 4251 790 4320 dubio,
810 4254 862 4309 sed
881 4271 1033 4312 onemoues
1051 4252 1086 4310 eb
1105 4250 1181 4309 Aec-

68 4337 193 4399 lentibus
211 4338 324 4419 ἀμοίνιις
340 4352 454 4402 nocctes
473 4360 535 4407 esse
554 4341 711 4415 Hesychius
730 4344 824 4397 docet.
