2825 4809
208 328 285 401 ⁴12
559 316 881 387 DISSERTATIO
909 318 976 384 111.

207 531 268 591 poc
294 504 416 571 dixisse
445 507 561 581 καῦος,
592 504 741 588 quamvis
767 526 788 568 a
816 504 981 569 communi
1010 526 1075 569 usn
1098 512 1263 569 remotum
1295 512 1331 567 ut

191 608 305 675 *docet
333 605 411 675 Sch.
439 606 483 672 A.
514 606 557 671 ad
582 606 622 672 Il.
652 606 737 671 XII.
766 606 839 671 137.
872 603 911 673 τὸ
945 599 1028 684 αὖος
1058 603 1147 684 λέξις
1175 597 1330 703 μονήρη-ς

207 706 313 777 ἐστίν·
341 701 439 777 οὐδὲν
465 706 527 795 γὰρ
554 704 605 785 εἷς
630 696 793 793 ἶς’λῆγον
815 707 973 789 καθαρὸν
992 702 1196 789 δισύλλαβον
1217 708 1261 794 τῇ
1282 730 1324 771 ατ

208 806 487 898 παραληγόμενον
514 807 599 877 κατὰ
616 808 677 896 τήν
697 804 862 895 ἡμετέραν
883 808 1058 876 διάλεκτον
1077 806 1227 893 opererio
1249 804 1330 873 ἐστι.

677 1092 789 1160 ΟΑΡ.
812 1094 860 1161 11.

608 1232 673 1303 Dc
716 1256 777 1328 ep
794 1258 813 1304 s
830 1236 847 1304 ν’
860 1234 876 1304 l
889 1256 920 1304 o.

294 1420 319 1501 ξ.
337 1418 366 1481 1.
410 1414 558 1481 Primum
578 1415 613 1479 in
635 1416 860 1500 quaestionem
878 1416 969 1482 venit
988 1436 1172 1502 pronomen
1193 1434 1334 1501 posscs-
1392 1366 1393 1439 A

211 1519 330 1595 sivnm3
353 1518 389 1583 τὸ
407 1514 497 1601 opaci
510 1516 540 1600 ¹)
561 1516 669 1585 ἔοικεν
688 1513 758 1585 ἀπὸ
777 1523 837 1584 τοῦ
856 1516 928 1605 apol
944 1517 1113 1602 γεγονέναι
1132 1513 1210 1581 κατ’
1233 1514 1336 1584 ἐπέν-

208 1628 307 1687 θεσιν
328 1621 386 1685 coi
409 1604 559 1685 {schol
579 1620 693 1705 Apoll.
707 1620 736 1684 Ι.
755 1620 828 1685 849.
849 1619 951 1703 idque
970 1616 1173 1703 Apollonius
1195 1640 1335 1703 quoquc

151 1718 158 1731 ⁸
209 1720 310 1786 Pron.
340 1720 412 1787 142.
448 1720 630 1806 pleonasmi
664 1721 798 1786 nomine
830 1721 942 1796 affert,
980 1719 1036 1783 alii
1067 1720 1335 1805 monosyllabum

211 1821 318 1909 ulipsi
339 1821 583 1889 transscribunt.
626 1823 718 1889 Huic
736 1845 778 1889 ex
795 1832 888 1909 parte
908 1821 1014 1887 simile
1031 1832 1082 1887 est
1099 1816 1175 1917 τεέν
1196 1821 1235 1889 τὸ
1259 1847 1337 1888 vor-

210 1927 267 1991 νὰν
289 1924 347 1991 σόν
369 1923 455 1991 κατὰ
476 1925 690 2007 πλεονασμὸν
710 1929 772 2014 τοῦΙ
786 1914 812 1991 e
828 1924 887 1990 καὶ
907 1922 1035 2011 τροπὴν
1055 1928 1116 1991 τοῦ
1137 1944 1165 1999 c,
1177 1924 1296 2009 Epim.
1307 1924 1336 1989 Ι.

208 2026 283 2091 412.
307 2048 405 2111 quem
428 2025 575 2091 doricum
597 2026 824 2112 pleonasmum
845 2025 927 2091 dicit
945 2026 1026 2091 EM.
1050 2024 1121 2102 752,
1145 2026 1197 2090 11.
1220 2034 1258 2090 et
1282 2022 1339 2103 ἑός

210 2149 271 2213 pro
294 2123 347 2206 ὃς,
376 2128 506 2212 dequo
535 2128 658 2193 dictum
684 2139 736 2195 est
762 2128 798 2193 in
821 2126 1003 2193 Prosthesi.
1052 2127 1176 2193 Parum
1202 2127 1338 2193 curiose

210 2228 289 2293 EM.
311 2230 390 2321 421,
415 2230 468 2295 42.
495 2228 601 2313 παρὰ·
617 2228 654 2297 τὸ
682 2224 741 2317 ἦρι
764 2228 890 2313 γίνεται
917 2223 1013 2315 ἠρίαι
1040 2228 1105 2295 καὶ,
1124 2230 1338 2317 πλεόνασμῷ

209 2323 324 2417 ἠερίαι
347 2324 392 2407 ὡς
413 2332 566 2415 πλέθρον
587 2332 766 2417 allennes.
808 2330 897 2395 Illud
916 2330 1084 2413 quomodo
1104 2342 1340 2417 comparamm

211 2430 269 2508 sit,
298 2452 376 2495 mox
401 2430 641 2517 *disputabitun
672 2430 859 2517 πέλτθρον,
887 2432 979 2517 quod
1005 2454 1075 2497 non
1104 2433 1214 2497 solum
1242 2436 1341 2520 apud

210 2541 325 2618 poetas
343 2531 463 2617 legitur
485 2532 544 2599 scd
562 2532 659 2597 etism
673 2532 708 2596 in
723 2532 992 2618 inscriptionibus
1007 2532 1127 2599 doricis
1144 2557 1174 2598 v.
1183 2533 1339 2601 Abrens.

209 2634 293 2700 Dor.
306 2634 378 2699 123.
400 2644 432 2699 et
450 2633 526 2700 binc
548 2634 733 2720 composita
748 2630 1021 2719 ἑπταπέλεθρος,
1038 2633 1338 2721 corrinnei-elleos,

211 2735 240 2800 si
262 2735 305 2799 ad
332 2756 536 2800 communem
557 2758 653 2799 nsum
675 2735 872 2813 referuntur,
899 2736 1028 2821 epsilnn
1050 2758 1342 2823 supervacaneum

210 2834 341 2901 hahent.
385 2834 549 2923 Πετηνός,
573 2837 665 2921 cujus
685 2847 792 2902 certus
810 2848 923 2903 auctor
941 2838 1049 2915 deest,
1063 2860 1131 2903 non
1146 2860 1191 2903 ex
1206 2839 1343 2924 πτηνός

210 2937 380 3003 dilatatum
402 2938 462 3003 sed
484 2960 504 3002 a
525 2935 716 3024 πετήσομαι
738 2940 935 3025 productum
957 2949 1008 3005 est
1028 2963 1058 3003 v.
1080 2940 1182 3006 Proll.
1204 2940 1284 3007 191.
1310 2955 1343 3007 et

209 3038 281 3105 193.
308 3036 488 3124 στελεγγίς,
514 3041 605 3123 quod
629 3042 726 3107 codd.
749 3042 875 3126 aliquot
911 3042 1072 3127 praebent
1100 3042 1227 3110 Athen.
1253 3044 1341 3113 XV.

207 3139 281 3205 674.
302 3142 342 3206 Β.
372 3140 458 3206 Poll.
481 3142 560 3209 Vll.
587 3142 658 3207 179.
685 3142 724 3209 C.
756 3154 788 3208 et
816 3145 1034 3227 στελέγγνσμα
1065 3143 1163 3209 codd.
1190 3145 1341 3213 Aristot.

124 3294 125 3299 ,
207 3240 359 3309 Auscult.
383 3240 456 3308 CV.
479 3264 512 3327 p.
536 3242 608 3307 839.
631 3244 663 3310 b.
685 3244 739 3309 25.
762 3244 901 3310 librariis
924 3243 1089 3323 tribuitur,
1118 3245 1250 3331 quibus
1269 3248 1340 3314 for·

208 3353 295 3409 tasse
324 3344 452 3425 στελγίς
480 3343 523 3408 ob
552 3346 665 3411 oculos
692 3346 773 3422 luit3
799 3346 887 3412 sitem
910 3346 1011 3433 piscis
1035 3369 1155 3412 nomen
1176 3350 1342 3432 βέλεννος

206 3444 328 3511 Athen.
352 3444 431 3511 Vll.
453 3445 528 3512 288.
546 3449 589 3513 A
612 3470 674 3513 nec
691 3448 850 3534 probatur
870 3448 1031 3535 scriptura
1050 3448 1141 3514 urbis
1163 3450 1342 3518 moadiae

208 3546 362 3631 Βερέτθη
390 3545 425 3609 in
450 3546 541 3613 libris
565 3548 709 3615 Pausan.
736 3562 770 3619 et
797 3551 987 3639 appellativi
1014 3553 1210 3637 βερένθιοτ,
1242 3556 1341 3639 quod

208 3644 382 3731 aliquoties
405 3670 466 3733 pro
488 3650 646 3734 βρένθιον
671 3652 740 3718 sive
761 3655 939 3739 βρένθτιον
959 3652 1128 3741 reperitur.
1171 3654 1340 3739 Ignotum

209 3757 259 3813 est
277 3748 367 3831 quod
382 3748 571 3835 Hesychius
586 3753 724 3837 protulit
737 3754 866 3839 Βρέκυν
882 3752 940 3820 τὸν
953 3756 1123 3838 Βρέκυντα
1138 3752 1197 3819 τὸν
1209 3759 1338 3842 Βρίγα,

207 3847 267 3915 scd
288 3848 473 3934 significare
494 3852 622 3917 videtur
640 3852 837 3941 Βερέκυντα,
860 3864 894 3919 et
914 3853 1092 3941 στεριφνός
1113 3856 1217 3921 idest
1236 3880 1337 3944 orpr-

112 4022 118 4033 p
206 3947 305 4037 φνός,
328 3954 419 4037 quod
439 3955 615 4021 Erotianus
639 3978 680 4021 ex
698 3955 933 4043 Aristophanis
953 3956 1029 4023 loco
1053 3957 1254 4045 depromsit,
1278 3960 1339 4026 ubi

222 4198 225 4203 '
276 4192 301 4256 l)
316 4188 363 4245 Sic
371 4188 519 4245 Bekkerns
532 4187 642 4261 scripsit
655 4191 809 4246 secundnm
817 4192 944 4248 Bastinm
957 4196 995 4248 ad
1004 4194 1092 4265 Greg.
1101 4196 1163 4253 900.
1175 4216 1231 4269 pro
1244 4204 1335 4272 σφέα,

112 4351 117 4360 .
207 4278 350 4343 quomodo
368 4277 412 4331 bis
432 4278 461 4331 in
478 4276 626 4349 Apollonii
646 4276 769 4332 carmine
787 4278 993 4352 scriptumest.
