2825 4809
133 375 185 443 nn
203 309 409 440 smcoru
430 365 577 435 onnus
598 363 822 435 voonnns.
849 364 888 432 o.
900 365 961 435 nv.
974 369 1000 453 ι.
1010 368 1047 432 1:
1067 373 1142 458 295

75 581 164 628 nomen
186 577 318 643 genuum
339 553 410 620 sine
434 552 492 618 illu
511 550 722 640 expromitur.
765 549 915 616 Alterum
937 561 987 618 est
1007 553 1142 636 adjecti·

75 684 140 728 vum:
156 657 189 726 ln
204 659 259 724 coni
278 651 385 734 πολύς
406 653 442 722 ἐν
461 657 613 742 σογκοπῇ
634 653 739 731 πλέος
759 651 816 718 καὶ
837 649 989 731 πλεῖοςὸ
1010 651 1143 740 πλήρης

75 762 116 828 καὶ
130 756 161 826 τὸ
177 755 374 842 συγκριτικὸν
393 755 520 822 πλείων
538 754 619 821 ΕΜ.
640 753 720 833 675,
746 754 776 819 7.
805 756 898 840 cujus
927 777 1032 840 genus
1060 777 1141 820 neu·

74 873 133 926 trum
149 858 324 946 plerumque
343 856 491 924 vocalem
511 854 691 942 simplicem
710 854 824 933 habet,
854 877 959 940 esque
980 856 1146 943 praevalet

72 958 319 1046 incompositione
337 968 370 1026 et
389 957 589 1024 derivatione
604 958 818 1042 πλεονέκτης,
839 957 1023 1038 πλεονάζω,
1039 960 1143 1024 πλεο-

71 1061 139 1140 νάκις
159 1070 212 1126 etc.
252 1060 382 1126 Nomen
409 1054 567 1142 στρατός,
595 1058 686 1143 quod
713 1057 836 1124 aeolice
862 1057 981 1123 dicitur
1006 1055 1145 1144 σιρότος

72 1161 165 1226 chbu
189 1161 257 1226 284.
286 1183 307 1226 a
339 1159 577 1247 significatione
605 1159 695 1226 verbi
720 1163 867 1246 στρῶσαι
895 1158 941 1224 ita
963 1158 1063 1245 longe
1086 1160 1143 1224 de·

69 1263 144 1328 flectit
164 1272 198 1327 ut
221 1262 419 1328 intermissio
448 1261 675 1349 productionis
701 1261 758 1326 vix
779 1260 1061 1328 animadvertatur.
1106 1261 1144 1329 Si

71 1364 139 1448 δρῦς,
157 1363 239 1449 quod
257 1362 469 1430 macedonios
491 1363 610 1430 dicitur
630 1360 807 1450 δάρολλος,
830 1385 850 1426 a
867 1360 951 1448 δόρυ
972 1361 1144 1449 processit,

68 1464 116 1529 lui
143 1487 203 1531 non
234 1465 344 1552 potuit
370 1464 451 1551 quin
477 1465 610 1552 ypsilou
635 1464 871 1552 produceretur
902 1465 1000 1530 utin
1029 1465 1145 1530 ceteris
1235 1463 1243 1472 '

69 1565 261 1650 monosyllabis
281 1557 338 1647 ὗς,
359 1571 425 1651 μῦς
444 1577 506 1632 etc.
548 1567 615 1632 His
635 1566 823 1652 praemissis
845 1577 974 1632 munseo
998 1567 1041 1632 ad
1064 1565 1146 1631 illud

68 1689 143 1751 genus
160 1690 321 1756 syncopae
343 1667 434 1753 quod
454 1690 522 1734 non
542 1668 576 1732 in
599 1668 734 1734 diverds
753 1668 900 1753 ejusdem
918 1667 1029 1755 stirpis
1046 1689 1145 1733 voca·

69 1766 127 1832 bulis
145 1769 277 1834 cernitur
301 1769 419 1835 sedin
438 1768 565 1836 iisdem.
604 1764 812 1858 Ἡρωδιανὸς
839 1768 926 1853 λέγει
951 1767 987 1835 ἒν
1016 1773 1059 1856 τῇ
1083 1793 1145 1834 κα-

67 1871 158 1958 sotini}
177 1866 227 1938 ὅτι
254 1867 297 1938 τὸ
322 1868 421 1952 κνύζα
449 1869 507 1936 ἐπὶ
536 1872 597 1938 τοῦ
624 1872 731 1957 picoti
758 1868 843 1937 κατὰ
867 1869 1036 1955 συγκοπήν
1058 1869 1147 1934 ἐστιν

69 1961 117 2034 inl
140 1969 249 2053 κόνοζα
277 1971 368 2038 Gud.
389 1971 467 2049 330,
494 1971 547 2036 59.
575 1970 664 2036 unde
691 1979 783 2058 patet
809 1971 900 2036 illum
928 1969 1146 2055 cunilaginem

68 2070 187 2155 aplustra,
209 2094 297 2158 quae
321 2070 421 2137 bodie
440 2071 476 2136 in
498 2071 640 2138 Graecia
659 2071 860 2161 ψολλίσιρα,
882 2093 901 2136 a
923 2070 1032 2136 Plinio
1055 2069 1146 2156 psyl-

69 2169 118 2234 lion
130 2183 267 2253 vocatur,
294 2197 363 2241 non
385 2173 545 2238 diversam
566 2183 717 2261 putasse3
736 2173 794 2238 alii
816 2172 859 2238 ad
880 2169 982 2254 κνύζιο
1004 2171 1148 2236 releumt

71 2274 98 2339 cl.
117 2275 219 2342 Panall.
249 2276 328 2343 406.
339 2276 372 2361 ²)
425 2275 593 2340 Helxinen
623 2274 759 2340 herbum
791 2296 876 2359 quae
903 2296 923 2338 a
947 2273 1147 2340 Dioscuridu

68 2373 214 2459 νλιβάσιον,
237 2377 281 2443 ab
299 2376 471 2464 Appulejo
490 2376 628 2461 clybatis
647 2388 792 2456 vocatur,
814 2376 980 2442 Nicander
1000 2399 1067 2442 non
1091 2397 1146 2441 so-

64 2473 281 2563 insulsitatis
313 2479 374 2544 sed
405 2479 504 2544 etiam
535 2475 777 2562 colluduntur
809 2478 876 2544 sive
907 2469 1148 2560 κοολοβάτειαν

64 2587 146 2655 vocnt3
174 2580 232 2646 sed
265 2580 362 2668 origo
391 2577 543 2647 vocabuli
570 2581 686 2666 ignota
716 2589 774 2644 est.
823 2579 953 2645 Eodem
974 2578 1048 2642 loco
1072 2587 1148 2641 sunt

64 2679 182 2763 propria3
210 2679 375 2770 Τόμαρος
404 2705 499 2748 mons
530 2681 626 2768 Epiri
654 2691 790 2746 vocatur
819 2691 851 2746 et
877 2680 1029 2765 Τμάρος,
1059 2677 1148 2743 unde

62 2778 223 2862 abutum
246 2781 402 2869 Τμᾶριος
416 2781 544 2850 Gallim.
566 2784 714 2850 Tmaritts
730 2781 904 2848 claudian.
927 2779 1026 2867 alpha
1046 2779 1147 2856 brevi,

62 2881 104 2944 sed
124 2883 279 2968 producto
309 2881 487 2971 Τομαριάς
513 2883 621 2970 Orpb.
642 2886 726 2970 Arg.
749 2883 822 2948 269.
846 2894 878 2948 et
898 2883 934 2948 iu
957 2881 1025 2948 Od.
1047 2881 1146 2948 XVI.

61 2979 113 3047 403.
128 3007 183 3070 pro
194 2982 234 3073 ἢν
251 2983 316 3069 μέν
334 2979 364 3049 κ’
386 2980 551 3071 αἰνήσωσι
565 2983 652 3062 Διὸς
668 2980 829 3068 μεγάλοιο
848 2983 1009 3067 θέμιστες
1027 2980 1147 3048 Strabo

61 3081 117 3147 Vll.
136 3085 203 3152 328.
224 3094 338 3150 namet
359 3084 499 3151 Critioos
518 3085 693 3170 quosdam,
723 3086 780 3171 qui
805 3083 966 3169 θέμιστες
987 3105 1048 3169 pro
1072 3105 1146 3147 ora·

60 3182 120 3249 tulis
141 3186 203 3253 dici
227 3196 406 3274 negarent,
434 3210 495 3273 pro
522 3185 586 3253 boc
607 3187 779 3272 scripsisse
803 3188 973 3266 Τομοῦροι
1001 3183 1053 3249 vel
1081 3190 1146 3248 To-

60 3288 154 3370 μοῦροι
170 3284 442 3377 ἐπιτετμημένος
462 3279 534 3356 οἷον
557 3284 855 3375 Τομαροφύλακες.
881 3285 1015 3350 Insulae
1028 3307 1149 3349 nomen

62 3384 265 3474 Φολεγανδρος
287 3388 379 3475 apud
396 3388 496 3454 Phot.
515 3399 549 3454 et
565 3390 648 3454 Hes.
681 3388 893 3474 Φλέγανδρος
916 3385 1067 3453 scribitur
1088 3385 1148 3450 sed

61 3497 182 3571 compte
217 3499 257 3554 ut
294 3489 461 3576 plerisque
498 3491 635 3556 videtur.
699 3489 805 3554 Ferae
843 3489 991 3574 Libycae
1028 3509 1149 3553 nomeu

59 3585 190 3655 rectiusne
212 3587 398 3675 κροκόττας
420 3613 463 3656 au
481 3587 675 3676 κοοοκόττις
690 3590 743 3655 vel
758 3589 960 3675 κροκοὺιτας
979 3589 1148 3667 scribatur,

60 3704 131 3751 nemo
164 3713 321 3778 quaerere
353 3691 450 3758 volet.
502 3692 623 3777 Itaque
656 3713 823 3778 syncopae
857 3692 1059 3779 exemplum,
1095 3691 1148 3757 cui
1229 3723 1232 3728 ·

59 3788 126 3852 credi
148 3793 270 3878 possit,
299 3793 334 3858 in
359 3793 561 3891 simplicibus
580 3795 715 3860 nullum.
760 3793 828 3860 Sed
850 3791 1046 3859 advocemus
1070 3817 1153 3878 sym·

60 3885 136 3956 beu.
178 3894 328 3961 Verbum
356 3895 500 3981 priscum
529 3894 721 3976 δνοπαλίζω
750 3893 861 3960 Schol.
885 3896 929 3959 Α.
958 3895 1000 3960 ad
1024 3894 1148 3960 11.1v.
1245 3891 1252 3908 ⁶

58 3987 114 4056 472.
129 4018 185 4079 pro
207 3996 350 4082 simplici
369 3996 468 4063 habet
488 3998 573 4064 donni
596 3992 763 4078 δονοπίζιο
781 3997 981 4084 πλεονασμῷ
1000 3997 1149 4061 dorono-

111 4161 135 4228 l)
149 4149 281 4220 Dioscor.
291 4165 361 4219 Mat.
374 4165 425 4219 IV.
440 4165 481 4218 70.
496 4163 525 4218 τὸ
539 4161 656 4235 pritinos
671 4166 698 4218 οἱ
711 4167 822 4219 Σικελοὶ
836 4161 950 4222 κονιδιΐς
963 4179 1015 4216 scr.
1027 4161 1150 4234 κονιδηις

61 4250 192 4318 auertite,
216 4253 359 4321 quomodo
381 4257 518 4305 vocantur
538 4250 663 4322 pulicum
685 4258 713 4305 et
733 4249 929 4321 pediculorum
950 4265 1010 4302 ova.
1048 4243 1149 4310 Κῦνιζα

60 4328 169 4402 scriptum
186 4344 228 4392 est
245 4335 277 4390 in
291 4337 375 4391 Drac.
393 4353 422 4407 p.
439 4337 481 4401 71,
496 4337 520 4389 1.
