2825 4809
165 281 220 344 nu
230 276 492 374 Paossrmsr
501 276 565 344 uu
576 279 842 350 mnmuusr.
856 282 895 350 c.
904 285 1001 354 vnr.
1019 289 1044 371 l·
1054 288 1083 352 1.
1110 293 1179 366 151

100 486 158 528 rum
182 473 342 546 utrumque
370 461 518 534 naturale
547 473 597 528 est
629 473 661 528 et
692 463 864 552 integrum.
909 462 1125 556 Ὀλοφυγάάν
1152 481 1185 536 et

100 559 253 649 ὀλοφοκτίς
280 563 346 627 sive
374 558 575 650 ὀλοφλοκπίς
608 586 628 628 a
658 563 799 646 φλυκτίς
828 575 860 631 el
892 563 1077 654 φλύκταινα
1111 571 1182 636 solo

100 663 267 748 syllabarum
287 687 421 730 numero
445 663 615 741 differunt,
642 663 702 729 sed
729 666 896 751 augmenti
923 687 1022 732 eausa
1043 689 1108 734 non
1129 689 1181 734 re-

98 765 205 851 peritur.
260 765 354 831 Haec
382 764 542 851 simplieia
572 776 665 842 sunt3
694 766 785 850 quod
811 787 888 832 vero
922 766 1034 834 Schol.
1059 769 1182 836 Aesch.

97 866 165 930 Fals.
183 864 243 949 leg.
267 868 292 949 ξ.
304 866 356 946 21.
379 865 477 951 p.28.
501 865 553 932 ed.
564 866 650 931 Bait.
667 867 761 931 effert
779 871 909 948 σχοῖνος
932 863 965 932 ol
985 865 1046 948 μὲν
1066 863 1184 947 ἁπλῶς

96 964 230 1050 λέγουσιν,
252 962 285 1034 oi
307 963 345 1033 δὲ
360 964 508 1033 Ἀττικοὶ
529 963 730 1048 ὁλάοχοινον,
751 965 788 1030 id
810 975 842 1030 et
858 966 992 1052 spiritus
1006 964 1182 1051 syntheton

96 1089 151 1131 esse
167 1065 285 1132 iudicat
305 1077 338 1132 et
359 1065 571 1154 significarim
604 1066 652 1131 sie
674 1066 761 1132 enim
781 1077 915 1132 vocatur
935 1066 1030 1151 junci
1053 1068 1181 1154 speeies

95 1169 177 1250 major
187 1177 221 1230 ut
233 1163 401 1250 ὁλοὲχινος
424 1165 597 1252 ὁμεγέθει
616 1164 790 1253 διαφέρων
809 1166 941 1232 Moseh.
965 1166 1085 1236 Sohed.
1107 1168 1181 1233 208.

96 1267 247 1351 eademque
273 1266 471 1353 ε’χινομήτρα
500 1266 585 1333 sieut
610 1259 843 1353 ὀρτυγομήτρα
871 1259 974 1354 lipsa}
999 1264 1181 1353 ὑπερμεγέ-

93 1373 144 1453 θης
158 1368 235 1431 Hes.
258 1388 326 1451 quo
349 1367 528 1434 Salmasius
549 1368 681 1454 plantae
702 1388 823 1431 nomen
849 1371 1015 1435 lotometra
1034 1367 1181 1432 illustrat.

93 1468 136 1531 Ad
159 1467 381 1552 explicandam
410 1467 532 1551 Suidae
560 1469 706 1556 glossam
731 1462 891 1550 Πρόπιον
919 1466 1091 1551 μάντευμα
1123 1468 1182 1534 καὶ

93 1565 278 1653 θεοπρόπιον
301 1573 392 1634 θεῶν
413 1567 590 1654 μάντευμαΙ
607 1569 729 1656 duplex
754 1567 828 1632 iniri
858 1578 969 1654 potest
988 1567 1090 1645 ratio,
1125 1579 1182 1633 aul

94 1690 147 1731 ean
164 1690 180 1732 e
198 1669 271 1733 loeo
293 1670 407 1735 vitiato
428 1671 633 1757 depromtam
659 1690 731 1734 esse
754 1679 810 1732 aut
832 1679 1004 1754 poetarum
1028 1667 1180 1753 aliquem,

95 1769 134 1852 qui
152 1768 220 1834 huie
241 1771 369 1836 nomini
389 1771 524 1837 verbum
545 1770 708 1858 προέπειν
728 1768 764 1833 id
785 1777 835 1833 est
856 1774 1034 1854 προειπεῖν
1048 1769 1183 1834 subesse

93 1871 219 1948 erederet,
242 1872 366 1936 omissa
390 1882 483 1958 parte
502 1894 571 1937 non
591 1869 785 1944 necessaria,
809 1878 846 1933 ut
868 1868 992 1952 aliquid
1010 1869 1086 1934 novi
1103 1892 1182 1955 pro-

93 1971 173 2050 leuet,
193 1973 329 2038 linxisse
350 1973 500 2059 πρόπιον
522 1973 562 2038 oi.
584 1974 772 2039 Buttmann.
795 1968 903 2034 Lexil.
925 1969 954 2034 1.
977 1967 1029 2034 20.
1092 2041 1095 2050 .

504 2204 617 2274 OAP.
639 2205 738 2273 VIII.

255 2368 289 2402 a
377 2343 429 2416 Be
455 2345 604 2442 syllabis
631 2345 816 2439 duplicatis
831 2343 877 2442 ¹).

154 2509 176 2592 l.
198 2509 226 2573 1.
270 2507 478 2589 Prosthesin,
500 2510 536 2576 in
560 2532 625 2596 qua
640 2509 798 2577 haetenus
815 2509 933 2576 morati
947 2531 1069 2588 sumus,
1092 2508 1183 2575 tech-

90 2607 138 2670 niei
160 2632 393 2696 nonnunquam
421 2611 732 2699 anadiplasiasmum
758 2621 879 2676 vocent
899 2621 936 2675 ut
952 2611 1033 2676 EM.
1055 2609 1126 2687 755,
1149 2609 1179 2674 2.

90 2697 151 2774 άπα
170 2709 233 2776 κατ’
265 2705 583 2795 άναάιπλασιασμὸν
608 2715 706 2781 τέττα
736 2711 796 2777 sed
822 2711 956 2799 proprie
986 2711 1032 2777 sio
1063 2709 1181 2775 dieitur
1303 2755 1308 2762 ·

88 2800 169 2894 ἧνῇς
188 2809 327 2898 πρώτης
350 2808 372 2898 ἢ
398 2809 557 2900 δευτέρας
582 2813 750 2900 συλλαβῆς
779 2813 836 2880 διὰ
864 2817 930 2878 τῶν
959 2805 1068 2880 αὐτῶν
1098 2833 1181 2894 ουμ-
1244 2821 1245 2828 ’

87 3014 208 3090 μετοχῶν
230 3011 290 3079 καὶ
313 3007 493 3091 ὀνομάτων,
516 3011 659 3093 κεκάμιο,
681 3006 870 3100 άτάρτηρος
886 3010 1013 3099 Tryph.
1027 3011 1068 3076 de
1079 3011 1174 3076 Pasa.

88 3109 105 3189 l·
125 3108 167 3201 12.
198 3100 230 3198 p.
254 3113 310 3178 34.
353 3113 554 3197 Hujusmodi
583 3113 857 3200 duplicationis2)
883 3115 925 3179 de
956 3135 1021 3199 que
1050 3111 1094 3176 ad
1120 3113 1177 3196 Aj.

87 3229 111 3290 p.
134 3211 188 3276 242
206 3236 254 3300 sq.
287 3213 429 3280 breviter
467 3225 501 3280 et
527 3216 712 3280 summatim
742 3215 897 3294 disserui,
938 3213 1177 3291 Grammaticus

87 3306 231 3379 Parisinus
253 3314 419 3401 Gregorio
448 3315 640 3401 subjunctus
665 3339 699 3402 p.
722 3315 795 3382 686.
829 3327 894 3382 tres
924 3327 1072 3382 numeral
1098 3338 1175 3402 spe·

129 3515 151 3582 1)
156 3515 230 3573 Hsee
239 3517 400 3573 dissertatio
407 3517 527 3590 primum
533 3518 611 3572 edila
618 3524 661 3573 est
671 3515 843 3573 solemnibus
849 3518 870 3571 J
871 3535 915 3572 sn.
925 3516 1176 3574 MDccchvn.

88 3595 173 3655 llodem
185 3604 242 3660 fers
254 3611 384 3676 tempore
399 3603 512 3676 scripsit
521 3603 731 3660 Heinebaehius
749 3603 785 3658 de
802 3619 931 3676 praseae
949 3601 1069 3675 Ιίπμααα
1087 3601 1174 3657 redu-

86 3681 220 3750 plicatione
230 3686 480 3744 MDCCCXLVII.
492 3697 522 3744 et
532 3689 714 3751 Doederlein.
733 3687 886 3744 Uelerdle
897 3687 1131 3761 Redaplloallon
1142 3691 1174 3742 lu

88 3766 127 3820 les
134 3773 236 3842 yrleels.
248 3775 312 3828 aad
324 3773 377 3830 lat.
396 3773 602 3847 Worlllldonq
612 3775 642 3829 in
653 3774 727 3830 libro
742 3774 843 3828 Redeo
859 3773 920 3844 aad
930 3773 1072 3844 Aofslltae
1085 3773 1121 3828 T.
1135 3771 1173 3827 11.

87 3867 108 3920 p.
118 3856 168 3912 lll.
191 3859 266 3923 Quid
277 3860 346 3917 mihi
359 3879 423 3916 eum
434 3859 556 3932 ut'roque
566 3859 731 3926 conveniat,
746 3867 881 3931 quantum
892 3859 1051 3933 discrepet,
1067 3858 1177 3931 patebit

89 3942 282 4002 conserentibus.
432 3956 441 3962 ‘

139 4028 164 4094 l)
175 4030 281 4087 Nomen
295 4032 495 4106 reduplieallo
510 4033 587 4103 apud
595 4029 712 4087 Latinos
724 4049 782 4086 non
791 4031 909 4102 legium
921 4029 1071 4102 proverbe
1084 4026 1173 4082 reclu-

87 4108 180 4177 elisere
189 4115 343 4173 Priscianus
362 4116 393 4172 in
406 4136 481 4174 nono
495 4118 570 4175 libro
581 4126 611 4174 et
622 4118 743 4184 decimo,
761 4117 810 4172 ubi
823 4119 858 4172 ds
871 4112 1039 4172 formatione
1051 4111 1172 4185 perfecti

89 4193 139 4262 agit,
149 4199 229 4256 utitur
238 4203 364 4275 simplici.
