2825 4809
149 371 202 437 on
222 356 430 436 smoorn
451 364 598 433 usura
620 361 842 434 voosnrs.
869 364 909 432 o.
921 366 950 433 1.
980 368 1049 454 sa.
1072 372 1146 449 ιιι

79 554 178 643 syllabis
197 550 309 639 ellipsis
331 551 443 638 potius
471 572 568 635 quam
589 538 856 637 prodnotioribua
878 552 1062 639 pleonaami
1084 578 1148 622 no·

78 680 132 723 nen
149 654 326 721 indiderunt.
349 690 388 703 -
417 653 573 739 Ignotum
594 650 790 719 vocabulum
816 652 913 720 nobis
934 654 1048 741 objioit
1066 658 1148 722 ΕΜ.

78 760 113 836 bb,
131 758 172 823 18.
192 750 324 823 ἀλιίατα
350 758 500 843 σοχκοιιῇ
522 745 648 841 ἀλητα·
667 752 802 840 λέγεται
821 755 880 823 καλ
901 748 1036 845 ἀλνχιον,
1057 758 1148 843 quod

75 862 119 927 nisi
136 860 279 945 adjectum
300 868 405 936 esset,
435 856 607 923 relatorem
630 854 750 921 vitiosa
781 857 944 944 scriptura
973 859 1153 946 deoeptnm

76 964 250 1029 ditarem-
278 960 457 1027 Nominum
486 957 633 1043 ejusdem
665 958 794 1044 generis
830 959 865 1024 in
890 948 932 1041 ας
959 960 1148 1027 exeuntium

74 1078 216 1131 trescasas
234 1062 378 1129 similiter
399 1060 553 1127 uadentes
576 1069 690 1125 notum
711 1071 762 1126 est
782 1062 902 1149 triplici
920 1064 1020 1129 modo
1040 1062 1147 1129 efferri

73 1164 165 1253 τέρατα
183 1164 281 1252 τέραα
303 1163 395 1249 τέρα.
424 1164 534 1249 Hujus
561 1162 658 1249 alpha
680 1163 708 1227 ai
720 1164 856 1250 longum
881 1173 941 1243 est,
963 1173 1148 1252 patetoon.

73 1258 175 1332 toabam
205 1288 295 1343 esse;
332 1265 382 1330 sin
409 1264 524 1344 breve,
552 1265 719 1350 quaeritur
747 1265 886 1331 duorum
914 1266 1012 1355 nlpba
1038 1276 1149 1333 utrum

74 1368 183 1433 arrisum
199 1369 247 1434 sit.
271 1370 410 1437 Veteres
431 1366 527 1431 finale
549 1366 753 1453 praeierunta
773 1364 817 1432 τὰ
840 1365 978 1452 δίχρονα
995 1367 1033 1436 έν
1044 1391 1147 1435 σανα-

73 1468 192 1590 loappc‘
177 1467 353 1537 εκτείνεται
360 1467 481 1589 uaoe'oo
503 1466 594 1553 κρέα,
617 1465 722 1555 κέραα
744 1466 844 1554 κέρα·
864 1492 895 1535 ιι
885 1462 1078 1553 ’μέντοι
1054 1492 1146 1537 αντα·

74 1568 150 1658 κοκὴν
136 1568 309 1649 νδέξεται
337 1572 396 1657 τῆς
422 1595 465 1635 τα
500 1570 681 1656 συλλαβῆς,
716 1567 1025 1653 συνεσταλμένον
1007 1568 1079 1637 εστὶ
1106 1568 1147 1637 τδ

74 1668 185 1757 δίχρονον
204 1670 387 1737 Herodian
418 1670 459 1736 de
478 1670 689 1769 Diem-4341.
719 1670 772 1769 (ιδ-η.
797 1670 915 1736 Labra.
947 1673 1014 1736 τῶν
1036 1668 1099 1750 εἷς
1106 1697 1150 1750 ας

73 1763 234 1868 ὀνομαστικὴ
257 1769 512 1859 ntqtvnaxb’
482 1796 531 1850 εις
553 1796 619 1839 ατα
640 1771 699 1839 καὶ·
721 1796 768 1838 αα
795 1770 1062 1855 συνεσταλμένως
1091 1774 1151 1841 καὶ

74 1867 106 1947 aig
95 1870 379 1957 ςαέκτιταμένως
399 1866 557 1951 ἀττικῶς
584 1872 622 1940 τὸ
646 1872 683 1939 de
709 1870 806 1958 κρέα
829 1874 871 1937 λι
866 1895 972 1957 χκος
999 1869 1150 1957 ἔκαμνε

73 1994 138 2066 ιιορο
130 1969 349 2060 Καλλιμάχῳ
364 1974 478 2059 (Dian.
492 1974 559 2059 88.)
584 1972 670 2039 κατὰ
693 1993 862 2060 σογκοιιρν
877 1970 981 2050 έστιν,
1004 1971 1088 2041 ό3εν
1107 1974 1148 2041 τδ

76 2072 291 2141 brandilam
314 2074 479 2142 Choerob.
504 2074 674 2152 consae,
687 2075 738 2141 14.
762 2094 937 2161 apocopen
959 2074 1149 2160 significans

77 2181 103 2235 ut
118 2195 131 2236 a
144 2175 288 2241 Dracone
313 2178 384 2243 116.
408 2178 535 2245 dicitun
578 2176 778 2243 Prolationis
801 2175 919 2239 atticae
948 2176 1001 2260 (ut
1024 2177 1066 2242 de
1087 2177 1152 2245 beo

74 2273 174 2357 prinum
194 2278 316 2363 dicam)
341 2281 527 2367 exemplum
547 2280 679 2346 unicum
708 2289 759 2345 eat
779 2279 816 2344 in
836 2276 1038 2364 Antiphanie
1053 2300 1152 2345 versu

72 2374 122 2439 Vol.
138 2376 195 2442 ΠΙ.
215 2378 245 2443 9.
270 2377 355 2465 κρέα
378 2378 416 2446 dd
435 2378 526 2459 τίνος
547 2376 657 2469 ἥδιστ’
682 2371 724 2448 ἀν
744 2378 897 2458 έσέιίοις,·
916 2377 1025 2458 τίνος,·
1053 2390 1153 2467 atque

69 2473 112 2540 boo
133 2490 268 2545 removet
293 2481 482 2547 Meinekius
517 2482 553 2547 in
581 2482 645 2549 Ed.
675 2483 800 2547 minore
825 2481 867 2545 Τ.
896 2481 924 2545 Ι.
950 2482 1024 2546 494.
1052 2480 1154 2570 κρέας

68 2576 193 2662 scribens,
222 2603 303 2645 nam
329 2580 410 2669 κρέα
436 2604 505 2649 non
535 2582 600 2648 diei
627 2582 742 2647 ultima
769 2581 941 2669 producte.
985 2582 1081 2646 Idem
1109 2583 1154 2648 de

67 2682 196 2746 conmuni
216 2684 457 2749 consuetudine
479 2694 512 2750 et
535 2684 577 2749 de
593 2686 741 2750 Homero
761 2684 838 2771 ipso
858 2682 1151 2751 oontenditSohol.

66 2780 213 2851 ΠΧΧΙΙ.
235 2786 314 2852 347.
344 2784 430 2852 κατὰ
453 2782 614 2874 συστολὴν
640 2784 679 2852 τὸ
709 2784 792 2872 κρέα
821 2778 1060 2873 ἀνεγνώσθη*
1039 2783 1152 2872 ω’ςιιερ

66 2882 106 2948 καὶ
118 2885 147 2950 ἐν
161 2890 199 2977 τῇ
218 2884 401 2975 συνηθείᾳ·
426 2880 496 2953 bus*
517 2883 706 2971 Τυραννίων
722 2883 873 2953 ἐκτείνει
895 2878 974 2951 ἀλλ
987 2878 1154 2952 olosma

65 2976 216 3078 ίαοιητὴς
237 2982 438 3105 κρέμασεν
466 2985 530 3053 hoo
552 2996 602 3052 est
629 2987 676 3051 ita
703 2998 741 3052 ut
767 2986 913 3051 iambum
938 2986 1067 3051 alliciat.
1111 2986 1153 3051 In

64 3081 102 3148 illo
118 3086 200 3168 loeo,
229 3090 285 3155 oui
313 3088 377 3154 hoo
408 3088 600 3153 adnotatum
626 3098 676 3154 est
709 3100 743 3153 ot
770 3088 899 3155 duobus
922 3087 993 3153 aliis
1014 3084 1127 3172 κρέα
1118 3110 1153 3154 m

63 3189 132 3254 tertio
152 3204 182 3257 et
203 3191 320 3278 quinto
343 3190 430 3277 peda
453 3200 529 3255 ante
551 3212 729 3255 consonam
749 3190 885 3276 legitur;
908 3210 1010 3275 quaro
1030 3190 1159 3255 nsaw

63 3286 126 3355 lbius
151 3294 247 3373 1777,
281 3294 334 3360 21.
365 3291 495 3357 dubitat
524 3301 632 3357 utrum
663 3291 798 3357 bibreve
825 3292 869 3359 ait
898 3285 944 3370 ὡς
974 3284 1157 3380 ἀποκοπὴν

62 3391 151 3459 ababa
168 3394 208 3461 ἐκ
225 3399 288 3464 τοῦ
310 3393 435 3482 κρέατα
455 3416 497 3458 an
517 3393 779 3479 monosyllabum
800 3403 837 3457 ut
857 3392 957 3459 estin
975 3392 1065 3458 exitu
1080 3414 1154 3457 ver·

62 3511 100 3556 ana
122 3488 287 3583 ἀνδρόμεα
316 3495 412 3583 κρέα,
442 3496 535 3580 eujus
565 3495 688 3561 voonlia
714 3495 828 3559 ultima
859 3506 893 3560 et
919 3496 1021 3580 longo
1049 3493 1155 3559 videri

59 3604 148 3709 potest
161 3608 198 3661 ut
208 3593 295 3665 Ῥέα
316 3597 351 3662 in
374 3597 493 3661 eodem
514 3618 627 3661 versus
649 3596 725 3662 loeo
748 3596 943 3662 collocatum
963 3588 1020 3671 οὓς
1041 3592 1159 3663 τέκετο

59 3685 126 3775 Pa‘a,
147 3709 178 3763 et
196 3698 306 3765 brevis
335 3708 374 3763 ut
395 3698 598 3763 accusativus
626 3699 769 3763 nomime
797 3702 876 3776 ναῦς
903 3697 938 3761 in
969 3695 1063 3761 initio
1094 3696 1155 3763 νέα

61 3794 103 3871 μέν
120 3824 173 3881 μοι
193 3800 349 3880 κατέαξε.
393 3801 464 3869 Sed
489 3800 704 3886 longitudinis
733 3810 842 3865 tomen
869 3798 996 3865 nullum
1023 3798 1158 3865 offertur

62 3900 219 3987 exemplum
245 3924 439 3991 expressum
467 3912 501 3968 et
527 3900 761 3978 indubitabile,
787 3901 953 3967 brevitatis
982 3921 1060 3965 vero
1084 3922 1158 3964 cer

60 3994 193 4066 tissimum
214 3998 326 4090 κρέΗ
310 4001 492 4093 υπέρτερα·
514 4004 597 4070 haeo
623 4015 731 4071 autem
753 4004 897 4071 exoludit
918 4000 1155 4088 synaloephen.

59 4093 112 4164 Nec
130 4103 286 4221 probatur
306 4130 346 4171 ea
363 4108 562 4185 nominibus,
585 4130 669 4193 quae
690 4107 727 4172 in
748 4131 790 4185 ας
808 4130 876 4173 non
892 4124 1011 4192 purum
1026 4110 1156 4165 exeunt.

59 4196 107 4263 His
127 4206 209 4270 enim
231 4207 344 4274 Draco
370 4210 431 4287 55,
457 4210 507 4276 14.
540 4209 639 4296 alpha
666 4208 765 4275 breve
793 4206 904 4272 tribuit
926 4212 1066 4299 excepto
1088 4224 1157 4267 nno

60 4297 90 4364 τὰ
108 4300 151 4384 τίς
170 4332 194 4373 α
218 4308 297 4392 (sor.
320 4313 378 4399 ρο)
407 4306 549 4399 ληχοντα
577 4305 737 4397 οὐδέτερα
758 4307 929 4376 συστέλλει
951 4304 992 4374 τὸ
1015 4332 1037 4372 α
1070 4301 1159 4391 πλὴν
