2825 4809
215 375 287 445 120
580 366 901 436 DISSERTATIO
934 369 962 433 l.

208 552 312 634 Quod
333 552 449 616 mirum
466 565 516 618 est
533 554 622 619 unde
640 555 816 620 resciscere
833 553 986 642 potuerit.
1014 552 1081 616 Pro
1094 547 1206 618 Ῥοῦιο
1223 553 1330 616 τοῦτο

206 652 413 738 Hesychium
442 656 562 743 ῥοῦιος
589 646 687 734 οὗτος
716 656 887 742 scripsisse
914 654 1061 722 Sturzius
1096 659 1205 717 censet
1233 649 1330 716 Dial.

206 757 262 821 Al.
287 754 341 820 45.
365 756 425 820 sed
443 754 567 840 Ῥιῖρος
592 754 810 844 ταλαίπωρος
826 755 1042 822 Ruhnkenius
1065 777 1085 818 a
1104 751 1241 817 librariis
1263 771 1329 838 pro

200 850 286 943 Ἰρος
306 855 470 935 invectum
491 879 564 922 esse
589 856 796 933 criminatum
824 879 885 943 pro
910 853 1015 943 Ἰοτόρ
1045 858 1157 942 σφῦρα
1179 850 1330 932 scriben-

208 958 286 1022 dum
309 969 359 1022 est
379 955 531 1045 ῥαισσόρ.

291 1075 393 1140 XIII.
438 1075 547 1161 Super
576 1086 701 1142 ceteras
728 1100 905 1154 consonas,
933 1095 1018 1159 quae
1041 1071 1190 1137 adhunc
1212 1069 1330 1134 locum

207 1176 387 1263 pertinent,
418 1176 513 1240 facile
541 1177 673 1242 excellit
695 1179 800 1264 sigma
822 1177 1044 1263 exemplorum
1063 1171 1269 1238 multitudine
1295 1179 1331 1233 et

205 1277 370 1342 varietate.
415 1278 512 1360 Quae
537 1278 565 1342 si
590 1301 650 1364 pro
679 1291 796 1344 natura
819 1279 932 1369 literae
957 1274 1185 1359 subsequentis
1208 1271 1330 1336 distin-

205 1389 359 1464 guuntur,
384 1378 450 1442 duo
475 1378 619 1444 existunt
639 1403 777 1466 genera,
807 1402 945 1465 quorum
975 1378 1066 1442 alteri
1087 1376 1215 1441 vocales
1247 1372 1329 1438 sub-

198 1480 308 1562 jectae
338 1488 429 1557 sunt,
463 1479 555 1544 alteri
577 1492 716 1574 quatuor
739 1479 1113 1566 consonarum'speoies.
1158 1477 1212 1544 De
1234 1483 1330 1539 utro-

206 1601 270 1662 que
298 1591 408 1645 autem
437 1604 536 1668 saepe
560 1583 676 1647 eedem
704 1606 788 1668 quae
819 1593 915 1648 antea
938 1581 1026 1646 subit
1049 1578 1222 1645 haesitabo
1248 1575 1331 1639 hino

205 1680 369 1766 prosthesi
396 1683 583 1768 proposita,
617 1682 693 1749 hino
725 1684 907 1772 aphaeresi.
959 1683 1027 1750 Sed
1057 1681 1196 1768 prImum
1220 1677 1264 1741 de
1285 1677 1328 1740 iis

203 1782 334 1865 loquar,
364 1806 450 1867 quae
479 1782 588 1848 demto
616 1785 722 1869 sigma
750 1785 891 1850 avocali
914 1784 1094 1849 ordiuntur.
1139 1779 1232 1861 Quin
1254 1777 1329 1862 Ly·

203 1882 328 1969 cophro
342 1877 474 1961 ’Ἀλπες
494 1885 658 1949 vocaverit
679 1882 815 1952 Σάλπια
837 1885 960 1949 vitandi
982 1883 1088 1948 hiatus
1109 1904 1207 1947 causa
1227 1901 1330 1944 nemo

204 1984 347 2062 dubitat3
371 1984 431 2048 sed
455 1985 495 2049 de
514 1986 584 2051 aliis
607 1987 754 2052 locorum
774 1986 1007 2071 hominumque
1028 1982 1212 2059 vocabulis,
1242 2003 1330 2065 quo-

202 2107 275 2148 rum
301 2108 368 2151 non
396 2085 510 2149 eadem
539 2087 727 2164 celebritas,
754 2087 788 2150 in
817 2098 964 2151 neutram
994 2096 1120 2172 partem
1145 2083 1331 2169 quidquam

204 2186 301 2248 statui
333 2195 455 2271 potest3
488 2187 577 2250 velut
604 2183 813 2272 ’Λγόλασσος
840 2199 873 2253 et
902 2188 1019 2253 certius
1048 2183 1265 2270 Eurydicenque
1295 2204 1326 2244 v.

203 2284 390 2350 Tzsehuck.
412 2285 455 2348 ad
478 2285 585 2351 Strab.
604 2287 688 2351 XII.
715 2287 787 2351 190.
819 2283 1050 2376 Ἁλμυδιγσσός
1076 2297 1109 2350 et
1130 2285 1328 2368 Σαλμυδησ-

203 2383 262 2462 σός
283 2385 371 2449 idem
395 2385 438 2448 ad
457 2386 538 2450 Mel.
561 2388 637 2454 Vol.
660 2387 725 2451 III.
746 2389 786 2452 P.
804 2388 851 2452 Π.
870 2389 921 2453 96.
937 2385 1178 2471 Ἀνδρόκοττος
1196 2394 1229 2449 et
1245 2387 1330 2448 Σαν-

202 2484 382 2569 δρόκοτιος
413 2486 517 2550 Indus
545 2486 810 2574 Schweighaues.
844 2489 887 2552 ad
913 2488 1061 2575 Appian.
1093 2488 1167 2572 syr.
1194 2508 1222 2550 o.
1247 2483 1331 2548 Lx;

197 2581 366 2670 Ἑρμόλιοι
400 2597 433 2650 et
464 2584 644 2674 Σερμόλιοι
672 2588 808 2654 Ducker
841 2590 883 2652 ad
912 2589 1018 2654 Thuo.
1045 2590 1074 2654 I.
1105 2587 1157 2652 65.
1187 2579 1333 2672 ’Ἐγεσια

200 2686 345 2768 Σέγεστα
368 2697 428 2751 etc.
446 2689 538 2772 cujus
560 2687 689 2773 generis
713 2691 869 2753 nonnulla
890 2713 910 2754 a
929 2689 1094 2755 veteribus
1113 2685 1331 2773 quoquead-

201 2795 313 2848 notata
340 2800 432 2850 sunt:
465 2786 611 2875 πότερον
642 2789 749 2872 λέγειν
780 2791 841 2878 χρὴ
866 2787 1000 2868 Ἑλλοός
1026 2787 1073 2868 ὡς
1102 2788 1279 2872 Πίνδαρος
1312 2781 1332 2869 ἢ

200 2884 351 2963 Scitote,
369 2883 413 2965 ὡς
429 2883 611 2954 ὑπονοοῦσι
628 2885 715 2974 παρ’
731 2886 867 2978 Ὁμήρῳ
885 2897 1034 2969 κεῖσθαι,
1051 2887 1071 2978 ἡ
1089 2889 1204 2976 γραφὴ
1220 2883 1334 2970 ἆμφί·

200 2983 301 3066 βολσς
315 2978 398 3052 οὖσα
418 2981 478 3052 οἷοι
496 2986 535 3074 ἐᾷ
552 2988 831 3073 διισχυρίζεσθαι,
856 2988 985 3058 οἴονται
1005 2992 1042 3057 δὲ
1060 2986 1130 3056 cinci
1153 2994 1220 3054 τῶν
1245 2983 1334 3052 ἑλῶν

202 3081 289 3147 cibor
319 3088 498 3153 καλεῖσθαι
525 3085 633 3154 Strab.
660 3089 739 3156 VII.
767 3089 839 3153 328.
871 3091 911 3155 cf.
938 3091 1083 3158 Ellendt.
1106 3091 1193 3154 Lex.
1219 3086 1331 3173 Soph.

199 3179 332 3247 11704.
353 3180 449 3250 ’Ίιιον
469 3184 569 3266 πόλις
592 3189 796 3267 Θεσσαλίας,
818 3191 904 3268 τινὲς
925 3191 962 3257 δὲ
983 3191 1112 3256 Σίιιονα
1137 3185 1245 3276 αὐτὴν
1270 3213 1334 3252 κα-

200 3283 296 3345 λοῦσι
331 3282 386 3346 διὰ
419 3285 455 3346 τό
500 3288 682 3377 σιτοφόροι
716 3287 832 3376 Steph.
865 3291 1156 3377 Appellativorum
1193 3288 1333 3374 copiam

201 3379 339 3463 praebet
358 3382 547 3466 Hesychius
560 3381 687 3472 ”Ayava
709 3387 791 3472 (hoc
814 3392 965 3477 accentu)
990 3389 1137 3479 σαγήνην
1161 3387 1332 3476 Κύπριοι,

195 3472 322 3564 ’Λκκόρ
345 3479 469 3560 σακκός
489 3483 668 3564 Λάκωνες,
692 3482 766 3572 ”lya
788 3492 865 3576 σίγα
889 3493 1057 3578 Κύπριοι,
1083 3486 1184 3556 'Indo
1208 3482 1332 3564 σιπόα,

201 3599 339 3660 quorum
361 3581 426 3645 duo
450 3584 555 3668 prima
579 3586 790 3654 Grammatici
819 3613 839 3654 a
867 3587 983 3658 σάσσω
1010 3599 1184 3676 repetunt,
1217 3598 1333 3654 cetera

198 3675 447 3744 thematicorum
468 3683 577 3748 locum
596 3686 752 3766 obtinent,
776 3691 835 3754 sed
858 3714 899 3755 ex
916 3713 979 3755 usu
999 3690 1168 3756 communi
1189 3689 1218 3754 si
1234 3688 1331 3773 judi-

199 3786 326 3856 (ΜΠ,
356 3781 461 3865 sigma
483 3785 652 3869 proprium
672 3798 705 3853 et
728 3789 873 3854 nativum
898 3788 1099 3877 habent⁴⁰).
1143 3791 1206 3856 Ad
1231 3790 1331 3876 pleo-

199 3899 348 3942 nasmum
376 3902 452 3946 vero
479 3885 585 3969 vergit
608 3886 727 3975 Σαμβό
756 3886 881 3977 ὀφρῦς,
916 3893 1009 3975 cujus
1039 3913 1231 3976 synonyma
1253 3902 1334 3956 sunt

269 4113 315 4180 to)
334 4113 391 4168 Pro
404 4113 589 4189 σημαντήριον
601 4118 647 4172 Du
660 4120 782 4191 cangius
798 4140 813 4176 e
827 4119 936 4178 Glossis
950 4126 1034 4178 affert
1046 4091 1237 4198 ἠμανιὴριον,
1251 4127 1334 4196 quod

99 4259 102 4267 Ι
197 4195 930 4292 ιΒσι·ιιῑιαι·(1γδιιίιίαασ.Ἀργνροιιιννιεῖσνσιωιιιίι.
965 4204 1093 4283 Ἴριγγας
1117 4209 1169 4272 τὰς
1196 4210 1336 4286 ἀρτηρίας
1384 4265 1385 4270 ,

206 4279 375 4356 Ιπποκράιγς
392 4285 496 4343 Zonar.
511 4287 686 4344 Tittmonnus
704 4298 866 4363 corruptum
886 4301 982 4348 conset
1003 4312 1040 4348 ex
1059 4289 1212 4370 σύριγγας.
