2825 4809
271 281 664 407 camuranam
693 319 734 393 0·
756 321 821 438 1117
854 323 880 411 t·
902 321 933 402 ι.
1075 332 1159 412 ,ιιι

72 523 143 592 mim
165 517 242 606 quis
257 516 399 610 aspirata
421 525 478 583 aut
498 513 662 582 antecedit
680 524 745 581 aut
757 512 906 599 sequitur
924 523 1067 590 mutatae
1084 531 1161 596 sunt
1272 523 1273 528 ’

64 613 119 694 sed
136 623 283 690 arbitratu
248 619 547 706 tpopuli¹)..
531 649 535 653 ·
1276 623 1279 628 ’

81 747 161 828 ·.§
179 742 229 811 2..
241 741 344 828 Haec
371 737 512 805 breviter
540 693 779 802 demonstrasse
806 746 977 810 contentus
999 719 1165 826 exsequar
1219 787 1225 808 .

70 847 183 910 alteram
197 843 250 928 huj
253 865 306 908 ns
295 821 553 929 disputationis
560 842 703 925 partem,
727 858 811 923 qnae
822 847 884 904 est
907 839 948 905 de
970 841 1160 925 trajectione

70 945 245 1032 quantitatis.
288 945 457 1030 Persaepe
478 938 599 1008 accidit
619 952 657 1005 ut
681 941 747 1006 duo
770 939 811 1006 ab
831 942 946 1006 eadem
964 943 1064 1030 stirpe
1080 968 1159 1033 pro.

69 1060 211 1134 pagentur
234 1047 395 1112 vocabula
421 1045 550 1110 diverso
578 1043 663 1108 inter
690 1065 726 1107 se
747 1041 852 1122 flexu,
881 1045 1072 1129 quorum'in
1093 1071 1160 1115 uno

67 1148 171 1233 syllaba
180 1150 368 1214 naturaliter
377 1149 477 1233 longa
491 1146 623 1211 brevem
640 1143 866 1230 subsequitur,
883 1145 920 1210 in-
934 1147 1035 1213 altero
1051 1147 1161 1217 brevis
1196 1145 1203 1156 ”

65 1234 178 1336 longam
197 1251 250 1316 vel
274 1250 376 1316 versis
393 1247 530 1314 vicibus.
572 1246 822 1333 Haecproprie
842 1246 1161 1318 metathesis'vocari

64 1373 118 1416 non
141 1363 259 1440 potest.
311 1352 381 1421 Sed
409 1350 466 1416 uhi
495 1348 577 1422 ordo
604 1348 767 1414 vocalium
787 1371 808 1414 s
829 1359 945 1414 natura
969 1349 1066 1426 fixus,
1080 1374 1176 1420 oon-⁴

62 1454 179 1520 vertitur
198 1466 256 1521 aut
281 1454 375 1520 metri
401 1475 500 1518 causa
511 1461 574 1522 ant
590 1449 724 1516 arbitrio
743 1450 855 1535 aliquo
872 1450 1095 1531 scribentium,
1113 1450 1160 1522 ibi

62 1555 189 1626 maxime
204 1556 272 1623 hoo
293 1554 426 1621 nomine
449 1554 497 1620 uti
518 1553 679 1619 convenit.
722 1552 824 1618 Haud
853 1557 960 1630 tamon
977 1553 1089 1620 incilia
1112 1569 1161 1623 est

60 1657 211 1743 utriusque
233 1656 372 1724 rationis
394 1657 429 1722 in
455 1655 605 1722 omnihus
633 1653 740 1721 verbis
771 1653 935 1720 distinctio
964 1656 1161 1744 minimeque
1232 1685 1237 1696 ⁴

61 1757 214 1825 observata
236 1783 259 1826 a
282 1758 521 1844 Grammaticis,
544 1778 683 1842 quorum
704 1756 845 1834 decreta,
859 1757 901 1822 ¹in
924 1768 1080 1842 quantum
1102 1783 1174 1826 ex-·

59 1861 152 1945 pedit,
185 1863 305 1928 ordine
336 1845 479 1951 quodam
507 1881 692 1947 proponam
721 1857 881 1942 adjunctis
915 1881 999 1946 quae
1030 1859 1160 1943 abillis
1269 1841 1279 1862 ⁹

57 1963 217 2047 praeterita
243 1973 331 2028 sunt.
374 1963 415 2027 In
436 1983 571 2027 numero
597 1960 872 2026 indeclinabilium
904 1962 969 2027 duo
991 1964 1161 2050 reperiun-

57 2073 113 2141 tur,
132 2087 150 2129 e
171 2064 297 2151 quibus
321 2065 493 2130 discrimen
514 2063 613 2130 modo
643 2085 663 2128 a
683 2085 736 2128 me
767 2063 984 2148 significatum
1005 2065 1160 2140 ‚facillime

54 2174 151 2250 potest
161 2167 328 2254 perspici.
371 2166 518 2232 Primum
539 2177 589 2232 est
612 2163 802 2231 adverbium
823 2161 1010 2246 συνωχαδόν
1032 2177 1066 2232 et
1082 2191 1160 2236 συν-
1211 2181 1215 2190 ’
1254 2194 1257 2200 ·

55 2264 176 2351 υχηὸόν,
207 2291 352 2354 qnorum
376 2267 484 2334 neutri
509 2267 618 2334 affecti
638 2289 758 2333 nomen
786 2267 936 2333 convenit
943 2291 952 2346 3
978 2287 1054 2334 nam
1078 2269 1160 2337 illud
1251 2307 1255 2316 ·

52 2364 215 2433 tornatum
245 2381 298 2436 est
325 2370 368 2436 ad
395 2369 580 2456 exemplum
601 2363 828 2436 adverbiorum
850 2364 1028 2453 ὁμιλαδόν,
1057 2367 1159 2455 ἄμοι-

50 2467 159 2548 βαδόν,
184 2469 255 2538 hoe
276 2481 314 2538 ut
334 2465 510 2559 ὃμιληδόν,
531 2469 707 2560 μολπηδόν
729 2481 790 2536 etc.
841 2470 893 2534 Ita
919 2469 1016 2536 etiam
1042 2473 1180 2561 distin-l

48 2580 183 2654 guantur
213 2569 423 2662 Κυθηρόθεν
450 2581 483 2637 et
512 2571 724 2656 Κυθέρηθεν,
754 2571 835 2636 ἱ11ιιι1
854 2595 874 2636 ιι
894 2563 1011 2639 neutro
1032 2576 1160 2661 plurali,

48 2669 102 2737 hoc
123 2695 143 2738 a
166 2674 313 2762 Κυθέρη
334 2695 364 2739 v.
386 2672 531 2739 Meinek.
553 2672 661 2738 Anall.
676 2672 729 2738 46.
764 2675 882 2759 Neque
901 2670 1078 2760 βυρειόθεν
1096 2677 1161 2744 dici

46 2785 153 2859 potest
169 2798 213 2842 ex
236 2774 408 2864 βυρέηιιιν
429 2784 542 2841 natum
562 2795 635 2840 esse
655 2773 708 2839 vel
728 2786 859 2854 contra;
889 2793 966 2842 nam
987 2787 1160 2865 utrumque

46 2876 82 2939 ad
99 2879 254 2965 regulam
277 2877 398 2965 pariter
416 2889 546 2966 aptum.
590 2876 659 2943 Sed
680 2897 793 2943 omnes
817 2877 1023 2966 hyperthesis
1044 2901 1160 2946 nume-

44 2999 90 3043 ros
112 2978 218 3046 habet
251 2978 317 3058 ἕως
342 2990 374 3045 et
402 2972 489 3059 εἷος,
519 2979 547 3044 si
566 2981 776 3045 Hermannus
804 2981 909 3047 Elem.
930 2982 1029 3048 Metr.
1051 3006 1085 3070 p.
1107 2982 1159 3051 58.

45 3089 72 3142 et
88 3081 316 3165 Buttmannus
340 3101 416 3146 vere
445 3081 646 3147 contendunt
663 3103 724 3169 pro
747 3081 810 3160 ἕως
824 3092 865 3152 ¹et
889 3082 984 3161 νέως,
1012 3083 1069 3149 ubi
1093 3095 1160 3160 ιιορ

43 3178 127 3248 chaei
143 3203 341 3250 mensnram
357 3181 515 3262 habeant,
538 3183 746 3250 scribendum
761 3203 833 3250 esse
854 3173 936 3272 εἷος,
960 3189 1062 3265 τεῖος,
1086 3187 1160 3271 qui·

41 3280 95 3349 bus
120 3283 266 3352 (hirtius
290 3284 326 3350 in
346 3286 436 3351 Mus.
458 3284 564 3353 Rhen.
585 3285 670 3350 Nor.
694 3285 735 3349 Τ.
750 3283 823 3364 JV.
845 3285 919 3351 241.
944 3287 1084 3374 praefert
1102 3279 1162 3377 ἧος

40 3395 68 3448 et
91 3392 174 3475 τῆος
206 3397 367 3472 tanquam
395 3386 591 3474 primitivum
620 3385 660 3451 ci.
682 3387 862 3452 Hoffmann.
892 3386 1031 3470 Quaest.
1059 3391 1159 3455 Hom.

40 3485 165 3555 1.109.
222 3491 305 3556 Hoc
331 3488 366 3554 in
394 3490 581 3574 conjectura
610 3487 755 3576 positum
785 3500 835 3555 est
865 3491 924 3556 sed
957 3488 1161 3576 probabilius
1280 3559 1283 3564 ,

37 3601 181 3678 veterum
206 3600 396 3662 commento
419 3590 476 3676 qui
500 3590 563 3670 ἕως
584 3586 705 3657 ὁ-ἱιι
727 3590 889 3679 principio
906 3611 1019 3658 versus
1038 3591 1161 3658 heroici

39 3692 240 3760 collocatum
268 3693 410 3782 spondei
436 3693 510 3760 loco
539 3714 612 3760 esse
641 3694 835 3760 existimant.
888 3694 943 3764 De
974 3694 1161 3762 nominibus

36 3793 164 3878 primae.
194 3795 428 3863 declinationis
462 3795 526 3862 huc
543 3795 835 3864 'adnumerandum
869 3807 971 3876 esset,
1012 3796 1040 3862 si
1082 3796 1161 3862 satis

36 3897 245 3965 auctoritatis
265 3895 415 3976 haberet,
437 3897 496 3984 ys'o
519 3906 551 3963 et
574 3901 671 3982 γαῖα,
685 3935 724 3947 -
738 3893 768 3964 εἰ
790 3897 852 3986 γὰρ
871 3901 984 3986 μακρᾷ
1005 3893 1161 3986 παραλή-

33 4021 138 4081 γεται,
164 3998 348 4069 συστέλλει
369 3997 428 4087 τὴν
449 3994 628 4087 λήγουσαν,
650 3992 683 4065 εἰ
705 3997 744 4067 δὲ
763 3996 916 4090 βραχείᾳ,
941 3995 1079 4066 ἐκτείνει
1101 3994 1160 4084 γέα

99 4222 128 4288 ι)
147 4215 322 4291 Hesychius
334 4222 416 4288 Κῆθα
434 4237 523 4292 sapor
540 4215 659 4274 tonans
673 4217 762 4328 νῆδαρ
781 4215 892 4290 scripsit
909 4235 928 4272 1
943 4234 971 4288 q.
986 4217 1069 4321 νῆιυς
1086 4215 1161 4272 unde

27 4304 174 4376 Κηδεύειν
193 4300 381 4376 ἐνταφιάζειν.

76 4395 167 4435 nous
175 4394 232 4442 c‚k
252 4394 341 4435 ιαιοι.
495 4419 502 4430 .
912 4386 954 4460 34
