2825 4809
159 355 212 421 ns
233 347 442 425 svooous
463 347 609 417 nurus
627 346 850 419 vocure.
870 347 910 416 o.
921 348 967 415 ιι.
988 351 1014 434 o.
1028 348 1057 415 1.
1080 310 1157 429 σοι
1187 415 1193 423 .

87 538 178 607 Graeci
193 558 325 620 unquam
344 532 504 616 πελάζειν
524 534 568 598 ad
582 533 799 620 cogitetiones
810 535 1027 612 trudouerint3
1048 558 1157 621 neque

86 642 132 707 hoo
148 659 230 705 sensu
250 630 428 721 άπρόςιτον
447 635 501 701 vel
521 635 621 701 latine
637 639 831 705 inaccessum
843 637 962 703 dicitur
979 639 1039 705 sed
1053 630 1157 725 άνέφ.

86 767 160 809 ιιτον.
200 738 278 804 Item
301 736 336 802 in
360 736 453 824 Opp.
475 738 553 803 Hnl.
573 740 615 807 V.
637 738 689 805 98.
712 742 812 827 κῆτος
836 730 969 805 άαπτον
994 732 1156 805 άπλάτων

82 839 178 927 μελέων
195 833 300 925 ὀλίγον
319 835 559 921 ποτιβάλλετοι
585 836 691 922 ἰχθύν,
711 839 796 905 ratio
818 840 967 927 oppositi
988 840 1098 925 poscit
1119 849 1156 905 ut

82 945 237 1009 inmensum
245 940 462 1025 intelligamus
471 941 503 1027 ²)
518 940 614 1025 quod
629 941 730 1026 vulgo
746 934 893 1008 άπλετον
907 942 1034 1007 dieitur.
1059 939 1155 1024 Quo-

79 1044 153 1109 modo
181 1053 282 1108 outem
312 1041 377 1118 illi,
410 1040 467 1126 qui
498 1040 580 1109 hoec
611 1042 771 1127 adjectivo
800 1041 900 1107 verbo
930 1038 1055 1130 πλήθει
1076 1041 1155 1109 sub«

80 1156 225 1220 texuerunt,
240 1142 495 1228 significationes
509 1142 667 1229 inexpleti
684 1154 718 1209 et
729 1144 885 1209 immensi
902 1144 1156 1221 conciliaverint,
1260 1184 1268 1195 =

79 1246 143 1313 brevi
165 1255 236 1331 post
263 1237 456 1328 videbimus.
500 1245 658 1311 Alterum*
679 1255 730 1311 est
754 1246 864 1323 πέλω,
897 1245 989 1330 quod
1016 1244 1052 1309 in
1072 1246 1154 1311 ΕΜ.

78 1348 130 1423 659,
148 1346 193 1411 29.
213 1346 255 1410 sd
276 1345 507 1432 explicandum
525 1344 691 1429 πολεμίζω
713 1346 890 1411 assumitur
908 1368 939 1412 v.
958 1345 1084 1411 Tecbu.
1102 1345 1155 1411 88.

77 1449 140 1513 Hinc
162 1457 308 1533 repetunt
334 1446 492 1534 πλήσσω,
528 1446 619 1531 quod
651 1446 865 1513 Herodianus
899 1447 1000 1511 tradit
1031 1446 1156 1518 aeolice

77 1546 163 1629 πλάζιο
183 1549 245 1615 diei
266 1547 369 1635 alpha
388 1547 576 1633 productor
590 1557 623 1613 et
643 1547 706 1613 hoc
727 1548 938 1614 Anstnrohus
960 1548 1059 1616 etium
1079 1549 1156 1614 Ho-

77 1672 169 1714 merum
186 1672 280 1715 usum
303 1671 375 1715 esse
401 1648 514 1713 statuit
532 1671 632 1734 quum
653 1650 725 1715 aliis
742 1650 825 1716 locis
846 1661 917 1715 tum
933 1650 973 1715 Il.
983 1649 1068 1717 XX.
1078 1648 1155 1715 268.

77 1748 138 1833 κῦμά
156 1776 209 1833 μιν
227 1744 335 1829 aas?
360 1741 488 1833 ὤμοις,
513 1750 570 1815 ubi
591 1773 677 1816 nuno
698 1747 807 1832 πλάζε
828 1751 980 1817 scribitur
1000 1759 1157 1835 tunquam

76 1852 265 1939 inperfectum
293 1851 385 1917 verbi
412 1851 523 1917 usitati
549 1851 668 1933 πλάζιο
690 1851 728 1919 τὸ
747 1855 875 1920 πλανῶ.
918 1854 1006 1918 Num
1030 1851 1067 1915 in
1090 1851 1156 1917 hoc

77 1951 161 2033 πλάζει
181 1951 216 2019 τὸ
240 1954 361 2019 πλανῶ
384 1947 404 2039 ἡ
427 1951 520 2039 κοινὴ
544 1945 730 2038 ἀνάγνωσις
750 1954 920 2022 συστέλλει
937 1953 976 2020 τὸ
998 1942 1024 2019 ἆ
1043 1952 1156 2038 Epim.

77 2053 93 2117 l.
108 2076 127 2117 o.
141 2053 268 2119 fortasse
294 2052 511 2119 distinctionis
528 2075 628 2119 cuma
640 2053 737 2119 sicuti
753 2047 907 2140 άνοράζιο
928 2051 967 2121 τά
989 2053 1025 2121 ἐν
1048 2047 1156 2140 ἀγορᾷ

82 2150 200 2237 beroldo
228 2152 321 2229 τινὲς
349 2150 532 2221 ἐκτείνουσι
559 2152 645 2240 πρὸς
674 2149 930 2243 άντιιλιαστολὴν
956 2157 1017 2221 τοῦ
1043 2150 1158 2239 ἐτέρου

77 2254 218 2321 Herodian.
242 2255 287 2321 dc
308 2252 467 2323 Dichron.
490 2256 564 2321 292.
609 2256 647 2323 Si
669 2255 755 2322 enim
776 2265 814 2320 ut
829 2255 1001 2322 Nitzschio
1023 2257 1068 2321 ad
1087 2256 1157 2323 od.

75 2356 102 2421 l.
120 2356 181 2423 389.
202 2356 336 2422 etmihi
356 2357 462 2421 visum
484 2368 548 2447 est,
575 2354 694 2437 πλάζιο
723 2358 857 2443 proprie
884 2358 975 2423 idem
995 2357 1159 2444 significet

73 2479 98 2521 oo
117 2454 244 2545 πλήσσω
274 2469 376 2543 atque
403 2480 607 2525 communem
632 2480 706 2524 oum
736 2459 800 2525 boc
828 2482 849 2523 ιι
874 2458 969 2525 πέλω
997 2458 1158 2545 originem

70 2556 151 2635 habet,
171 2558 269 2646 alpha
293 2558 429 2645 longum
451 2582 523 2627 esse
545 2568 684 2646 oportet.
730 2560 843 2625 Tertio
871 2560 945 2625 loco
967 2560 1158 2645 ponendum

70 2670 105 2722 est
119 2660 203 2727 πέλω
230 2662 355 2748 triplici
382 2684 554 2748 paragoge
584 2662 818 2749 amplificatum
847 2654 979 2738 πελάω,
1009 2655 1157 2740 πελάζω,

69 2757 178 2841 riddo,
202 2762 325 2847 quibus
346 2764 548 2849 respondent
574 2772 639 2829 tres
666 2762 840 2830 verborum
868 2762 1071 2827 diversorum
1091 2771 1158 2825 ter·

68 2860 231 2929 minutiones
253 2861 389 2950 περάιο,
416 2862 555 2948 σεβάζω,
579 2860 721 2931 εἰκάθοι.
768 2866 804 2930 Α
830 2866 924 2930 πελῶ
953 2885 1053 2949 porro
1078 2884 1158 2947 pro·

66 2975 163 3047 pagata
193 2976 270 3031 sunt
304 2961 451 3053 πελάτης
485 2961 711 3051 ἕμπολάτειρα
751 2970 803 3048 (ut
834 2961 954 3052 ἐλάτης
986 2961 1158 3047 ἐλάτειρα)

66 3060 242 3151 ἐμπελάάην,
281 3065 401 3151 quibus
427 3067 578 3132 omnibus
611 3065 712 3153 nlpha
736 3066 846 3131 breve.
889 3065 933 3130 ld
962 3085 1038 3128 vero
1069 3062 1158 3129 illico

65 3164 231 3247 producitur
252 3168 308 3233 vel
325 3168 360 3235 iu
385 3179 438 3235 eta
456 3178 601 3233 mutatur
623 3168 791 3233 sivocolis
819 3165 913 3252 stirpi
942 3165 1055 3229 innato
1076 3164 1159 3230 obo-

64 3262 143 3332 lescit.
175 3265 282 3352 Quod
300 3271 337 3335 fit
348 3271 490 3357 primum
507 3272 541 3335 in
553 3266 1014 3353 conformationepruesentis
1026 3263 1157 3356 Πλήθιο

63 3364 172 3451 πελάζει
193 3373 281 3437 Hes.
307 3373 397 3457 quod
420 3373 518 3437 attice
537 3371 803 3449 diciturnioidro,
825 3379 896 3433 tum
911 3368 947 3431 in
959 3366 1160 3433 derivatione

64 3476 221 3554 temporum
242 3475 443 3561 πέπλημαι,
472 3470 628 3561 ἐπλάθην
656 3484 689 3538 et
716 3473 751 3536 in
776 3469 962 3537 verbalibus
991 3463 1161 3557 πλήτηςὸ

63 3570 248 3662 »λησιοστής
270 3576 361 3645 Hes,
385 3570 515 3661 πλατύρ
539 3574 658 3652 δοῦλος
687 3568 850 3662 (πελάτης
878 3571 1006 3655 cliens),
1035 3573 1162 3649 πλᾶτις

64 3672 159 3754 conjux
199 3672 472 3762 (ἔμπελάτειρα)
514 3685 547 3741 et
586 3671 754 3759 adjectivis
793 3669 943 3753 πλατός,
1009 3662 1162 3751 disclusus

65 3839 380 3859 -w

115 3943 141 4011 2)
154 3944 199 4001 Sic
212 3946 299 4001 etiarn
311 3945 348 3998 V.
363 3945 422 3999 317.
441 3946 523 4012 κῆτος
537 3938 662 3999 daimon
679 3951 708 3999 et
721 3944 773 3999 ΠΙ.
796 3945 856 3999 546.
876 3947 966 4014 ξιφίαι
983 3941 1101 4001 ἄπλατον
1119 3946 1161 3999 di·

63 4035 145 4082 cuntur
157 4038 185 4084 et
198 4028 290 4104 χροὸς
303 4026 434 4096 άπλὴιοιο
456 4028 553 4093 Quint.
566 4029 615 4094 IV,
629 4031 688 4083 462.
701 4033 838 4103 corporis
855 4034 943 4084 vasti.
972 4032 1053 4088 Haec
1068 4032 1169 4093 forms¹

62 4106 92 4161 illi
102 4129 207 4187 quoque
219 4117 372 4169 reddendo
384 4121 435 4169 est.
453 4114 510 4169 Cur
520 4114 633 4184 Tragici
646 4113 781 4183 ἐπλάθην,
794 4109 896 4177 niardo
906 4123 937 4170 et
946 4111 1067 4175 ἄπλατος
1076 4114 1106 4167 λιι
1118 4113 1170 4177 di·.

61 4199 145 4253 veroin
162 4200 247 4255 alitor
267 4199 391 4258 dixerint
407 4208 493 4271 atque
511 4196 650 4270 ἐτμήθην,
675 4194 786 4270 άτληιος
809 4208 838 4255 et
857 4195 987 4270 ἄτμητος,
1015 4217 1114 4272 purum
1133 4198 1165 4258 lu

61 4284 300 4357 prontupositum.

1372 4381 1373 4414 ι
