2825 4809
389 1022 804 1111 PROOEMIUM.
913 1053 917 1062 ’

450 1270 462 1283 ι
518 1271 682 1287 —n-—ss-

139 1460 229 1559 Quid
250 1476 293 1541 sit
314 1496 460 1563 syncope
481 1452 690 1541 Herodianus
713 1472 755 1539 de
769 1473 880 1543 Genit.
893 1474 1015 1563 Parag.
1036 1478 1156 1563 aaut).

78 1581 175 1647 Anecd.
197 1579 307 1647 Oxou.
331 1576 372 1642 Τ.
394 1576 459 1641 ΙΠ.
482 1576 577 1642 nimis
600 1576 738 1643 breviter
759 1575 890 1643 definit:
913 1574 1065 1667 συγκοπή
1086 1578 1160 1649 έστι

79 1678 164 1761 πάθος
185 1676 264 1768 περὶ
291 1674 331 1745 τὸ
360 1678 463 1763 μέσον
490 1672 671 1765 γινόμενον,
702 1674 850 1757 ἕξοντος,
880 1669 1054 1764 dodonec·
1100 1681 1158 1749 Sic

80 1783 140 1849 uim
154 1780 330 1847 excluditur
347 1777 481 1865 quidem
497 1777 683 1867 aphaeresis
706 1788 740 1843 et
761 1800 923 1865 apocope,
946 1802 1084 1865 quarum
1101 1782 1159 1847 illa

79 1883 209 1971 principia*
226 1880 463 1949 vocabulorum
486 1878 647 1967 decerpit,
674 1878 758 1945 hacc
779 1879 902 1959 exitam,
928 1878 1077 1947 sednon
1099 1904 1158 1948 ex-

81 1984 184 2049 cluditur
213 1982 419 2071 synaeresis,
454 2003 538 2067 quae
570 1980 766 2068 syllabarum
796 2002 968 2046 numerum
997 1980 1160 2047 imminuit

81 2084 207 2151 tactibus
228 2084 378 2171 integris,
398 2105 506 2171 neque
528 2083 637 2162 crusis,
657 2104 742 2169 quae
760 2104 878 2149 sonum
894 2103 1027 2167 quoque
1044 2093 1157 2161 mutat,

85 2207 123 2251 neo
141 2209 205 2253 vero
234 2186 359 2253 demtio
390 2185 571 2263 literarum,
605 2206 670 2270 qua
701 2182 844 2269 syllabae
871 2205 940 2249 non
970 2183 1160 2257 minuuntur

79 2282 182 2373 μα’ρναυ,
200 2287 363 2373 κρέσσων.
404 2286 602 2355 Accuratius
621 2286 733 2355 Draco
754 2308 788 2372 p.
801 2283 873 2351 156.
895 2280 1046 2373 συρεοπή
1068 2284 1160 2353 έστιν

77 2378 222 2475 ἀφαίρεσις
241 2390 327 2471 μιᾶς
345 2390 509 2477 συλλαβῆς
529 2384 614 2455 κατὰ
632 2386 739 2473 μέσην
757 2386 845 2466 λέξιν
866 2378 912 2465 ὡς
931 2383 970 2453 τὸ
992 2382 1160 2473 έρατεινόν
1292 2465 1296 2474 ι

75 2483 187 2572 ἔραννόν,
208 2490 375 2559 κατέπεσε
393 2485 559 2570 κάππεσε,
582 2498 614 2555 et
631 2485 803 2574 Josepbus
824 2487 859 2552 in
873 2486 1020 2574 Synopsi
1040 2510 1073 2573 p.
1085 2486 1158 2555 567.

74 2607 210 2675 syncopen
232 2589 348 2657 dicens
369 2583 542 2678 ἀποβολήν
563 2586 766 2676 συλλαβῆς
749 2584 842 2665 εντὸς
862 2590 922 2675 τῆς
941 2582 1078 2675 πρώτης
1102 2589 1159 2653 καὶ

73 2685 274 2767 τελευταιας
251 2716 272 2777 η
298 2683 485 2778 φωνήεντος
505 2690 684 2765 ποιοῦντος
709 2681 889 2814 συλλαβήν·
912 2688 1079 2773 συλλαβῆς
1099 2686 1161 2769 μὲν

73 2810 208 2875 υιιαιρος,
238 2784 389 2875 ότριχες·
417 2782 604 2876 φωνήεντος
631 2786 669 2854 δέ
697 2788 813 2877 φέρτε,
842 2782 989 2874 πατρός,
1021 2810 1161 2874 quorum

71 2887 208 2955 nominum
240 2890 309 2955 duo
343 2888 455 2977 priora
488 2887 645 2974 syllabam
677 2910 762 2974 quae
794 2887 928 2976 proprie
962 2889 1010 2953 ita
1042 2889 1161 2955 dicitur

70 2986 231 3070 amiserunt,
251 2990 320 3055 duo
338 2989 465 3055 altera
456 2990 679 3077 impropriam.
722 2991 798 3055 Hac
815 2999 923 3053 autem
940 2988 1161 3075 descriptione

71 3093 220 3158 occurritur
249 3092 351 3159 errori
379 3113 508 3169 eorum,
537 3092 612 3177 qui,
640 3102 677 3157 ut
704 3090 740 3155 in
766 3088 936 3177 prooemio
962 3087 1060 3173 hujus
1085 3090 1161 3155 libri

70 3186 166 3257 dictum
185 3204 252 3273 est,
281 3214 449 3281 syncopae
470 3192 604 3259 nomina
628 3190 839 3278 aphaeresin,
868 3211 1043 3277 apocopen
1063 3201 1162 3277 atque

70 3289 131 3357 adeo
146 3294 314 3361 elisionem
331 3315 549 3361 consonarum
563 3294 745 3361 mediarum
760 3291 1050 3379 comprehendunt
1074 3294 1164 3361 Illud

68 3388 107 3454 vir
125 3416 203 3481 opus
230 3406 302 3461 erat
328 3394 407 3459 addi
430 3393 465 3461 dv
485 3398 548 3485 μιᾷ
572 3395 680 3475 λέξει,
707 3394 785 3481 quia
808 3391 969 3460 hocloco
992 3395 1100 3481 agitur
1121 3396 1164 3461 da

70 3491 273 3564 affectionibus
293 3494 508 3583 simplicibus,
531 3495 685 3581 aquibus
703 3495 751 3561 illi
768 3495 975 3581 distinguunt
992 3496 1163 3584 copulatas

68 3588 181 3681 λγήμαι,
202 3596 238 3665 έν
259 3593 432 3687 calceata
448 3594 574 3683 Tryph.
591 3600 617 3683 ξ.
628 3597 682 3663 24.
714 3596 785 3664 Sed
798 3596 944 3663 medium
957 3597 1043 3665 inter
1057 3608 1163 3667 ubas·

69 3714 117 3777 que
135 3697 241 3767 locum
263 3697 391 3766 obtinet
413 3718 565 3787 apocope
586 3696 869 3786 praepositionum
888 3708 926 3765 ut
945 3694 990 3765 ἃν
1009 3693 1165 3779 δόνακας,

68 3790 107 3858 da
123 3800 285 3887 πατέρων,
308 3798 350 3865 dc
372 3820 439 3884 qua
460 3798 606 3887 disputat
621 3788 875 3867 chberobosccs
896 3799 932 3865 in
944 3799 1025 3866 ΕΜ.
1042 3799 1095 3880 93,
1110 3800 1165 3869 2&

68 3891 96 3958 τὸ
113 3890 259 3987 ἇμφόνον
280 3894 319 3969 οὗ
341 3897 427 3969 κατὰ
449 3898 618 3989 συγιοπῆν
638 3898 777 3987 ἐγένετο,
799 3898 918 3987 ἐπειδὴ
939 3898 977 3969 αλ
997 3899 1167 3985 συγκοπαὶ

67 3989 92 4057 λυ
109 4002 163 4087 μιᾷ
187 4000 277 4082 λέξει
295 4000 443 4087 γίνονται
464 3989 537 4069 οἷον
558 3998 707 4085 πατέρος
728 3995 873 4087 πατρός,
898 3994 1079 4083 ἀναμεῖναι
1099 3991 1166 4083 οἷμ-

67 4098 173 4171 μεῑναι·
191 4092 269 4165 ἆλλ
289 4094 367 4170 οὐδὲ
388 4124 452 4166 κατ
454 4092 655 4191 ἔκθλιψιν,
673 4098 848 4189 έπειιλή“
814 4127 851 4169 αι
872 4097 1052 4189 έκθλιψεις
1069 4090 1167 4167 ουδέ-

67 4214 134 4261 ποτε
118 4193 333 4315 συμφώνου
350 4197 495 4286 γίνονται
517 4192 604 4268 ἀλλὰ
623 4196 809 4325 φωνήεντος
828 4194 1077 4288 ἐπιφερομένου
1092 4187 1167 4267 olor

68 4287 127 4357 κστ
148 4292 215 4383 ἐμέ.
255 4304 416 4391 Κρεῖττον
437 4298 476 4369 δέ
500 4297 642 4370 ἐστιν
612 4306 722 4370 ειπεῖν
744 4298 799 4369 ὅτι
822 4297 861 4367 τὸ
883 4322 1035 4369 τοιουτου
1055 4291 1165 4387 σχῆμά
