2825 4809
247 361 322 434 286
546 351 861 424 DlSSEBTATlO
886 352 924 422 ll.
966 355 1008 422 Ρ.
1028 353 1068 420 ll.
1189 417 1194 425 .

243 563 319 610 assa
349 537 433 608 κατὰ
462 540 643 629 οαγκοοήν,
672 551 741 608 tum
769 540 874 608 recisa
901 539 1016 607 ultim
1036 534 1145 625 μάκαρ
1166 539 1326 610 Oboerobu-

243 662 319 714 acus
346 642 463 708 iterum
474 651 572 727 atquo
582 642 699 710 iterum
710 643 880 730 praedicat
892 642 975 710 Cau.
986 665 1020 729 p.
1032 642 1084 719 84,
1095 642 1147 708 27.
1165 667 1196 729 p.
1206 643 1271 720 316,
1288 645 1327 710 15.

242 743 412 812 aedfidem
422 763 489 808 uon
509 743 657 828 acquirit
693 745 854 829 Ejusdem
872 745 1011 810 levitatis
1032 753 1083 809 est
1107 738 1185 832 ἄλλο
1205 737 1328 812 dalani

241 841 373 934 ἀλεωρή
397 843 481 912 κατὰ
503 841 670 935 σογκοιτήν
691 847 869 934 Moacbop.
891 848 975 913 Hes.
999 847 1093 933 Opp.
1116 844 1187 911 539.
1208 845 1296 931 (545).
1326 880 1330 886 ·

710 1116 814 1184 CAP.
847 1117 893 1184 Π.

245 1271 298 1344 lle
330 1295 485 1369 syncope
518 1275 619 1342 λιίλιοι
663 1287 699 1344 ee
729 1276 875 1370 emplius
906 1275 1085 1345 literarum
1121 1272 1179 1346 uel
1205 1269 1329 1366 ejusdem

551 1393 715 1492 syllabae
741 1395 801 1465 oel
823 1395 1048 1465 diuersurum.

253 1613 256 1620 ,
331 1559 356 1640 ξ.
381 1557 410 1621 1.
456 1556 569 1638 Quum
589 1560 739 1626 nonnulli
765 1560 931 1648 duplicem
953 1559 1101 1644 ejusdem
1120 1555 1256 1622 nominis
1272 1575 1329 1640 spc-

241 1658 328 1724 ciem
346 1649 505 1742 ’Ὰλκιμος
526 1671 559 1724 et
584 1654 790 1746 Ἀλκιμέδων
815 1662 862 1726 ita
882 1661 1125 1737 conciliassent,
1148 1670 1185 1724 ut
1203 1658 1277 1722 haue
1293 1656 1330 1718 in·

242 1772 383 1846 tagram,
405 1761 494 1826 illam
520 1763 685 1828 concisam
707 1763 872 1840 dicerent,
893 1763 1087 1828 Eustathius
1109 1760 1205 1838 1189,
1224 1758 1268 1824 48.
1284 1777 1328 1842 pro

243 1884 411 1949 syncopae
436 1865 586 1952 exemplo
611 1865 706 1930 affert
725 1865 849 1930 nummi
869 1887 991 1930 nomen
1007 1862 1202 1949 οέτραχμον,
1218 1860 1332 1944 cuipro·

243 1965 299 2030 cul
319 1964 419 2030 dubio
441 1965 549 2030 literas
565 1954 633 2052 δ-ρᾶ
655 1991 724 2032 non
740 1954 993 2054 {declamatas
1015 1963 1155 2053 putavit
1199 1959 1332 2029 Sedllll

247 2067 319 2144 754,
345 2068 399 2132 40.
422 2077 455 2132 et
476 2079 646 2133 accentum
667 2080 773 2135 mutat
799 2078 832 2134 et
859 2078 997 2156 propter
1023 2075 1196 2132 accentum
1214 2062 1333 2128 affectio

241 2191 335 2236 nem:
363 2173 547 2254 τετρᾶχμον
573 2167 612 2239 οὐ
640 2166 780 2236 δύναται
807 2172 893 2237 κατὰ
920 2166 1088 2256 συγκοπὴ-,ν
1116 2164 1272 2251 γενέσθαι
1293 2159 1335 2227 διὰ

242 2268 301 2336 τὸν
327 2264 434 2336 τόνον.
455 2263 570 2336 Ἔστιν
600 2263 657 2338 οὖν
683 2265 932 2357 τετράδραχμον
958 2267 1018 2336 καὶ
1047 2263 1209 2354 ἀποβολῇ
1227 2251 1335 2345 τοῦδ-ρ
1385 2227 1386 2310 λ

241 2365 448 2456 τετράαχμον
467 2369 526 2436 καὶ
549 2373 735 2460 συναλοιφῇ
754 2376 936 2456 τετροῖχμον
945 2369 1006 2436 καὶ
1016 2373 1230 2456 respuendam
1245 2387 1274 2430 u.
1283 2368 1304 2449 λ.
1312 2364 1335 2428 3.

239 2468 446 2535 Persimilem
474 2471 612 2536 duarum
639 2471 890 2536 consonantium
912 2470 1133 2556 abjectionem
1151 2491 1235 2534 eum
1258 2488 1336 2551 syna·

240 2571 362 2658 loephe
385 2572 591 2655 conjunctam
619 2572 797 2638 introducit
819 2571 1073 2639 Choerobosous
1103 2571 1204 2638 Orth.
1228 2568 1336 2666 2481.
1376 2568 1385 2643 1

242 2671 279 2739 ἐκ
296 2678 356 2739 τοῦ
375 2668 479 2740 πάλιν
497 2672 555 2739 καὶ
583 2670 698 2752 δίωξις
720 2673 847 2758 γίνεται
867 2673 953 2740 κατὰ
977 2668 1154 2761 ἀποβολὴν
1180 2677 1240 2739 τοῦ
1261 2697 1277 2736 ν
1295 2665 1338 2733 καὶ
1384 2718 1386 2759 4

241 2759 467 2851 ἷπαλιλλαξις
489 2772 654 2840 καὶκατὰ
682 2779 801 2860 κρᾶσιν
825 2772 1003 2854 παλίωξις.
1048 2777 1177 2842 Verum
1204 2773 1265 2839 hoc
1287 2791 1339 2836 nou
1384 2812 1386 2818 ι

240 2872 379 2938 dubium
401 2882 452 2938 est
474 2873 554 2958 quin
577 2896 618 2939 ex
640 2871 724 2941 πάλι
746 2886 780 2941 et
802 2871 899 2954 λ’ωξις
920 2877 1098 2942 conflatum
1119 2876 1165 2942 sit
1184 2875 1259 2940 lieet
1272 2869 1339 2937 πάλι

239 2985 275 3040 et
304 2970 431 3057 ἴμπαλι
459 2976 551 3062 apud
577 2976 701 3040 nullum
728 2976 949 3061 antiquiorum
975 2980 1151 3064 poetarum
1179 2971 1338 3062 legatur),

241 3085 275 3142 et
302 3074 337 3141 in
364 3077 593 3143 tetradrachmi
619 3079 768 3155 nomine,
798 3079 890 3162 quod
915 3079 1040 3164 ubique
1065 3086 1340 3167 proparoxytonou

239 3186 301 3251 est,
322 3199 390 3242 nou
415 3177 498 3243 duae
521 3200 684 3244 consonae
707 3179 899 3246 exciderunt
917 3181 978 3246 sed
995 3180 1121 3266 syllaba
1140 3166 1210 3269 ὂρῖι
1230 3189 1339 3244 anace-

241 3276 331 3341 denti
357 3264 430 3363 τρΤα
450 3279 627 3360 simillima,
667 3281 704 3346 id
731 3281 823 3366 quod
849 3282 960 3346 multis
991 3283 1163 3349 vocabulis
1189 3279 1339 3370 epalleliae
1382 3286 1383 3325 ³

209 3418 212 3425 ι
238 3377 392 3443 vitandae
410 3401 508 3445 causa
526 3381 646 3447 factum
669 3403 741 3447 esse
766 3382 895 3447 ostendi
921 3383 959 3446 in
978 3383 1122 3450 Dissert.
1152 3387 1198 3450 de
1227 3403 1341 3472 praeae-

239 3477 306 3562 ptis
326 3479 528 3565 euphonicis.
571 3483 613 3548 In
629 3483 777 3561 caeteris,
798 3506 884 3569 quae
904 3507 1128 3573 syncopatum
1148 3488 1339 3572 indagatores
1382 3524 1383 3587 ρ

237 3577 334 3644 nobis
355 3582 535 3659 venditant,
558 3592 622 3648 tras
644 3584 773 3664 literae,
796 3608 883 3671 quae
902 3588 1076 3654 evanuisse
1095 3589 1267 3677 dicimur,
1289 3607 1340 3650 nou
1382 3624 1383 3683 ρ

237 3679 335 3745 unius
358 3691 433 3746 sunt
457 3681 599 3767 syllabae
628 3685 687 3750 sed
710 3685 848 3752 duarum
867 3711 905 3754 se
927 3687 1214 3776 subsequentium.
1257 3682 1340 3769 Quod
1382 3692 1384 3747 ἱ

239 3802 343 3867 genus
365 3781 477 3848 leviter
498 3784 669 3850 adumbrat
685 3787 927 3856 Grammaticus
947 3791 1026 3857 Par.
1038 3791 1185 3879 Gregor.
1206 3791 1278 3857 677,
1299 3785 1341 3850 καὶ

239 3879 321 3946 ὅταν
341 3880 443 3967 μέρος
461 3886 628 3971 συλλαβῆς
642 3880 831 4004 ἀφαιρεθῇ,
855 3885 902 3958 δι’
927 3881 968 3960 οὗ
984 3890 1134 3977 μάλιστα
1149 3890 1339 3960 συνίσταται,

309 4050 334 4114 1)
348 4047 433 4112 Quod
444 4051 598 4123 Aeschylus
615 4051 642 4105 in
656 4053 791 4109 Aetnaeis
804 4058 917 4130 scripsit
928 4060 1039 4117 Palicos
1053 4061 1216 4133 appellatos
1229 4076 1287 4114 esse
1298 4055 1341 4107 lut

238 4133 288 4185 τοῦ
300 4129 383 4186 πάλιν
396 4129 488 4203 (πάλι)
504 4140 582 4204 laste,
602 4135 768 4207 indulgetur
784 4151 897 4212 poetae.
934 4143 1138 4217 Παλινόαιιμος
1159 4145 1304 4218 Oppianus
1320 4145 1342 4193 tt

239 4213 387 4270 inferiores
400 4218 573 4282 asciverunt:
599 4221 754 4276 Homerum
766 4221 832 4279 πάλι
846 4247 997 4301 usurpasse
1015 4232 1087 4285 false
1105 4228 1209 4286 scribit
1221 4225 1342 4286 Matthiae
1380 4222 1381 4231 ’

236 4297 360 4354 Gramm.
372 4319 401 4370 p.
416 4305 472 4358 128.
