2825 4809
234 398 257 469 4
577 388 788 454 PATHOL
810 384 1008 453 PROOEM.

233 600 267 664 p.
283 576 344 641 103
367 596 416 659 sq.
442 568 610 638 dativos‘
592 578 721 657 οσμῖνι,
747 573 889 639 Acirim
914 567 1039 634 affectis
1063 565 1131 631 sire
1154 557 1344 631 πεπονθόσι

234 675 395 753 attribuit,
416 674 472 761 qui
489 674 600 761 potius
620 697 640 739 a
656 672 863 739 nommatrvrs
884 666 1083 756 imaginariis
1099 662 1205 745 bouis,
1220 658 1345 729 Δωόών

234 777 370 845 derivati
391 786 468 843 sunt
487 800 516 842 v.
539 776 659 844 Parall.
681 777 755 843 305.
800 774 937 843 Stultius
960 782 1073 836 auctor
1094 762 1345 834 commentarioli

227 880 334 967 jejuni
359 890 392 946 et
418 878 570 958 incomti,
600 878 657 965 qui
686 876 785 964 πάθη
807 876 927 957 λέξεων
952 870 1172 940 inscribitur
1163 893 1198 935 rn
1219 865 1344 935 Anecd.

232 981 341 1052 Boiss.
364 981 406 1046 Τ.
428 982 493 1046 ΙΠ.
514 981 587 1047 320.
610 979 675 1045 huc
695 980 794 1046 refert
820 971 1135 1064 μετασχομοτιομόν
1158 960 1345 1055 παρθενική

234 1079 308 1151 ἀντὶ
325 1108 385 1151 του
370 1082 587 1171 παρθένος,
605 1077 842 1166 procucurrerunt
852 1076 1031 1145 Ἰλιόθεν’
1013 1076 1085 1145 αντὶ
1106 1098 1165 1141 τον
1150 1070 1225 1151 ’ἐξ
1239 1067 1346 1145 Ἰλίου,

203 1182 204 1189 ¹
234 1182 438 1272 παραγωγήν
450 1180 633 1306 llprcipcrc.
676 1182 756 1247 Alia
775 1190 851 1246 sunt
870 1201 956 1265 quae
972 1187 1131 1244 vocantur
1152 1172 1251 1257 πάθη
1269 1192 1345 1257 pro-

235 1284 402 1351 sodiarum
427 1295 464 1349 ut
486 1278 633 1373 ί’νῖφ
599 1282 633 1351 ἓν
660 1281 777 1361 πᾶθος
806 1283 1003 1369 concoctos
1030 1277 1177 1364 Hesych.
1220 1273 1348 1342 Etenim

234 1389 269 1453 in
286 1390 378 1504 App.
389 1388 498 1506 Etym.
511 1385 600 1452 Gud.
612 1384 685 1462 674,
696 1384 750 1449 40
767 1391 938 1448 recensent
938 1405 978 1446 ur
999 1392 1138 1467 quatuor
1158 1374 1348 1444 barbarismi

236 1489 373 1579 species,
399 1488 483 1555 κατὰ
505 1486 685 1574 ἐναλλαγὴν
706 1484 893 1567 στοιχείων,
915 1484 1000 1551 κατὰ
1022 1480 1249 1559 πλεονασμόν,
1271 1473 1344 1543 κατ’

237 1590 380 1670 ἔνδειαν,
411 1588 496 1655 κατὰ
523 1586 715 1675 προςῳὸιάν
729 1587 773 1671 ⁵).
823 1585 1154 1652 Accentiuncularum
1181 1604 1258 1647 vero
1285 1579 1348 1645 duo

237 1702 312 1761 sunt
341 1712 479 1778 genera,
508 1712 610 1755 unum
631 1688 843 1776 tripertitum,
873 1689 964 1774 quod
990 1687 1124 1775 proprie
1151 1686 1198 1750 ita
1224 1683 1349 1762 dicium,

235 1792 336 1872 τόνοι,
359 1791 543 1873 πνεύματα,
565 1788 688 1879 χρόνον,
712 1792 848 1856 alterum
871 1791 964 1876 quod
984 1789 1118 1855 abusive
1140 1786 1159 1877 ἦ
1184 1783 1351 1873 incorpo-

236 1916 319 1980 φος,
349 1889 367 1981 ἡ
397 1888 495 1980 ipsu,
528 1887 547 1980 ἢ
578 1888 807 1981 ὑποδιαστολή
840 1892 949 1959 Cram.
976 1892 1104 1956 Anecd.
1127 1891 1187 1957 IV.
1213 1888 1289 1965 309,
1318 1886 1350 1952 5.

235 1996 290 2063 De
319 2005 471 2059 tonorum
501 2004 533 2058 ct
563 1993 735 2080 spirituum
762 1992 997 2059 mutationibus
1028 2002 1157 2079 praeter
1183 1992 1353 2058 Donatum

235 2097 270 2161 in
289 2098 362 2161 Art.
385 2120 418 2183 p.
430 2094 482 2159 26.
506 2107 609 2180 agunt
629 2096 867 2161 Grammaticus
891 2096 931 2160 de
949 2093 1084 2159 Barbar.
1107 2117 1141 2180 p.
1154 2092 1224 2157 196.
1246 2091 1350 2175 Poly-

170 2223 180 2230 ·
236 2196 310 2262 bins
324 2196 398 2261 229.
415 2206 448 2261 ει
462 2195 715 2262 Choeroboscus
732 2195 813 2262 Can.
825 2196 899 2261 467.
916 2196 996 2263 ΕΜ.
1009 2197 1081 2275 721,
1093 2196 1145 2261 50.
1163 2194 1213 2259 his
1227 2193 1350 2259 verbis:

236 2295 471 2385 βαρβαρισμός
498 2297 568 2366 ἐστι
595 2299 632 2365 τὸ
661 2294 862 2384 ἁμαρτάνειν
890 2299 970 2384 περὶ
997 2297 1054 2364 τὸν
1083 2295 1195 2376 τόνον,
1225 2292 1281 2361 ε’άν
1301 2318 1355 2373 τις

237 2396 318 2488 εἴπῃ
342 2394 502 2483 ἇκοᾶτος·
525 2402 610 2468 κατὰ
638 2399 674 2467 δὲ
694 2396 833 2486 χρόνους
852 2397 1112 2486 βαρβαρίζουσα
1142 2396 1174 2465 ol
1203 2396 1356 2481 λέγοντες

237 2497 372 2577 aaronis
394 2498 630 2581 ἐντεταμένως,
653 2499 738 2567 κατὰ
759 2498 796 2566 δὲ
817 2504 963 2579 πνεῦμα,
986 2498 1044 2566 ε’ἀν
1064 2496 1201 2587 ψιλώσῃ
1223 2521 1275 2575 τις
1294 2498 1358 2584 τὴν

237 2596 316 2668 riuti.
361 2600 563 2688 Temporum
581 2602 715 2687 quidem
733 2601 915 2665 immutatio
933 2598 1068 2687 proprio
1087 2599 1219 2664 nomine
1237 2598 1357 2662 distin-

237 2702 348 2789 guitur
363 2703 480 2768 cctasis
497 2714 530 2769 et
546 2704 698 2790 systolae.
744 2703 782 2771 Si
796 2726 874 2768 vero
890 2698 1009 2785 ὀμίχλη
1026 2702 1143 2767 dicitur
1157 2724 1217 2787 pro
1234 2696 1358 2786 ὁμίχλη

237 2805 288 2870 vcl
309 2809 425 2889 μῶρος
446 2828 505 2891 pro
528 2804 658 2893 μιορός,
679 2806 716 2869 id
737 2805 807 2871 sine
830 2804 1051 2871 controversia
1071 2802 1146 2868 huic
1169 2802 1360 2888 quaestioni

237 2905 438 2993 implicatum
460 2917 510 2972 est
531 2906 590 2971 sed
609 2906 644 2971 in
661 2906 725 2973 hoc
741 2917 849 2972 tamen
865 2907 948 2973 libro
966 2928 1033 2972 non
1051 2904 1256 2982 tractabitur3
1277 2929 1361 2970 nam

239 3009 405 3075 doctrinae
428 3008 469 3074 de
493 3008 679 3074 accentibus
706 3010 813 3075 dicata
835 3021 910 3075 sunt
935 3010 1041 3075 solida
1070 3010 1239 3075 doctorum
1260 3009 1361 3073 volu-

237 3110 325 3175 mina
332 3134 341 3186 ;
365 3110 632 3197 pneumatologia
652 3110 694 3175 ab
717 3109 866 3176 omnibus
888 3112 935 3175 ita
955 3110 1105 3198 neglecta
1121 3112 1213 3195 jacet
1231 3120 1269 3174 ut
1291 3109 1364 3176 hac

240 3222 346 3277 aetate
360 3212 415 3275 vix
431 3213 473 3276 ad
491 3213 631 3298 aliquam
647 3214 864 3278 maturitatem
878 3223 1073 3299 perventura
1086 3213 1243 3278 videatur.
1270 3212 1365 3277 Tres

196 3341 200 3349 1
239 3312 438 3399 impropriae
457 3314 633 3399 prosodiae
653 3338 673 3379 a
693 3314 858 3381 nonnullis
881 3313 979 3401 πάθη
999 3326 1156 3381 vocantur
1177 3315 1234 3383 διὰ
1257 3314 1295 3379 τὸ
1324 3313 1368 3380 ἓν

239 3420 448 3499 παθητικαῖς
481 3416 589 3495 λέξεσι
621 3417 785 3483 τίθεσθαι
815 3416 1027 3502 Moschopul.
1055 3418 1186 3503 Fragm.
1218 3416 1253 3480 in
1281 3415 1368 3480 Rit-

240 3512 352 3578 schelii
372 3515 480 3581 Praei.
502 3517 545 3580 ad
566 3515 685 3581 Thom.
707 3515 864 3585 CCXVI.
888 3516 997 3585 Schol.
1017 3518 1119 3585 Dion.
1143 3518 1215 3595 713,
1239 3518 1290 3582 17.
1316 3518 1369 3583 ab

240 3614 311 3679 aliis
331 3622 455 3702 apuria
473 3622 587 3704 φωνῆς
603 3618 833 3696 πεπονθυίας,
854 3642 975 3703 easque
993 3644 1013 3685 a
1031 3619 1133 3705 signis
1149 3618 1371 3705 prosodiacis

241 3716 456 3802 distinguunt,
473 3717 549 3802 quia
564 3741 631 3785 non
646 3719 751 3784 solum
763 3719 930 3785 vocalibus
947 3722 1169 3807 appingrmtur
1186 3721 1375 3787 sedetiam

241 3818 393 3884 consonis
416 3818 526 3887 Schol.
548 3820 649 3886 Dion.
670 3820 751 3899 683,
773 3822 825 3887 22.
850 3821 957 3888 cram.
980 3823 1108 3888 Anecd.
1134 3823 1175 3888 Τ.
1195 3823 1248 3891 IV
1249 3872 1257 3889 .
1280 3824 1375 3890 309.

205 3948 213 3955 ·
240 3920 369 3986 Horum
392 3919 474 3985 nihil
496 3922 538 3985 ad
562 3920 659 4007 hujus
681 3923 866 4009 scriptionis
889 3923 1070 3990 institutum
1092 3926 1243 4012 pertinet.
1290 3924 1378 3992 Ce-

311 4166 338 4234 5)
358 4164 483 4221 Zonaras
499 4185 528 4238 p.
543 4168 602 4222 370.
621 4166 811 4241 βαρβαρισμός
823 4170 879 4225 ἐστι
894 4167 1050 4242 παράτονος
1066 4174 1136 4234 λέξις
1153 4166 1213 4238 ἤτοι
1230 4168 1315 4240 παρὰ
1334 4171 1383 4227 τὰ

242 4248 551 4397 ῗζιοῗξῖἑιτῗῦππεόίἱυτᾶς
569 4257 731 4330 προςῳδίας.
754 4257 819 4312 ΕΜ.
839 4258 963 4323 200,10.
985 4255 1014 4313 τὸ
1036 4253 1172 4330 βλήμενος
1192 4254 1387 4331 ἀναδρομὴν
