2825 4809
142 378 208 446 ns
229 378 499 449 Psosmnsr
517 380 579 447 su
601 382 866 452 sennensi
894 382 933 452 o.
950 386 993 454 v.
1016 386 1084 473 §.a
1131 390 1183 465 st

66 569 148 633 tatur
160 564 359 641 Philoxeno,
381 560 459 650 ὅχεή
476 576 584 633 sutem
605 566 744 633 similem
760 568 894 654 quidem
912 570 1183 655 significationem

29 689 33 697 ’
66 670 124 735 sed
151 668 315 733 diversam
342 666 502 753 originem
527 666 665 748 habere,
692 690 854 755 quaenam
874 693 915 736 ea
930 673 975 738 sit
994 673 1102 741 disere
1123 677 1183 741 de·

68 772 235 857 dignatum
256 769 317 833 sed
330 767 458 837 videtur
472 768 607 835 verbum
624 766 710 853 ἔχειν
722 771 918 858 signifiare.
937 774 1031 840 Inar
1040 768 1183 859 istane,

64 866 166 957 ὅρυγξ
187 881 223 936 et
251 868 370 959 ῥύγχος
394 870 553 955 numquid
574 873 759 939 commeroii
780 873 962 941 intertedat
984 876 1129 946 dubitavi
1147 876 1185 945 in

65 972 189 1039 Teohn.
222 972 299 1037 303.
331 964 514 1060 Ὀῥρωόεῖν
541 982 574 1037 et
602 968 766 1063 ἇρῤωδεῖν
793 976 942 1041 nonnuli
973 978 1117 1043 referum
1140 978 1185 1046 ati

66 1075 201 1161 stirpem
232 1071 394 1138 exoticam
407 1068 481 1139 'trad
507 1073 629 1141 timere.
675 1071 798 1161 Ῥάμνα
827 1078 895 1143 sive
920 1073 1045 1167 ῥάμνος
1069 1078 1106 1144 id
1134 1090 1185 1145 est

63 1178 155 1253 talea,
180 1166 314 1253 territes,
337 1172 426 1260 apud
450 1174 625 1262 scriptores
647 1176 775 1243 mediae
792 1179 907 1245 aetatis
929 1178 1082 1245 eosvenit
1098 1180 1183 1246 anti·

63 1278 135 1363 quis
168 1276 360 1365 ῥάδαμνος,
389 1271 572 1363 ῥόδαμνος,
600 1271 748 1363 ὅραμνος
769 1290 803 1343 et
830 1275 1035 1367 ὄρόδαμνος,
1063 1280 1184 1367 quibus

63 1388 206 1464 cognata
230 1388 309 1441 sunt
330 1395 455 1455 ramas,
486 1374 599 1463 ῥάόιξ,
619 1376 759 1467 ῥάβδος,
786 1379 905 1467 panta,
932 1382 1040 1459 mas,
1068 1384 1183 1458 Μία.

62 1482 117 1546 sed
148 1479 256 1565 stirps
290 1494 375 1563 quas
404 1476 501 1541 fuerit
530 1477 621 1545 haud
653 1478 747 1546 iaoiie
777 1479 920 1548 inventu.
969 1475 1126 1566 'Oitssotic
1151 1494 1185 1551 st

62 1578 207 1659 ‹ittaeog
225 1581 263 1645 iu
277 1580 380 1645 Proll.
396 1578 469 1645 298.
491 1579 565 1645 adn.
582 1580 737 1647 retulisti
754 1579 840 1667 γλία,
860 1582 1014 1667 γλίσχρος
1033 1584 1183 1653 lutam

59 1685 236 1750 Postrema
261 1680 357 1765 hujus
379 1681 609 1768 disputationis
632 1704 709 1771 pars
732 1693 941 1751 consumetur
959 1684 995 1749 in
1014 1683 1183 1753 vocabuli·

60 1808 201 1870 quorum
231 1783 431 1870 principium
461 1794 511 1849 est
535 1783 668 1850 vooalis.
719 1783 806 1851 Cum
828 1779 978 1865 Ἐξάδως
997 1796 1030 1851 et
1047 1780 1185 1871 Ὀβριά-

61 1912 150 1973 ρεως,
169 1906 316 1972 quorum
330 1884 412 1951 illud
427 1885 600 1971 integrum,
621 1883 685 1952 hoo
699 1897 831 1952 auctum
845 1886 1020 1973 perhibent
1033 1902 1183 1953 auctores

63 2010 158 2075 supra
193 1988 303 2065 citati,
331 1986 442 2055 Soliol.
473 1986 513 2053 Il.
535 1987 563 2053 I.
585 1986 659 2054 264.
686 1998 721 2053 et
740 1987 821 2053 ΕΜ.
843 1988 916 2064 340,
936 1989 990 2055 40.
1013 1988 1184 2055 tentemur

59 2086 185 2168 Ὀϊλεύς
209 2101 245 2157 et
267 2084 383 2168 ’[λεύς,
398 2087 498 2175 'quod
518 2110 637 2155 nomen
659 2088 829 2156 Hesiodus
850 2090 980 2177 poetice
1002 2090 1120 2157 ludens
1141 2090 1183 2157 ab

60 2192 223 2277 adjeotivo
261 2192 404 2277 aspirato
433 2188 534 2269 ἵλεως
563 2190 730 2257 aroessivit
756 2191 1001 2277 (Mamksaheff.
1029 2192 1087 2259 Fr.
1108 2190 1182 2261 339.

59 2286 205 2359 Duentz.
230 2292 273 2358 de
289 2292 415 2359 Zenod.
432 2292 500 2374 to.)
524 2291 578 2357 aiii
599 2294 737 2359 fortasse
752 2292 795 2360 ab
813 2290 869 2381 ἴλη
891 2286 1038 2373 uittas,
1056 2304 1092 2360 st
1106 2293 1184 2363 ho

60 2397 204 2483 primum
225 2389 341 2472 Ἴλιός,
370 2403 439 2459 tum
464 2394 656 2481 pleonasmo
682 2390 814 2473 Ὀϊλεύς
845 2394 990 2461 extitisse
1018 2404 1182 2483 putarunt.

59 2500 118 2567 Sin
141 2498 212 2571 hoo
234 2496 433 2583 primitivum
454 2496 529 2574 fuit,
559 2495 599 2561 ab
627 2488 679 2577 οἷς
705 2496 773 2561 sive
795 2490 850 2574 ὄϊς
873 2496 1051 2562 derivatum
1072 2507 1123 2564 est
1146 2508 1184 2563 nt

54 2595 197 2686 Ὀϊκλῆς
229 2597 290 2661 sed
323 2596 470 2662 adhibita
501 2597 718 2684 productione
751 2608 789 2663 ut
817 2594 933 2679 οἴομαι
959 2592 1085 2680 ὀΐομαι.
1128 2598 1183 2665 De

59 2700 190 2767 duabus
214 2698 383 2763 sententiis
394 2698 485 2797 ΡΜ.
508 2700 581 2779 620,
604 2698 634 2767 8.
663 2694 780 2779 ὀϊστός
804 2697 901 2785 παρὰ
928 2698 966 2765 τὸ
995 2696 1069 2785 iqua
1097 2698 1184 2765 κατὰ

58 2800 278 2885 πλεονασμὸν
308 2807 368 2871 τοῦ
401 2824 420 2867 a
452 2794 474 2889 ἢ
506 2799 602 2888 παρὰ
633 2800 671 2869 τὸ
700 2796 784 2869 οἴσω
813 2809 956 2887 praestat
981 2798 1051 2865 sine
1082 2797 1182 2866 dubio

57 2904 237 2990 posterior.
274 2902 330 2969 Ab
350 2912 489 2987 utroque
508 2901 616 2968 differt
639 2893 713 2981 οἶος
731 2897 867 2982 ὁμόνος
883 2901 977 2985 παρὰ
996 2899 1034 2967 τὸ
1058 2898 1121 2979 ἰός,
1142 2890 1183 2967 oi

57 3008 93 3069 τὸ
123 3005 285 3092 θηλυκὸν
313 3001 360 3083 ἴα,
387 3003 472 3071 auiti
494 2998 705 3086 πλεονασμόν
727 3002 885 3089 Apollon.
906 3000 994 3069 Adv.
1017 3001 1068 3067 70.
1092 3000 1184 3086 quod

59 3109 170 3173 Orion
196 3108 272 3183 123,
294 3107 325 3172 3.
349 3128 389 3170 ex
410 3103 593 3171 Herodiani
616 3104 830 3192 epimerismis
852 3102 992 3191 protem
1022 3125 1184 3188 nusquam

58 3211 143 3275 enim
181 3202 259 3287 ὄϊος
289 3206 450 3295 reperitur
480 3216 518 3271 ut
547 3200 670 3283 ὀϊστός.
724 3206 809 3272 Sunt
838 3228 915 3273 vero
944 3205 1026 3272 aliae
1052 3205 1183 3271 vocales

58 3312 182 3397 quibus
203 3296 230 3378 o
251 3308 377 3374 mioron
397 3308 559 3395 praemitti
581 3316 729 3393 putatur,
754 3308 843 3373 velut
869 3307 960 3373 fluvii
988 3306 1099 3374 cretici
1127 3325 1183 3374 ur·

58 3412 178 3498 bisque
196 3432 321 3476 nomen
334 3404 460 3489 ’Όαξος
478 3431 577 3494 quem
590 3409 782 3475 Herodotus
792 3404 893 3489 ’Ἀξον
907 3419 1003 3475 voeat
1017 3427 1059 3473 ex
1074 3419 1183 3494 etymo

58 3526 95 3578 ut
115 3513 313 3601 Stephanus
332 3510 506 3597 significat:
521 3505 654 3591 ’Όαξυς
675 3509 763 3589 τινὲς
782 3508 840 3577 διὰ
863 3510 900 3577 τὸ
923 3514 1106 3599 καταγῆναι
1127 3509 1186 3581 ata

59 3613 164 3683 τόπον
186 3614 247 3680 καὶ
269 3611 501 3700 κατάκρημνον
523 3607 701 3698 ὑπάρχειν·
725 3613 863 3678 καλοῦσι
886 3612 949 3697 γὰρ
976 3611 1054 3689 τοὺς
1074 3607 1185 3681 τοιού-

59 3742 136 3794 τους
158 3709 266 3796 tignus
289 3710 448 3801 καθάπερ
468 3712 526 3780 καὶ
547 3708 644 3800 ἡμεῖς
666 3707 806 3796 ἂγμούς,
826 3713 929 3798 idque
951 3712 1106 3782 convenit
1123 3733 1183 3783 na·

61 3828 150 3883 turae
173 3816 243 3883 loci
260 3815 457 3901 confragosi,
480 3824 519 3881 ut
532 3816 633 3899 ajunt,
659 3823 758 3899 atque
779 3814 888 3900 asperi
904 3814 1009 3898 qualis
1024 3815 1183 3886 seutiae

61 3918 137 3983 urbs
164 3916 382 4003 πολύκνημος
405 3911 561 3993 Ἐτεωνὸς
589 3939 620 3980 v.
650 3915 780 3982 Hoeok.
813 3916 905 3984 Creta
934 3916 963 3981 Ι.
988 3915 1063 3983 397.
1113 3915 1184 3983 Sed

63 4020 221 4085 incertum
254 4028 363 4082 tamen
394 4039 436 4080 an
466 4015 548 4083 haeo
574 4040 650 4084 vera
676 4017 720 4085 sit
744 4016 884 4084 nominis
913 4016 1000 4083 illius
1023 4016 1183 4101 interpre-

63 4122 152 4199 tatio,
177 4120 272 4209 quod
296 4120 434 4185 fortasse
455 4140 497 4184 ne
519 4142 672 4205 graecum
693 4118 826 4205 quidem
847 4128 897 4184 est
918 4118 978 4183 sed
997 4115 1044 4181 ab
1064 4113 1183 4181 exteris

64 4223 194 4289 illatum.
241 4216 435 4307 Προμάχων
461 4215 618 4306 ὀαριστύν
645 4219 685 4285 Π.
714 4220 816 4287 XIII.
845 4221 920 4287 291.
945 4217 1095 4286 nonnulii
1119 4238 1182 4304 pro

66 4319 200 4409 ἀριστύν
236 4322 383 4416 positum
414 4343 488 4391 esse
515 4330 698 4391 statuerant
732 4344 800 4392 nou
832 4321 903 4390 fieri
928 4342 1028 4412 posse
1055 4319 1120 4389 rati
1146 4330 1184 4393 ot
