<?xml version="1.0" encoding="UTF-8"?>
<!DOCTYPE html PUBLIC "-//W3C//DTD XHTML 1.0 Transitional//EN"
    "http://www.w3.org/TR/xhtml1/DTD/xhtml1-transitional.dtd">
<html xmlns="http://www.w3.org/1999/xhtml" xml:lang="en" lang="en">
 <head>
  <title>
</title>
<meta http-equiv="Content-Type" content="text/html;charset=utf-8" />
  <meta name='ocr-system' content='tesseract 3.04.00' />
  <meta name='ocr-capabilities' content='ocr_page ocr_carea ocr_par ocr_line ocrx_word'/>
</head>
<body>
  <div class='ocr_page' id='page_1' title='image "./pathologiaegrae01lobegoog/pathologiaegrae01lobegoog_0037.png"; bbox 0 0 2825 4809; ppageno 0'>
   <div class='ocr_carea' id='block_1_1' title="bbox 142 334 1187 425">
    <p class='ocr_par' dir='ltr' id='par_1_1' title="bbox 142 334 1187 425">
     <span class='ocr_line' id='line_1_1' title="bbox 142 334 1187 425; baseline 0.004 -22"><span class='ocrx_word' id='word_1_1' title='bbox 142 334 210 403; x_wconf 82' lang='lat' dir='ltr'><strong>DE</strong></span> <span class='ocrx_word' id='word_1_2' title='bbox 230 334 501 409; x_wconf 82' lang='lat' dir='ltr'><strong>PROSTHESI</strong></span> <span class='ocrx_word' id='word_1_3' title='bbox 520 336 585 407; x_wconf 86' lang='grc' dir='ltr'><strong>ΕΤ</strong></span> <span class='ocrx_word' id='word_1_4' title='bbox 605 336 870 407; x_wconf 74' lang='lat' dir='ltr'><strong>APHAERESI.</strong></span> <span class='ocrx_word' id='word_1_5' title='bbox 904 337 944 407; x_wconf 82' lang='grc'><strong>0.</strong></span> <span class='ocrx_word' id='word_1_6' title='bbox 959 339 988 405; x_wconf 92' lang='grc' dir='ltr'><strong>Ι.</strong></span> <span class='ocrx_word' id='word_1_7' title='bbox 1021 342 1046 425; x_wconf 64' lang='grc'><strong>1.</strong></span> <span class='ocrx_word' id='word_1_8' title='bbox 1058 340 1089 407; x_wconf 91' lang='grc'><strong>2.</strong></span> <span class='ocrx_word' id='word_1_9' title='bbox 1136 344 1187 419; x_wconf 66' lang='grc'><strong>26</strong></span> 
     </span>
    </p>
   </div>
   <div class='ocr_carea' id='block_1_2' title="bbox 7 511 1248 4375">
    <p class='ocr_par' dir='ltr' id='par_1_2' title="bbox 66 511 1187 815">
     <span class='ocr_line' id='line_1_2' title="bbox 67 511 1187 617; baseline 0.005 -30"><span class='ocrx_word' id='word_1_10' title='bbox 67 516 242 608; x_wconf 73' lang='grc' dir='ltr'><strong><em>πρόβατον</em></strong></span> <span class='ocrx_word' id='word_1_11' title='bbox 263 523 321 592; x_wconf 79' lang='grc' dir='ltr'><strong><em>καὶ</em></strong></span> <span class='ocrx_word' id='word_1_12' title='bbox 343 518 502 615; x_wconf 74' lang='grc' dir='ltr'><strong>ἀποβολή</strong></span> <span class='ocrx_word' id='word_1_13' title='bbox 522 528 582 593; x_wconf 79' lang='grc' dir='ltr'><strong>τοῦ</strong></span> <span class='ocrx_word' id='word_1_14' title='bbox 603 511 633 593; x_wconf 66' lang='grc' dir='ltr'>ἶ</span> <span class='ocrx_word' id='word_1_15' title='bbox 653 521 714 617; x_wconf 66' lang='lat' dir='ltr'><strong>(irio</strong></span> <span class='ocrx_word' id='word_1_16' title='bbox 729 525 817 593; x_wconf 80' lang='grc' dir='ltr'><strong>·.ΕΜ</strong></span> <span class='ocrx_word' id='word_1_17' title='bbox 840 524 912 603; x_wconf 99' lang='grc'><strong>140,</strong></span> <span class='ocrx_word' id='word_1_18' title='bbox 933 522 987 592; x_wconf 90' lang='grc'><strong>54.</strong></span> <span class='ocrx_word' id='word_1_19' title='bbox 1012 525 1073 593; x_wconf 84' lang='lat' dir='ltr'><strong>scd</strong></span> <span class='ocrx_word' id='word_1_20' title='bbox 1096 522 1187 597; x_wconf 72' lang='lat' dir='ltr'><strong>Qud</strong></span> 
     </span>
     <span class='ocr_line' id='line_1_3' title="bbox 68 620 1189 743; baseline 0.008 -56"><span class='ocrx_word' id='word_1_21' title='bbox 68 620 116 699; x_wconf 92' lang='grc'><strong>79,</strong></span> <span class='ocrx_word' id='word_1_22' title='bbox 128 622 163 689; x_wconf 90' lang='grc'><strong>4.</strong></span> <span class='ocrx_word' id='word_1_23' title='bbox 184 621 246 713; x_wconf 73' lang='grc' dir='ltr'><strong>ῥήν</strong></span> <span class='ocrx_word' id='word_1_24' title='bbox 263 650 322 693; x_wconf 81' lang='grc' dir='ltr'><strong>τοο</strong></span> <span class='ocrx_word' id='word_1_25' title='bbox 307 623 440 743; x_wconf 71' lang='grc' dir='ltr'><strong><em>ρηνός</em></strong></span> <span class='ocrx_word' id='word_1_26' title='bbox 458 652 513 695; x_wconf 84' lang='grc' dir='ltr'><strong><em>και</em></strong></span> <span class='ocrx_word' id='word_1_27' title='bbox 505 624 717 717; x_wconf 70' lang='grc' dir='ltr'><strong>συσιο1ῆ“</strong></span> <span class='ocrx_word' id='word_1_28' title='bbox 699 624 800 717; x_wconf 75' lang='grc' dir='ltr'><strong><em>ρανός</em></strong></span> <span class='ocrx_word' id='word_1_29' title='bbox 816 625 874 694; x_wconf 73' lang='grc' dir='ltr'><strong><em>καὶ</em></strong></span> <span class='ocrx_word' id='word_1_30' title='bbox 892 622 1189 745; x_wconf 67' lang='lat' dir='ltr'><strong>trduspflrflupupi</strong></span> 
     </span>
     <span class='ocr_line' id='line_1_4' title="bbox 66 717 1187 839; baseline 0.005 -50"><span class='ocrx_word' id='word_1_31' title='bbox 66 717 176 839; x_wconf 66' lang='grc' dir='ltr'><strong>ἆρνιίς.</strong></span> <span class='ocrx_word' id='word_1_32' title='bbox 200 724 275 793; x_wconf 87' lang='lat' dir='ltr'><strong>Nos</strong></span> <span class='ocrx_word' id='word_1_33' title='bbox 291 727 422 793; x_wconf 85' lang='lat' dir='ltr'><strong>omissis</strong></span> <span class='ocrx_word' id='word_1_34' title='bbox 436 726 611 813; x_wconf 80' lang='lat' dir='ltr'>nugalibus</span> <span class='ocrx_word' id='word_1_35' title='bbox 627 726 691 795; x_wconf 93' lang='lat' dir='ltr'><strong>hoc</strong></span> <span class='ocrx_word' id='word_1_36' title='bbox 706 726 935 795; x_wconf 79' lang='lat' dir='ltr'><strong>contendimus</strong></span> <span class='ocrx_word' id='word_1_37' title='bbox 951 726 1059 793; x_wconf 84' lang='lat' dir='ltr'><strong>thema</strong></span> <span class='ocrx_word' id='word_1_38' title='bbox 1073 727 1187 815; x_wconf 87' lang='lat' dir='ltr'><strong>primi·</strong></span> 
     </span>
    </p>

    <p class='ocr_par' dir='ltr' id='par_1_3' title="bbox 57 824 1191 2942">
     <span class='ocr_line' id='line_1_5' title="bbox 65 824 1190 917; baseline 0.007 -28"><span class='ocrx_word' id='word_1_39' title='bbox 65 824 200 910; x_wconf 85' lang='lat' dir='ltr'><strong>genium</strong></span> <span class='ocrx_word' id='word_1_40' title='bbox 213 826 352 894; x_wconf 83' lang='lat' dir='ltr'><strong>fuisse</strong></span> <span class='ocrx_word' id='word_1_41' title='bbox 342 852 376 894; x_wconf 87' lang='grc' dir='ltr'><strong>ιιι</strong></span> <span class='ocrx_word' id='word_1_42' title='bbox 397 856 417 915; x_wconf 89' lang='grc' dir='ltr'><strong><em>ρ</em></strong></span> <span class='ocrx_word' id='word_1_43' title='bbox 440 829 592 897; x_wconf 84' lang='lat' dir='ltr'><strong>desinens</strong></span> <span class='ocrx_word' id='word_1_44' title='bbox 609 830 826 917; x_wconf 82' lang='lat' dir='ltr'><strong>praecedente</strong></span> <span class='ocrx_word' id='word_1_45' title='bbox 841 828 962 907; x_wconf 74' lang='lat' dir='ltr'><strong>vocali,</strong></span> <span class='ocrx_word' id='word_1_46' title='bbox 984 824 1108 895; x_wconf 82' lang='lat' dir='ltr'><strong>unde&#39;</strong></span> <span class='ocrx_word' id='word_1_47' title='bbox 1088 828 1190 915; x_wconf 73' lang='grc' dir='ltr'><strong><em>αρνός</em></strong></span> 
     </span>
     <span class='ocr_line' id='line_1_6' title="bbox 65 920 1189 1021; baseline 0.004 -29"><span class='ocrx_word' id='word_1_48' title='bbox 65 920 199 1013; x_wconf 78' lang='grc' dir='ltr'><strong><em>ἇρνειός</em></strong></span> <span class='ocrx_word' id='word_1_49' title='bbox 225 934 339 997; x_wconf 69' lang='lat' dir='ltr'><strong>artes</strong></span> <span class='ocrx_word' id='word_1_50' title='bbox 340 928 581 1021; x_wconf 75' lang='grc' dir='ltr'><strong><em>ἕρρηνοβοοιιός</em></strong></span> <span class='ocrx_word' id='word_1_51' title='bbox 608 940 650 997; x_wconf 86' lang='lat' dir='ltr'><strong>et</strong></span> <span class='ocrx_word' id='word_1_52' title='bbox 663 930 758 997; x_wconf 79' lang='lat' dir='ltr'><strong>alia</strong></span> <span class='ocrx_word' id='word_1_53' title='bbox 746 954 784 997; x_wconf 84' lang='lat' dir='ltr'><strong>ru</strong></span> <span class='ocrx_word' id='word_1_54' title='bbox 802 931 923 997; x_wconf 75' lang='lat' dir='ltr'><strong>Parati.</strong></span> <span class='ocrx_word' id='word_1_55' title='bbox 946 930 997 997; x_wconf 90' lang='grc'><strong>74.</strong></span> <span class='ocrx_word' id='word_1_56' title='bbox 1006 930 1134 997; x_wconf 82' lang='lat' dir='ltr'><strong>adnot.</strong></span> <span class='ocrx_word' id='word_1_57' title='bbox 1156 930 1189 996; x_wconf 84' lang='lat'><strong>6</strong></span> 
     </span>
     <span class='ocr_line' id='line_1_7' title="bbox 65 1027 1188 1118; baseline 0.007 -26"><span class='ocrx_word' id='word_1_58' title='bbox 65 1027 199 1106; x_wconf 79' lang='lat' dir='ltr'><strong>collata3</strong></span> <span class='ocrx_word' id='word_1_59' title='bbox 221 1030 285 1097; x_wconf 83' lang='lat' dir='ltr'><strong>sed</strong></span> <span class='ocrx_word' id='word_1_60' title='bbox 304 1031 341 1097; x_wconf 91' lang='lat' dir='ltr'><strong>id</strong></span> <span class='ocrx_word' id='word_1_61' title='bbox 357 1052 457 1117; x_wconf 88' lang='lat' dir='ltr'><strong>quum</strong></span> <span class='ocrx_word' id='word_1_62' title='bbox 478 1053 598 1099; x_wconf 87' lang='lat' dir='ltr'><strong>nomen</strong></span> <span class='ocrx_word' id='word_1_63' title='bbox 617 1032 821 1099; x_wconf 67' lang='lat' dir='ltr'><strong>uticuhtum</strong></span> <span class='ocrx_word' id='word_1_64' title='bbox 841 1043 1060 1118; x_wconf 66' lang='lat' dir='ltr'><strong>quaereretur,</strong></span> <span class='ocrx_word' id='word_1_65' title='bbox 1082 1044 1188 1099; x_wconf 70' lang='lat' dir='ltr'><strong>unns·</strong></span> 
     </span>
     <span class='ocr_line' id='line_1_8' title="bbox 64 1128 1188 1222; baseline 0.006 -29"><span class='ocrx_word' id='word_1_66' title='bbox 64 1128 140 1194; x_wconf 86' lang='lat' dir='ltr'><strong>iisse</strong></span> <span class='ocrx_word' id='word_1_67' title='bbox 161 1130 199 1195; x_wconf 90' lang='lat' dir='ltr'><strong>in</strong></span> <span class='ocrx_word' id='word_1_68' title='bbox 222 1130 294 1219; x_wconf 81' lang='grc' dir='ltr'><strong>ῥήν,</strong></span> <span class='ocrx_word' id='word_1_69' title='bbox 316 1133 406 1219; x_wconf 92' lang='lat' dir='ltr'><strong>quod</strong></span> <span class='ocrx_word' id='word_1_70' title='bbox 422 1132 499 1219; x_wconf 86' lang='lat' dir='ltr'><strong>quia</strong></span> <span class='ocrx_word' id='word_1_71' title='bbox 520 1134 625 1201; x_wconf 89' lang='lat' dir='ltr'><strong>solum</strong></span> <span class='ocrx_word' id='word_1_72' title='bbox 645 1135 681 1201; x_wconf 87' lang='lat' dir='ltr'><strong>iu</strong></span> <span class='ocrx_word' id='word_1_73' title='bbox 695 1156 760 1201; x_wconf 87' lang='lat' dir='ltr'><strong>usu</strong></span> <span class='ocrx_word' id='word_1_74' title='bbox 774 1145 840 1212; x_wconf 86' lang='lat' dir='ltr'><strong>est,</strong></span> <span class='ocrx_word' id='word_1_75' title='bbox 861 1134 903 1200; x_wconf 86' lang='lat' dir='ltr'><strong>ab</strong></span> <span class='ocrx_word' id='word_1_76' title='bbox 920 1132 1094 1222; x_wconf 83' lang='lat' dir='ltr'><strong>aphacrcsi</strong></span> <span class='ocrx_word' id='word_1_77' title='bbox 1111 1154 1188 1220; x_wconf 70' lang='lat' dir='ltr'><strong>ger·</strong></span> 
     </span>
     <span class='ocr_line' id='line_1_9' title="bbox 64 1232 1191 1323; baseline 0.004 -26"><span class='ocrx_word' id='word_1_78' title='bbox 64 1251 160 1297; x_wconf 84' lang='lat' dir='ltr'><strong>uuna</strong></span> <span class='ocrx_word' id='word_1_79' title='bbox 182 1232 314 1320; x_wconf 84' lang='lat' dir='ltr'><strong>sejungi</strong></span> <span class='ocrx_word' id='word_1_80' title='bbox 337 1246 476 1323; x_wconf 79' lang='lat' dir='ltr'><strong>oportet.</strong></span> <span class='ocrx_word' id='word_1_81' title='bbox 519 1236 679 1303; x_wconf 87' lang='lat' dir='ltr'><strong>Ultimum</strong></span> <span class='ocrx_word' id='word_1_82' title='bbox 701 1235 864 1323; x_wconf 74' lang='lat' dir='ltr'><strong>estquod</strong></span> <span class='ocrx_word' id='word_1_83' title='bbox 885 1234 1075 1323; x_wconf 73' lang='lat' dir='ltr'><strong>Stephanus</strong></span> <span class='ocrx_word' id='word_1_84' title='bbox 1094 1235 1191 1301; x_wconf 74' lang='lat' dir='ltr'><strong>affert</strong></span> 
     </span>
     <span class='ocr_line' id='line_1_10' title="bbox 58 1326 1189 1428; baseline 0.005 -29"><span class='ocrx_word' id='word_1_85' title='bbox 58 1326 278 1415; x_wconf 77' lang='grc' dir='ltr'><strong><em>Ἀμαζόνειον</em></strong></span> <span class='ocrx_word' id='word_1_86' title='bbox 306 1334 413 1416; x_wconf 78' lang='grc' dir='ltr'><strong><em>τόπος</em></strong></span> <span class='ocrx_word' id='word_1_87' title='bbox 437 1336 472 1405; x_wconf 71' lang='grc' dir='ltr'><strong>ἐν</strong></span> <span class='ocrx_word' id='word_1_88' title='bbox 498 1342 540 1428; x_wconf 74' lang='grc' dir='ltr'><strong>τῇ</strong></span> <span class='ocrx_word' id='word_1_89' title='bbox 562 1334 803 1427; x_wconf 49' lang='lat' dir='ltr'><strong>Aurini-dou</strong></span> <span class='ocrx_word' id='word_1_90' title='bbox 832 1336 870 1405; x_wconf 71' lang='lat' dir='ltr'><strong>dd</strong></span> <span class='ocrx_word' id='word_1_91' title='bbox 899 1339 956 1403; x_wconf 83' lang='grc' dir='ltr'><strong>(ιαί</strong></span> <span class='ocrx_word' id='word_1_92' title='bbox 984 1334 1020 1404; x_wconf 75' lang='grc' dir='ltr'><strong>ἓν</strong></span> <span class='ocrx_word' id='word_1_93' title='bbox 1039 1336 1189 1428; x_wconf 69' lang='grc' dir='ltr'><strong><em>Βιθυνίᾳ</em></strong></span> 
     </span>
     <span class='ocr_line' id='line_1_11' title="bbox 61 1434 1189 1525; baseline 0.007 -28"><span class='ocrx_word' id='word_1_94' title='bbox 61 1434 228 1516; x_wconf 82' lang='grc' dir='ltr'><strong><em>Μαζαῖον</em></strong></span> <span class='ocrx_word' id='word_1_95' title='bbox 250 1435 335 1505; x_wconf 80' lang='grc' dir='ltr'><strong><em>κατὰ</em></strong></span> <span class='ocrx_word' id='word_1_96' title='bbox 356 1435 600 1525; x_wconf 73' lang='grc' dir='ltr'><strong><em>παραφθοράν,</em></strong></span> <span class='ocrx_word' id='word_1_97' title='bbox 621 1438 714 1525; x_wconf 90' lang='lat' dir='ltr'><strong>quod</strong></span> <span class='ocrx_word' id='word_1_98' title='bbox 732 1460 852 1503; x_wconf 90' lang='lat' dir='ltr'><strong>nomen</strong></span> <span class='ocrx_word' id='word_1_99' title='bbox 867 1437 902 1502; x_wconf 90' lang='lat' dir='ltr'><strong>in</strong></span> <span class='ocrx_word' id='word_1_100' title='bbox 914 1436 1016 1505; x_wconf 83' lang='lat' dir='ltr'><strong>Thes.</strong></span> <span class='ocrx_word' id='word_1_101' title='bbox 1031 1437 1189 1505; x_wconf 84' lang='lat' dir='ltr'><strong>omissum</strong></span> 
     </span>
     <span class='ocr_line' id='line_1_12' title="bbox 62 1537 1186 1625; baseline 0.004 -25"><span class='ocrx_word' id='word_1_102' title='bbox 62 1556 135 1601; x_wconf 87' lang='lat' dir='ltr'><strong>cum</strong></span> <span class='ocrx_word' id='word_1_103' title='bbox 157 1537 389 1605; x_wconf 78' lang='lat' dir='ltr'><strong>Auraronibus</strong></span> <span class='ocrx_word' id='word_1_104' title='bbox 411 1562 479 1605; x_wconf 87' lang='lat' dir='ltr'><strong>non</strong></span> <span class='ocrx_word' id='word_1_105' title='bbox 502 1540 577 1625; x_wconf 85' lang='lat' dir='ltr'><strong>plus</strong></span> <span class='ocrx_word' id='word_1_106' title='bbox 602 1539 787 1607; x_wconf 74' lang='lat' dir='ltr'><strong>commercii</strong></span> <span class='ocrx_word' id='word_1_107' title='bbox 812 1538 914 1606; x_wconf 85' lang='lat' dir='ltr'><strong>habet</strong></span> <span class='ocrx_word' id='word_1_108' title='bbox 934 1559 1033 1624; x_wconf 70' lang='lat' dir='ltr'><strong>quern</strong></span> <span class='ocrx_word' id='word_1_109' title='bbox 1054 1539 1186 1625; x_wconf 78' lang='lat' dir='ltr'><strong>gentili·</strong></span> 
     </span>
     <span class='ocr_line' id='line_1_13' title="bbox 61 1636 1187 1728; baseline 0.005 -27"><span class='ocrx_word' id='word_1_110' title='bbox 61 1637 149 1704; x_wconf 87' lang='lat' dir='ltr'><strong>cium</strong></span> <span class='ocrx_word' id='word_1_111' title='bbox 172 1636 332 1721; x_wconf 82' lang='grc' dir='ltr'><strong><em>Μαζαῖοι</em></strong></span> <span class='ocrx_word' id='word_1_112' title='bbox 360 1648 395 1705; x_wconf 88' lang='lat' dir='ltr'><strong>et</strong></span> <span class='ocrx_word' id='word_1_113' title='bbox 417 1641 684 1727; x_wconf 85' lang='lat' dir='ltr'><strong>sudronymicum</strong></span> <span class='ocrx_word' id='word_1_114' title='bbox 705 1641 875 1723; x_wconf 84' lang='grc' dir='ltr'><strong><em>Μαζαῖος.</em></strong></span> <span class='ocrx_word' id='word_1_115' title='bbox 917 1641 973 1709; x_wconf 90' lang='lat' dir='ltr'><strong>De</strong></span> <span class='ocrx_word' id='word_1_116' title='bbox 997 1640 1069 1707; x_wconf 78' lang='lat' dir='ltr'><strong>aliis</strong></span> <span class='ocrx_word' id='word_1_117' title='bbox 1089 1641 1187 1728; x_wconf 76' lang='lat' dir='ltr'><strong>hujus</strong></span> 
     </span>
     <span class='ocr_line' id='line_1_14' title="bbox 61 1736 1188 1825; baseline 0.006 -20"><span class='ocrx_word' id='word_1_118' title='bbox 61 1736 194 1825; x_wconf 80' lang='lat' dir='ltr'><strong>geuen&#39;s</strong></span> <span class='ocrx_word' id='word_1_119' title='bbox 219 1741 407 1807; x_wconf 87' lang='lat' dir='ltr'><strong>nominibus</strong></span> <span class='ocrx_word' id='word_1_120' title='bbox 427 1742 638 1811; x_wconf 80' lang='lat' dir='ltr'><strong>Grammatici</strong></span> <span class='ocrx_word' id='word_1_121' title='bbox 659 1752 864 1809; x_wconf 72' lang='lat' dir='ltr'><strong>concertant:</strong></span> <span class='ocrx_word' id='word_1_122' title='bbox 885 1736 1052 1821; x_wconf 79' lang='grc' dir='ltr'><strong><em>Ἅπαοοός</em></strong></span> <span class='ocrx_word' id='word_1_123' title='bbox 1071 1744 1129 1811; x_wconf 76' lang='grc' dir='ltr'><strong>διὰ</strong></span> <span class='ocrx_word' id='word_1_124' title='bbox 1147 1742 1188 1811; x_wconf 76' lang='grc' dir='ltr'><strong>τὸ</strong></span> 
     </span>
     <span class='ocr_line' id='line_1_15' title="bbox 60 1837 1187 1929; baseline 0.004 -22"><span class='ocrx_word' id='word_1_125' title='bbox 60 1842 184 1929; x_wconf 78' lang='grc' dir='ltr'><em>μέτρον</em></span> <span class='ocrx_word' id='word_1_126' title='bbox 204 1838 339 1911; x_wconf 86' lang='grc' dir='ltr'><strong><em>Παισόν</em></strong></span> <span class='ocrx_word' id='word_1_127' title='bbox 359 1837 453 1913; x_wconf 78' lang='grc' dir='ltr'><strong><em>εἷπον</em></strong></span> <span class='ocrx_word' id='word_1_128' title='bbox 474 1842 520 1922; x_wconf 79' lang='grc' dir='ltr'><strong>(ὃς</strong></span> <span class='ocrx_word' id='word_1_129' title='bbox 540 1842 719 1929; x_wconf 77' lang='grc' dir='ltr'><strong><em>Σπληόόνα</em></strong></span> <span class='ocrx_word' id='word_1_130' title='bbox 741 1842 819 1911; x_wconf 88' lang='lat' dir='ltr'><strong>Sch.</strong></span> <span class='ocrx_word' id='word_1_131' title='bbox 830 1843 919 1911; x_wconf 74' lang='lat' dir='ltr'><strong>Vrct.</strong></span> <span class='ocrx_word' id='word_1_132' title='bbox 934 1843 977 1908; x_wconf 90' lang='lat' dir='ltr'><strong>ad</strong></span> <span class='ocrx_word' id='word_1_133' title='bbox 996 1843 1037 1909; x_wconf 80' lang='lat' dir='ltr'><strong>IL</strong></span> <span class='ocrx_word' id='word_1_134' title='bbox 1053 1846 1097 1913; x_wconf 87' lang='lat' dir='ltr'><strong>V.</strong></span> <span class='ocrx_word' id='word_1_135' title='bbox 1112 1845 1187 1911; x_wconf 91' lang='grc'><strong>612.</strong></span> 
     </span>
     <span class='ocr_line' id='line_1_16' title="bbox 62 1942 1188 2032; baseline 0.004 -24"><span class='ocrx_word' id='word_1_136' title='bbox 62 1943 153 2027; x_wconf 90' lang='lat' dir='ltr'><strong>quod</strong></span> <span class='ocrx_word' id='word_1_137' title='bbox 181 1942 324 2029; x_wconf 82' lang='lat' dir='ltr'><strong>Trypho</strong></span> <span class='ocrx_word' id='word_1_138' title='bbox 352 1968 386 2031; x_wconf 91' lang='lat' dir='ltr'><strong>p.</strong></span> <span class='ocrx_word' id='word_1_139' title='bbox 409 1946 460 2012; x_wconf 87' lang='lat'><strong>34.</strong></span> <span class='ocrx_word' id='word_1_140' title='bbox 488 1944 669 2032; x_wconf 75' lang='lat' dir='ltr'><strong>prosthesis</strong></span> <span class='ocrx_word' id='word_1_141' title='bbox 698 1945 831 2012; x_wconf 89' lang='lat' dir='ltr'><strong>nomine</strong></span> <span class='ocrx_word' id='word_1_142' title='bbox 859 1944 983 2030; x_wconf 80' lang='lat' dir='ltr'><strong>signat,</strong></span> <span class='ocrx_word' id='word_1_143' title='bbox 1011 1945 1072 2011; x_wconf 90' lang='lat' dir='ltr'><strong>sed</strong></span> <span class='ocrx_word' id='word_1_144' title='bbox 1095 1946 1188 2013; x_wconf 80' lang='lat' dir='ltr'><strong>ahter</strong></span> 
     </span>
     <span class='ocr_line' id='line_1_17' title="bbox 60 2034 1188 2132; baseline 0.004 -21"><span class='ocrx_word' id='word_1_145' title='bbox 60 2046 138 2111; x_wconf 85' lang='grc' dir='ltr'><strong>ΕΜ.</strong></span> <span class='ocrx_word' id='word_1_146' title='bbox 161 2042 239 2123; x_wconf 90' lang='grc'><strong>157,</strong></span> <span class='ocrx_word' id='word_1_147' title='bbox 255 2046 308 2111; x_wconf 84' lang='lat'><strong>34.</strong></span> <span class='ocrx_word' id='word_1_148' title='bbox 326 2039 529 2132; x_wconf 76' lang='grc' dir='ltr'><strong>Ἀσπληδών</strong></span> <span class='ocrx_word' id='word_1_149' title='bbox 550 2046 761 2126; x_wconf 78' lang='grc' dir='ltr'><strong><em>πλεονασμὸς</em></strong></span> <span class='ocrx_word' id='word_1_150' title='bbox 781 2042 958 2131; x_wconf 79' lang='grc' dir='ltr'><strong><em>ποιητικός</em></strong></span> <span class='ocrx_word' id='word_1_151' title='bbox 979 2042 1050 2113; x_wconf 76' lang='grc' dir='ltr'><strong><em>ἔστι</em></strong></span> <span class='ocrx_word' id='word_1_152' title='bbox 1072 2051 1134 2114; x_wconf 75' lang='grc' dir='ltr'><strong>τοῦ</strong></span> <span class='ocrx_word' id='word_1_153' title='bbox 1153 2034 1188 2115; x_wconf 57' lang='grc' dir='ltr'><strong>α’·</strong></span> 
     </span>
     <span class='ocr_line' id='line_1_18' title="bbox 57 2138 1189 2234; baseline 0.004 -23"><span class='ocrx_word' id='word_1_154' title='bbox 57 2138 269 2233; x_wconf 58' lang='grc' dir='ltr'><strong><em>Ἡρωδιανὸς</em></strong></span> <span class='ocrx_word' id='word_1_155' title='bbox 289 2145 371 2231; x_wconf 70' lang='grc' dir='ltr'><strong>περὶ</strong></span> <span class='ocrx_word' id='word_1_156' title='bbox 385 2150 526 2227; x_wconf 66' lang='grc' dir='ltr'><strong>παθῶν,</strong></span> <span class='ocrx_word' id='word_1_157' title='bbox 546 2149 640 2232; x_wconf 89' lang='lat' dir='ltr'><strong>cujus</strong></span> <span class='ocrx_word' id='word_1_158' title='bbox 661 2146 899 2217; x_wconf 65' lang='grc' dir='ltr'><strong>114051οΜ811</strong></span> <span class='ocrx_word' id='word_1_159' title='bbox 917 2145 1001 2213; x_wconf 83' lang='lat' dir='ltr'><strong>tutio</strong></span> <span class='ocrx_word' id='word_1_160' title='bbox 1018 2146 1081 2213; x_wconf 79' lang='lat' dir='ltr'><strong>tuit</strong></span> <span class='ocrx_word' id='word_1_161' title='bbox 1096 2148 1189 2234; x_wconf 84' lang='lat' dir='ltr'><strong>quod</strong></span> 
     </span>
     <span class='ocr_line' id='line_1_19' title="bbox 59 2246 1186 2335; baseline 0.005 -24"><span class='ocrx_word' id='word_1_162' title='bbox 59 2246 195 2313; x_wconf 81' lang='lat' dir='ltr'><strong>alterius</strong></span> <span class='ocrx_word' id='word_1_163' title='bbox 223 2247 315 2313; x_wconf 84' lang='lat' dir='ltr'><strong>nulla</strong></span> <span class='ocrx_word' id='word_1_164' title='bbox 341 2246 519 2314; x_wconf 80' lang='lat' dir='ltr'><strong>similitudo</strong></span> <span class='ocrx_word' id='word_1_165' title='bbox 545 2258 651 2325; x_wconf 84' lang='lat' dir='ltr'><strong>extat,</strong></span> <span class='ocrx_word' id='word_1_166' title='bbox 677 2248 814 2313; x_wconf 83' lang='lat' dir='ltr'><strong>alterum</strong></span> <span class='ocrx_word' id='word_1_167' title='bbox 834 2268 910 2314; x_wconf 89' lang='lat' dir='ltr'><strong>cum</strong></span> <span class='ocrx_word' id='word_1_168' title='bbox 929 2246 1082 2335; x_wconf 74' lang='grc' dir='ltr'><strong>σπλρδός</strong></span> <span class='ocrx_word' id='word_1_169' title='bbox 1105 2272 1186 2317; x_wconf 85' lang='lat' dir='ltr'><strong>oon·</strong></span> 
     </span>
     <span class='ocr_line' id='line_1_20' title="bbox 58 2342 1187 2475; baseline 0.004 -63"><span class='ocrx_word' id='word_1_170' title='bbox 58 2349 133 2415; x_wconf 81' lang='lat' dir='ltr'><strong>ferri</strong></span> <span class='ocrx_word' id='word_1_171' title='bbox 154 2358 273 2475; x_wconf 61' lang='lat' dir='ltr'><strong>potest</strong></span> <span class='ocrx_word' id='word_1_172' title='bbox 292 2348 333 2415; x_wconf 86' lang='lat' dir='ltr'><strong>ci.</strong></span> <span class='ocrx_word' id='word_1_173' title='bbox 347 2347 494 2415; x_wconf 84' lang='lat' dir='ltr'><strong>Meinoh.</strong></span> <span class='ocrx_word' id='word_1_174' title='bbox 511 2350 554 2416; x_wconf 85' lang='lat' dir='ltr'><strong>ad</strong></span> <span class='ocrx_word' id='word_1_175' title='bbox 567 2348 683 2437; x_wconf 86' lang='lat' dir='ltr'><strong>Steph.</strong></span> <span class='ocrx_word' id='word_1_176' title='bbox 675 2373 733 2436; x_wconf 89' lang='lat' dir='ltr'><strong>..p</strong></span> <span class='ocrx_word' id='word_1_177' title='bbox 725 2348 818 2417; x_wconf 84' lang='lat'><strong>.135.</strong></span> <span class='ocrx_word' id='word_1_178' title='bbox 832 2342 1187 2438; x_wconf 75' lang='grc' dir='ltr'><strong>’ΆροπιςΦιρικὺδης</strong></span> 
     </span>
     <span class='ocr_line' id='line_1_21' title="bbox 59 2443 1186 2575; baseline 0.004 -59"><span class='ocrx_word' id='word_1_179' title='bbox 59 2447 130 2519; x_wconf 78' lang='grc' dir='ltr'><strong><em>ἀντὶ</em></strong></span> <span class='ocrx_word' id='word_1_180' title='bbox 152 2456 219 2519; x_wconf 73' lang='grc' dir='ltr'><strong>τοῦ</strong></span> <span class='ocrx_word' id='word_1_181' title='bbox 235 2444 354 2529; x_wconf 79' lang='grc' dir='ltr'><em>Ῥύπες</em></span> <span class='ocrx_word' id='word_1_182' title='bbox 378 2450 463 2518; x_wconf 73' lang='grc' dir='ltr'><strong><em>κατὰ</em></strong></span> <span class='ocrx_word' id='word_1_183' title='bbox 490 2448 702 2575; x_wconf 80' lang='grc' dir='ltr'><strong><em>πλιοναρμόν</em></strong></span> <span class='ocrx_word' id='word_1_184' title='bbox 722 2450 803 2517; x_wconf 90' lang='grc' dir='ltr'><strong>ΕΜ</strong></span> <span class='ocrx_word' id='word_1_185' title='bbox 828 2448 904 2525; x_wconf 89' lang='grc'><strong>150,</strong></span> <span class='ocrx_word' id='word_1_186' title='bbox 924 2448 978 2513; x_wconf 91' lang='grc'><strong>56.</strong></span> <span class='ocrx_word' id='word_1_187' title='bbox 1000 2443 1186 2572; x_wconf 65' lang='grc' dir='ltr'><strong><em>’Άρθαςὸ</em></strong></span> 
     </span>
     <span class='ocr_line' id='line_1_22' title="bbox 59 2544 1187 2676; baseline 0.004 -60"><span class='ocrx_word' id='word_1_188' title='bbox 59 2550 233 2630; x_wconf 80' lang='grc' dir='ltr'><strong><em>Διόνυσος</em></strong></span> <span class='ocrx_word' id='word_1_189' title='bbox 254 2551 390 2638; x_wconf 73' lang='lat' dir='ltr'><strong>(sic)</strong></span> <span class='ocrx_word' id='word_1_190' title='bbox 355 2576 393 2619; x_wconf 81' lang='grc' dir='ltr'><strong>ιο</strong></span> <span class='ocrx_word' id='word_1_191' title='bbox 416 2579 439 2619; x_wconf 89' lang='grc' dir='ltr'><strong><em>α</em></strong></span> <span class='ocrx_word' id='word_1_192' title='bbox 461 2549 654 2619; x_wconf 68' lang='lat' dir='ltr'><strong>incrustator</strong></span> <span class='ocrx_word' id='word_1_193' title='bbox 677 2544 724 2628; x_wconf 84' lang='grc' dir='ltr'><strong>ὡς</strong></span> <span class='ocrx_word' id='word_1_194' title='bbox 744 2545 888 2633; x_wconf 67' lang='grc' dir='ltr'><strong><em>ἄσταχυς</em></strong></span> <span class='ocrx_word' id='word_1_195' title='bbox 913 2548 1061 2619; x_wconf 83' lang='lat' dir='ltr'><strong>Suid‘</strong></span> <span class='ocrx_word' id='word_1_196' title='bbox 1028 2576 1063 2617; x_wconf 86' lang='grc' dir='ltr'><strong>οι</strong></span> <span class='ocrx_word' id='word_1_197' title='bbox 1064 2545 1187 2676; x_wconf 50' lang='grc' dir='ltr'><strong><em>Ἴωνες</em></strong></span> 
     </span>
     <span class='ocr_line' id='line_1_23' title="bbox 59 2646 1187 2739; baseline 0.004 -23"><span class='ocrx_word' id='word_1_198' title='bbox 59 2650 92 2717; x_wconf 79' lang='grc' dir='ltr'><strong>τὸ</strong></span> <span class='ocrx_word' id='word_1_199' title='bbox 108 2646 284 2735; x_wconf 68' lang='grc' dir='ltr'><strong><em>Ἀθάμας</em></strong></span> <span class='ocrx_word' id='word_1_200' title='bbox 303 2676 364 2719; x_wconf 80' lang='grc' dir='ltr'><strong><em>ναι</em></strong></span> <span class='ocrx_word' id='word_1_201' title='bbox 365 2648 586 2739; x_wconf 70' lang='grc' dir='ltr'><strong>’ἀφαίρεσιν</strong></span> <span class='ocrx_word' id='word_1_202' title='bbox 595 2656 655 2719; x_wconf 80' lang='grc' dir='ltr'><strong>(οὔ</strong></span> <span class='ocrx_word' id='word_1_203' title='bbox 674 2678 706 2721; x_wconf 88' lang='grc' dir='ltr'><strong><em>α</em></strong></span> <span class='ocrx_word' id='word_1_204' title='bbox 715 2650 773 2719; x_wconf 74' lang='grc' dir='ltr'><strong><em>καὶ</em></strong></span> <span class='ocrx_word' id='word_1_205' title='bbox 789 2652 904 2739; x_wconf 80' lang='grc' dir='ltr'><strong><em>τροπῇ</em></strong></span> <span class='ocrx_word' id='word_1_206' title='bbox 918 2655 978 2719; x_wconf 78' lang='grc' dir='ltr'><strong>τοῦ</strong></span> <span class='ocrx_word' id='word_1_207' title='bbox 995 2660 1024 2718; x_wconf 74' lang='lat' dir='ltr'><strong>o</strong></span> <span class='ocrx_word' id='word_1_208' title='bbox 1042 2646 1093 2730; x_wconf 75' lang='grc' dir='ltr'><strong>εἷς</strong></span> <span class='ocrx_word' id='word_1_209' title='bbox 1110 2651 1150 2719; x_wconf 73' lang='grc' dir='ltr'><strong>τὸ</strong></span> <span class='ocrx_word' id='word_1_210' title='bbox 1168 2679 1187 2722; x_wconf 80' lang='grc' dir='ltr'><strong><em>ν</em></strong></span> 
     </span>
     <span class='ocr_line' id='line_1_24' title="bbox 63 2743 1187 2841; baseline 0.004 -25"><span class='ocrx_word' id='word_1_211' title='bbox 63 2749 210 2835; x_wconf 77' lang='grc' dir='ltr'><strong><em>Τάμμας</em></strong></span> <span class='ocrx_word' id='word_1_212' title='bbox 230 2753 363 2838; x_wconf 80' lang='grc' dir='ltr'><strong><em>λέγουσι</em></strong></span> <span class='ocrx_word' id='word_1_213' title='bbox 378 2752 458 2821; x_wconf 83' lang='lat' dir='ltr'><strong>Sch.</strong></span> <span class='ocrx_word' id='word_1_214' title='bbox 475 2754 591 2819; x_wconf 89' lang='lat' dir='ltr'><strong>Il.IX.</strong></span> <span class='ocrx_word' id='word_1_215' title='bbox 605 2754 676 2819; x_wconf 81' lang='lat'><strong>193.</strong></span> <span class='ocrx_word' id='word_1_216' title='bbox 695 2746 876 2838; x_wconf 77' lang='grc' dir='ltr'><strong>Ἀσσυρίην</strong></span> <span class='ocrx_word' id='word_1_217' title='bbox 892 2743 1023 2821; x_wconf 72' lang='grc' dir='ltr'><strong>εἶπε</strong></span> <span class='ocrx_word' id='word_1_218' title='bbox 987 2778 1047 2841; x_wconf 73' lang='grc' dir='ltr'><strong>την</strong></span> <span class='ocrx_word' id='word_1_219' title='bbox 1060 2753 1187 2840; x_wconf 72' lang='grc' dir='ltr'><strong><em>Συρίαν</em></strong></span> 
     </span>
     <span class='ocr_line' id='line_1_25' title="bbox 59 2852 1185 2942; baseline 0.002 -21"><span class='ocrx_word' id='word_1_220' title='bbox 59 2854 135 2921; x_wconf 86' lang='lat' dir='ltr'><strong>Sch.</strong></span> <span class='ocrx_word' id='word_1_221' title='bbox 152 2854 277 2941; x_wconf 82' lang='lat' dir='ltr'><strong>Apoll.</strong></span> <span class='ocrx_word' id='word_1_222' title='bbox 294 2854 340 2921; x_wconf 89' lang='lat' dir='ltr'><strong>H.</strong></span> <span class='ocrx_word' id='word_1_223' title='bbox 357 2854 430 2921; x_wconf 85' lang='grc'><strong>946.</strong></span> <span class='ocrx_word' id='word_1_224' title='bbox 453 2876 537 2941; x_wconf 84' lang='lat' dir='ltr'><strong>quas</strong></span> <span class='ocrx_word' id='word_1_225' title='bbox 557 2854 692 2923; x_wconf 79' lang='grc' dir='ltr'><strong><em>ιιοιιιίιιι</em></strong></span> <span class='ocrx_word' id='word_1_226' title='bbox 709 2852 870 2922; x_wconf 83' lang='lat' dir='ltr'><strong>Romanis</strong></span> <span class='ocrx_word' id='word_1_227' title='bbox 889 2872 1024 2939; x_wconf 85' lang='lat' dir='ltr'><strong>quoque</strong></span> <span class='ocrx_word' id='word_1_228' title='bbox 1043 2853 1185 2942; x_wconf 81' lang='lat' dir='ltr'><strong>scripto·</strong></span> 
     </span>
    </p>

    <p class='ocr_par' dir='ltr' id='par_1_4' title="bbox 7 2951 1248 4375">
     <span class='ocr_line' id='line_1_26' title="bbox 59 2951 1188 3077; baseline 0.002 -56"><span class='ocrx_word' id='word_1_229' title='bbox 59 2956 148 3022; x_wconf 87' lang='lat' dir='ltr'><strong>rihus</strong></span> <span class='ocrx_word' id='word_1_230' title='bbox 169 2955 345 3021; x_wconf 86' lang='lat' dir='ltr'><strong>interdum</strong></span> <span class='ocrx_word' id='word_1_231' title='bbox 365 2955 543 3024; x_wconf 84' lang='lat' dir='ltr'><strong>indiscreta</strong></span> <span class='ocrx_word' id='word_1_232' title='bbox 565 2966 650 3023; x_wconf 82' lang='lat' dir='ltr'><strong>suut.</strong></span> <span class='ocrx_word' id='word_1_233' title='bbox 691 2951 893 3043; x_wconf 75' lang='grc' dir='ltr'><strong>Ἀβριπηνή</strong></span> <span class='ocrx_word' id='word_1_234' title='bbox 913 2952 1008 3041; x_wconf 80' lang='grc' dir='ltr'><strong><em>χώρα</em></strong></span> <span class='ocrx_word' id='word_1_235' title='bbox 1027 2958 1113 3077; x_wconf 54' lang='lat' dir='ltr'><strong>rtis⁸</strong></span> <span class='ocrx_word' id='word_1_236' title='bbox 1107 2958 1188 3023; x_wconf 85' lang='lat' dir='ltr'><strong>Mo·</strong></span> 
     </span>
     <span class='ocr_line' id='line_1_27' title="bbox 59 3051 1186 3149; baseline -0.001 -26"><span class='ocrx_word' id='word_1_237' title='bbox 59 3057 133 3137; x_wconf 84' lang='grc' dir='ltr'><strong><em>σίας</em></strong></span> <span class='ocrx_word' id='word_1_238' title='bbox 163 3051 240 3127; x_wconf 76' lang='lat' dir='ltr'><strong>dmi</strong></span> <span class='ocrx_word' id='word_1_239' title='bbox 274 3055 437 3145; x_wconf 72' lang='grc' dir='ltr'><strong><em>Βρεττίας</em></strong></span> <span class='ocrx_word' id='word_1_240' title='bbox 460 3056 591 3146; x_wconf 78' lang='grc' dir='ltr'><strong><em>νύμφης</em></strong></span> <span class='ocrx_word' id='word_1_241' title='bbox 618 3056 734 3147; x_wconf 86' lang='lat' dir='ltr'><strong>Steph.</strong></span> <span class='ocrx_word' id='word_1_242' title='bbox 757 3052 956 3149; x_wconf 78' lang='grc' dir='ltr'><strong><em>’Άθομβρος</em></strong></span> <span class='ocrx_word' id='word_1_243' title='bbox 982 3078 1136 3138; x_wconf 78' lang='grc' dir='ltr'><strong><em>ποιαμος</em></strong></span> <span class='ocrx_word' id='word_1_244' title='bbox 1163 3054 1186 3144; x_wconf 77' lang='grc' dir='ltr'>ἢ</span> 
     </span>
     <span class='ocr_line' id='line_1_28' title="bbox 62 3155 1186 3245; baseline 0.004 -22"><span class='ocrx_word' id='word_1_245' title='bbox 62 3156 231 3245; x_wconf 78' lang='grc' dir='ltr'><strong><em>Θύμβρος</em></strong></span> <span class='ocrx_word' id='word_1_246' title='bbox 255 3158 339 3224; x_wconf 88' lang='grc' dir='ltr'><strong>ΕΜ.</strong></span> <span class='ocrx_word' id='word_1_247' title='bbox 360 3157 419 3236; x_wconf 90' lang='grc'><strong>45,</strong></span> <span class='ocrx_word' id='word_1_248' title='bbox 442 3158 494 3225; x_wconf 87' lang='grc'><strong>21.</strong></span> <span class='ocrx_word' id='word_1_249' title='bbox 522 3161 577 3227; x_wconf 84' lang='lat' dir='ltr'><strong>Dc</strong></span> <span class='ocrx_word' id='word_1_250' title='bbox 600 3158 768 3227; x_wconf 80' lang='lat' dir='ltr'><strong>vocabulis</strong></span> <span class='ocrx_word' id='word_1_251' title='bbox 793 3155 970 3224; x_wconf 75' lang='lat' dir='ltr'><strong>rarioribus</strong></span> <span class='ocrx_word' id='word_1_252' title='bbox 995 3157 1186 3244; x_wconf 73' lang='lat' dir='ltr'><strong>praesertim</strong></span> 
     </span>
     <span class='ocr_line' id='line_1_29' title="bbox 58 3255 1185 3363; baseline 0.004 -40"><span class='ocrx_word' id='word_1_253' title='bbox 58 3256 209 3325; x_wconf 76' lang='lat' dir='ltr'><strong>barbaris</strong></span> <span class='ocrx_word' id='word_1_254' title='bbox 228 3280 330 3345; x_wconf 81' lang='lat' dir='ltr'><strong>saepe</strong></span> <span class='ocrx_word' id='word_1_255' title='bbox 347 3258 513 3363; x_wconf 76' lang='lat' dir='ltr'><strong>dubitetur</strong></span> <span class='ocrx_word' id='word_1_256' title='bbox 531 3272 638 3329; x_wconf 79' lang='lat' dir='ltr'><strong>utrum</strong></span> <span class='ocrx_word' id='word_1_257' title='bbox 652 3262 741 3327; x_wconf 84' lang='lat' dir='ltr'><strong>idem</strong></span> <span class='ocrx_word' id='word_1_258' title='bbox 755 3255 941 3347; x_wconf 73' lang='lat' dir='ltr'><strong>significent</strong></span> <span class='ocrx_word' id='word_1_259' title='bbox 954 3280 997 3323; x_wconf 85' lang='lat' dir='ltr'><strong>uu</strong></span> <span class='ocrx_word' id='word_1_260' title='bbox 1012 3258 1185 3339; x_wconf 76' lang='lat' dir='ltr'><strong>diversum.</strong></span> 
     </span>
     <span class='ocr_line' id='line_1_30' title="bbox 60 3354 1186 3449; baseline 0 -23"><span class='ocrx_word' id='word_1_261' title='bbox 60 3362 146 3427; x_wconf 86' lang='lat' dir='ltr'><strong>velut</strong></span> <span class='ocrx_word' id='word_1_262' title='bbox 166 3360 367 3449; x_wconf 78' lang='lat' dir='ltr'><strong>Stephanus</strong></span> <span class='ocrx_word' id='word_1_263' title='bbox 392 3384 466 3429; x_wconf 88' lang='lat' dir='ltr'><strong>cum</strong></span> <span class='ocrx_word' id='word_1_264' title='bbox 486 3360 652 3441; x_wconf 79' lang='grc' dir='ltr'><strong><em>Ἀπαισός</em></strong></span> <span class='ocrx_word' id='word_1_265' title='bbox 678 3372 713 3429; x_wconf 89' lang='lat' dir='ltr'><strong>st</strong></span> <span class='ocrx_word' id='word_1_266' title='bbox 735 3360 868 3440; x_wconf 82' lang='grc' dir='ltr'><strong><em>Παιοός</em></strong></span> <span class='ocrx_word' id='word_1_267' title='bbox 892 3354 1043 3429; x_wconf 80' lang='lat' dir='ltr'><strong>coniert’</strong></span> <span class='ocrx_word' id='word_1_268' title='bbox 1044 3355 1186 3448; x_wconf 79' lang='grc' dir='ltr'><strong><em>Ἀιορνα</em></strong></span> 
     </span>
     <span class='ocr_line' id='line_1_31' title="bbox 61 3460 1186 3551; baseline 0.001 -23"><span class='ocrx_word' id='word_1_269' title='bbox 61 3474 92 3528; x_wconf 85' lang='lat' dir='ltr'><strong>et</strong></span> <span class='ocrx_word' id='word_1_270' title='bbox 108 3462 243 3551; x_wconf 86' lang='grc' dir='ltr'><strong><em>Τάρνα,</em></strong></span> <span class='ocrx_word' id='word_1_271' title='bbox 263 3461 457 3529; x_wconf 84' lang='lat' dir='ltr'><strong>Eustathius</strong></span> <span class='ocrx_word' id='word_1_272' title='bbox 471 3484 549 3530; x_wconf 85' lang='lat' dir='ltr'><strong>voro</strong></span> <span class='ocrx_word' id='word_1_273' title='bbox 563 3465 723 3531; x_wconf 83' lang='lat' dir='ltr'><strong>Ataruam</strong></span> <span class='ocrx_word' id='word_1_274' title='bbox 735 3463 866 3551; x_wconf 85' lang='lat' dir='ltr'><strong>Mysiae</strong></span> <span class='ocrx_word' id='word_1_275' title='bbox 881 3463 1037 3550; x_wconf 72' lang='lat' dir='ltr'><strong>assignet,</strong></span> <span class='ocrx_word' id='word_1_276' title='bbox 1053 3460 1186 3529; x_wconf 82' lang='lat' dir='ltr'><strong>Tarneu</strong></span> 
     </span>
     <span class='ocr_line' id='line_1_32' title="bbox 59 3558 1186 3653; baseline -0.004 -20"><span class='ocrx_word' id='word_1_277' title='bbox 59 3565 231 3653; x_wconf 80' lang='lat' dir='ltr'><strong>thsjae3</strong></span> <span class='ocrx_word' id='word_1_278' title='bbox 248 3560 404 3652; x_wconf 78' lang='grc' dir='ltr'><strong><em>Ἀιύφας</em></strong></span> <span class='ocrx_word' id='word_1_279' title='bbox 420 3558 528 3648; x_wconf 69' lang='grc' dir='ltr'><strong><em>ὄνομα</em></strong></span> <span class='ocrx_word' id='word_1_280' title='bbox 546 3563 691 3643; x_wconf 83' lang='grc' dir='ltr'><strong>πόλεως,</strong></span> <span class='ocrx_word' id='word_1_281' title='bbox 707 3562 828 3653; x_wconf 78' lang='grc' dir='ltr'><strong><em>Κύφας</em></strong></span> <span class='ocrx_word' id='word_1_282' title='bbox 845 3562 967 3651; x_wconf 75' lang='grc' dir='ltr'><strong><em>χωρίον</em></strong></span> <span class='ocrx_word' id='word_1_283' title='bbox 980 3565 1186 3650; x_wconf 73' lang='grc' dir='ltr'><strong><em>Λακωνικῆς</em></strong></span> 
     </span>
     <span class='ocr_line' id='line_1_33' title="bbox 60 3661 1186 3753; baseline -0.003 -19"><span class='ocrx_word' id='word_1_284' title='bbox 60 3666 294 3735; x_wconf 83' lang='lat' dir='ltr'><strong>Chosrohosc.</strong></span> <span class='ocrx_word' id='word_1_285' title='bbox 318 3663 400 3733; x_wconf 78' lang='lat' dir='ltr'><strong>ean.</strong></span> <span class='ocrx_word' id='word_1_286' title='bbox 422 3667 475 3735; x_wconf 81' lang='lat'><strong>39.</strong></span> <span class='ocrx_word' id='word_1_287' title='bbox 506 3661 622 3753; x_wconf 80' lang='grc' dir='ltr'><strong><em>Κύφος</em></strong></span> <span class='ocrx_word' id='word_1_288' title='bbox 646 3664 864 3732; x_wconf 85' lang='lat' dir='ltr'><strong>Perrhaebiae</strong></span> <span class='ocrx_word' id='word_1_289' title='bbox 891 3664 1065 3753; x_wconf 87' lang='lat' dir='ltr'><strong>oppidum,</strong></span> <span class='ocrx_word' id='word_1_290' title='bbox 1094 3664 1186 3751; x_wconf 86' lang='lat' dir='ltr'><strong>quod</strong></span> 
     </span>
     <span class='ocr_line' id='line_1_34' title="bbox 60 3765 1248 3853; baseline 0.001 -20"><span class='ocrx_word' id='word_1_291' title='bbox 60 3766 338 3835; x_wconf 86' lang='lat' dir='ltr'><strong>Hemsterhusius</strong></span> <span class='ocrx_word' id='word_1_292' title='bbox 360 3766 403 3831; x_wconf 87' lang='lat' dir='ltr'><strong>ad</strong></span> <span class='ocrx_word' id='word_1_293' title='bbox 417 3765 506 3832; x_wconf 87' lang='lat' dir='ltr'><strong>Plut.</strong></span> <span class='ocrx_word' id='word_1_294' title='bbox 526 3789 559 3852; x_wconf 89' lang='lat' dir='ltr'><strong>p.</strong></span> <span class='ocrx_word' id='word_1_295' title='bbox 573 3765 644 3831; x_wconf 91' lang='grc'><strong>116.</strong></span> <span class='ocrx_word' id='word_1_296' title='bbox 661 3765 702 3831; x_wconf 87' lang='lat' dir='ltr'><strong>sb</strong></span> <span class='ocrx_word' id='word_1_297' title='bbox 713 3766 911 3853; x_wconf 88' lang='lat' dir='ltr'><strong>Acyphante</strong></span> <span class='ocrx_word' id='word_1_298' title='bbox 931 3790 999 3835; x_wconf 92' lang='lat' dir='ltr'><strong>non</strong></span> <span class='ocrx_word' id='word_1_299' title='bbox 1021 3766 1185 3834; x_wconf 76' lang='lat' dir='ltr'><strong>diversum</strong></span> <span class='ocrx_word' id='word_1_300' title='bbox 1245 3774 1248 3780; x_wconf 86' lang='lat'>&#39;</span> 
     </span>
     <span class='ocr_line' id='line_1_35' title="bbox 61 3864 1185 3956; baseline -0.004 -21"><span class='ocrx_word' id='word_1_301' title='bbox 61 3880 162 3956; x_wconf 85' lang='lat' dir='ltr'><strong>putat.</strong></span> <span class='ocrx_word' id='word_1_302' title='bbox 211 3870 367 3934; x_wconf 86' lang='lat' dir='ltr'><strong>Montem</strong></span> <span class='ocrx_word' id='word_1_303' title='bbox 388 3876 421 3932; x_wconf 88' lang='lat' dir='ltr'><strong>et</strong></span> <span class='ocrx_word' id='word_1_304' title='bbox 442 3866 608 3933; x_wconf 86' lang='lat' dir='ltr'><strong>castellum</strong></span> <span class='ocrx_word' id='word_1_305' title='bbox 626 3864 744 3933; x_wconf 87' lang='lat' dir='ltr'><strong>Coeles</strong></span> <span class='ocrx_word' id='word_1_306' title='bbox 767 3867 882 3953; x_wconf 87' lang='lat' dir='ltr'><strong>Syriae</strong></span> <span class='ocrx_word' id='word_1_307' title='bbox 897 3867 1010 3934; x_wconf 82' lang='lat' dir='ltr'><strong>Tabor</strong></span> <span class='ocrx_word' id='word_1_308' title='bbox 1023 3866 1185 3953; x_wconf 86' lang='lat' dir='ltr'><strong>Polybius</strong></span> 
     </span>
     <span class='ocr_line' id='line_1_36' title="bbox 55 3966 1186 4057; baseline -0.006 -22"><span class='ocrx_word' id='word_1_309' title='bbox 55 3966 261 4057; x_wconf 72' lang='grc' dir='ltr'><strong><em>Ἀταβύριον</em></strong></span> <span class='ocrx_word' id='word_1_310' title='bbox 292 3968 421 4035; x_wconf 85' lang='lat' dir='ltr'><strong>vocavit</strong></span> <span class='ocrx_word' id='word_1_311' title='bbox 455 3966 625 4033; x_wconf 82' lang='lat' dir='ltr'><strong>oberrante</strong></span> <span class='ocrx_word' id='word_1_312' title='bbox 655 3969 775 4034; x_wconf 90' lang='lat' dir='ltr'><strong>montis</strong></span> <span class='ocrx_word' id='word_1_313' title='bbox 804 3969 928 4035; x_wconf 85' lang='lat' dir='ltr'><strong>Rhodii</strong></span> <span class='ocrx_word' id='word_1_314' title='bbox 959 3969 1116 4034; x_wconf 85' lang='lat' dir='ltr'><strong>memoria</strong></span> <span class='ocrx_word' id='word_1_315' title='bbox 1148 3975 1186 4030; x_wconf 90' lang='lat' dir='ltr'><strong>ut</strong></span> 
     </span>
     <span class='ocr_line' id='line_1_37' title="bbox 62 4066 1184 4159; baseline -0.007 -21"><span class='ocrx_word' id='word_1_316' title='bbox 62 4070 399 4159; x_wconf 82' lang='lat' dir='ltr'><strong>Schweighauoserus</strong></span> <span class='ocrx_word' id='word_1_317' title='bbox 422 4068 606 4157; x_wconf 81' lang='lat' dir='ltr'><strong>auspicatur</strong></span> <span class='ocrx_word' id='word_1_318' title='bbox 627 4068 669 4134; x_wconf 86' lang='lat' dir='ltr'><strong>ad</strong></span> <span class='ocrx_word' id='word_1_319' title='bbox 687 4066 731 4135; x_wconf 87' lang='lat' dir='ltr'><strong>L.</strong></span> <span class='ocrx_word' id='word_1_320' title='bbox 752 4070 795 4137; x_wconf 88' lang='lat' dir='ltr'><strong>V.</strong></span> <span class='ocrx_word' id='word_1_321' title='bbox 818 4070 868 4135; x_wconf 92' lang='grc'><strong>70.</strong></span> <span class='ocrx_word' id='word_1_322' title='bbox 890 4068 1086 4137; x_wconf 86' lang='lat' dir='ltr'><strong>Benselerus</strong></span> <span class='ocrx_word' id='word_1_323' title='bbox 1106 4086 1184 4130; x_wconf 87' lang='lat' dir='ltr'><strong>vero</strong></span> 
     </span>
     <span class='ocr_line' id='line_1_38' title="bbox 62 4162 1185 4259; baseline -0.006 -20"><span class='ocrx_word' id='word_1_324' title='bbox 62 4174 102 4239; x_wconf 90' lang='lat' dir='ltr'><strong>de</strong></span> <span class='ocrx_word' id='word_1_325' title='bbox 113 4174 208 4239; x_wconf 83' lang='lat' dir='ltr'><strong>Hiat.</strong></span> <span class='ocrx_word' id='word_1_326' title='bbox 219 4172 296 4241; x_wconf 84' lang='lat'><strong>235.</strong></span> <span class='ocrx_word' id='word_1_327' title='bbox 314 4181 351 4239; x_wconf 88' lang='lat' dir='ltr'><strong>ut</strong></span> <span class='ocrx_word' id='word_1_328' title='bbox 365 4170 472 4239; x_wconf 80' lang='lat' dir='ltr'><strong>hiatus</strong></span> <span class='ocrx_word' id='word_1_329' title='bbox 492 4168 632 4250; x_wconf 87' lang='lat' dir='ltr'><strong>tollatur,</strong></span> <span class='ocrx_word' id='word_1_330' title='bbox 656 4168 823 4259; x_wconf 77' lang='grc' dir='ltr'><strong><em>Ταβύριον</em></strong></span> <span class='ocrx_word' id='word_1_331' title='bbox 843 4170 983 4259; x_wconf 90' lang='lat' dir='ltr'><strong>reponit.</strong></span> <span class='ocrx_word' id='word_1_332' title='bbox 1024 4162 1185 4234; x_wconf 86' lang='lat' dir='ltr'><strong>Boeotiae</strong></span> 
     </span>
     <span class='ocr_line' id='line_1_39' title="bbox 7 4264 1185 4375; baseline -0.006 -34"><span class='ocrx_word' id='word_1_333' title='bbox 7 4358 8 4375; x_wconf 13' lang='grc' dir='ltr'><strong><em>ρ</em></strong></span> <span class='ocrx_word' id='word_1_334' title='bbox 62 4274 135 4341; x_wconf 86' lang='lat' dir='ltr'><strong>ions</strong></span> <span class='ocrx_word' id='word_1_335' title='bbox 149 4271 333 4362; x_wconf 82' lang='grc' dir='ltr'><strong><em>Ἀνιόαλίη</em></strong></span> <span class='ocrx_word' id='word_1_336' title='bbox 351 4272 536 4339; x_wconf 85' lang='lat' dir='ltr'><strong>nominatur</strong></span> <span class='ocrx_word' id='word_1_337' title='bbox 551 4282 584 4339; x_wconf 85' lang='lat' dir='ltr'><strong>ot</strong></span> <span class='ocrx_word' id='word_1_338' title='bbox 600 4270 759 4349; x_wconf 74' lang='lat' dir='ltr'><strong>thutr&#39;o.</strong></span> <span class='ocrx_word' id='word_1_339' title='bbox 780 4292 863 4357; x_wconf 75' lang='lat' dir='ltr'><strong>geue</strong></span> <span class='ocrx_word' id='word_1_340' title='bbox 877 4270 1012 4355; x_wconf 76' lang='lat' dir='ltr'><strong>antiqua</strong></span> <span class='ocrx_word' id='word_1_341' title='bbox 1024 4264 1185 4345; x_wconf 75' lang='lat' dir='ltr'><strong>Phocidis</strong></span> 
     </span>
    </p>
   </div>
   <div class='ocr_carea' id='block_1_3' title="bbox 0 0 1418 4809">
    <p class='ocr_par' dir='ltr' id='par_1_5' title="bbox 0 0 1418 4809">
     <span class='ocr_line' id='line_1_40' title="bbox 0 0 1418 4809; baseline 0 1"><span class='ocrx_word' id='word_1_342' title='bbox 0 0 1418 4809; x_wconf 95' lang='lat' dir='ltr'><strong> </strong></span> 
     </span>
    </p>
   </div>
  </div>
 </body>
</html>
