2825 4809
173 360 183 367 .
242 326 319 400 auu
539 316 860 387 nrssnarnuro
888 318 936 385 11.
977 318 1068 386 nn
1115 386 1126 393 .

247 507 333 577 Cum
347 506 464 594 γραῦς,
480 508 582 591 γραῖα
603 513 789 591 congruunt
806 506 993 590 germanica
1008 506 1100 573 Grcir
1120 516 1152 571 et
1165 528 1255 591 ακαιιι,
1272 532 1328 577 cun

246 604 381 699 γεραιός
403 628 481 673 vero
509 605 615 693 γέρων
643 616 677 673 et
699 607 810 692 γέρας,
837 607 927 673 unde
953 604 1072 695 ypuro'g
1093 608 1208 675 dictum
1225 612 1329 677 volunt:

247 705 383 798 ypovooi
407 703 430 796 ἢ
457 706 570 793 γρυνοί
596 706 639 775 τά
667 711 733 773 τῶν
759 704 969 796 γερανδράων
990 706 1072 789 ξύλα
1098 705 1144 787 nic
1163 709 1199 777 τὸ
1221 714 1330 798 γέροντα

246 810 385 899 γέρυνα·
410 807 559 875 κλίνεται
581 808 717 895 γέρανος
738 803 897 895 γρννάςλ)
922 811 1002 876 ΕΜ.
1025 811 1105 889 241,
1127 811 1177 902 bl.
1191 834 1274 899 *quae
1290 836 1332 877 su-

248 912 359 999 spicor
385 911 432 975 ita
461 909 647 996 supplenda
673 931 764 975 esset
791 906 850 975 τὸν
870 912 1008 997 γέροντα
1032 913 1151 998 γέριινα
1171 913 1262 999 φασίν
1279 907 1333 981 άπὸ

247 1018 306 1083 τοῦ
331 1010 444 1099 γέραν·
473 1018 571 1078 ταῦτα
599 1008 746 1078 κλίνεται
772 1011 869 1095 γέραν
898 1011 1033 1097 γέρανος
1056 1012 1114 1079 καί
1140 1008 1335 1100 precipitari

249 1111 359 1203 γενικὴ
390 1108 439 1188 είς
468 1105 607 1179 εὐθεῖαν
632 1104 650 1176 ὁ
681 1111 816 1195 γέρανος
843 1110 902 1177 καί
928 1117 1083 1201 συγκοπῇ
1111 1109 1234 1200 γρννάς,
1264 1117 1337 1199 quod

248 1237 369 1283 numen
393 1211 504 1280 Schol.
527 1210 696 1297 Lycophr.
718 1210 771 1275 86.
797 1233 857 1297 per
883 1206 987 1289 δαλάς
1011 1212 1168 1299 explicat,
1195 1215 1336 1281 titionibus
1379 1221 1381 1288 t

250 1327 360 1387 autem
390 1322 619 1400 comparantur
646 1312 746 1377 vetuli
757 1313 801 1397 ⁸).
845 1312 914 1379 Sed
939 1335 1085 1399 pergam.
1120 1312 1173 1380 Αί
1196 1312 1335 1393 Πλειάδες
1379 1305 1380 1340 ³

241 1416 402 1503 Ιλέγονται
423 1416 568 1482 Πέλειαι
591 1412 647 1480 καί
668 1410 853 1492 Πελειάδες
872 1413 994 1479 Athen.
1017 1414 1083 1480 XI.
1106 1416 1180 1481 490.
1200 1417 1237 1482 Ε.
1258 1418 1334 1501 idque
1379 1479 1380 1482 ,

251 1520 421 1587 confirmat
447 1524 618 1601 poetarum
644 1514 852 1592 testimoniis,
883 1514 940 1598 qui
964 1515 1109 1581 fabulam
1133 1518 1219 1581 illam
1239 1518 1274 1583 dc
1292 1540 1334 1583 co-

250 1618 369 1686 lumbis
391 1618 416 1684 J
418 1616 486 1681 ovis
511 1614 690 1679 nutricibus
715 1616 925 1700 postmodum
949 1617 985 1681 in
1009 1618 1140 1683 coelum
1167 1618 1283 1683 sublatis
1302 1642 1334 1681 ex

252 1718 462 1791 similitudine
480 1715 668 1803 appellativi
684 1716 818 1782 finxisse
830 1717 996 1795 videntur;
1014 1719 1076 1783 sed
1092 1718 1175 1785 haec
1190 1719 1333 1783 similitudo
1379 1755 1380 1760 κ

250 1821 383 1891 fortuita
411 1828 470 1885 est.
521 1818 608 1882 Nam
637 1816 807 1883 columbae
838 1840 905 1883 non
932 1816 1093 1898 πλειάδες
1125 1832 1270 1905 vocantu
1291 1822 1336 1885 scd

251 1918 427 1997 πελειάδες
444 1919 496 1983 vel
513 1918 648 1985 πέλειαι
670 1917 765 2005 παρὰ
786 1917 824 1985 ιδ
848 1917 972 1986 πελλάν
989 1919 1078 1986 Gud.
1088 1922 1165 1999 458,
1176 1922 1226 1987 25.
1243 1922 1337 1986 Parall.

250 2024 324 2091 347.
344 2020 498 2107 vergiliae
520 2028 629 2083 autem
647 2012 718 2086 άπὸ
741 2022 803 2085 τοῦ
824 2020 930 2098 πλεῖν,
952 2016 1007 2085 dvc
1026 2019 1189 2108 χρήσιμοί
1208 2019 1269 2090 ελαι
1285 2027 1339 2099 ταῖς

250 2125 403 2193 πλέουσι.
448 2122 473 2188 J
474 2144 527 2185 am
547 2129 585 2185 ut
606 2120 649 2185 ad
670 2118 823 2203 syntheta
846 2119 988 2197 veniam,
1015 2120 1157 2207 primum
1177 2122 1338 2190 Eustatbius

252 2226 329 2302 710,
352 2223 403 2287 50.
429 2220 557 2286 dubitat
582 2229 690 2285 uuum
714 2214 946 2306 άρθάκραιρας
969 2220 1057 2287 idem
1082 2224 1126 2288 sit
1149 2226 1236 2310 quod
1255 2220 1340 2310 ὀρθι-

251 2325 399 2413 utpotae
420 2345 463 2387 an
485 2316 715 2407 ὀρθακέραιον
741 2320 920 2405 significet,
948 2344 986 2387 ac
1008 2324 1037 2387 si
1062 2347 1132 2389 rem
1160 2350 1181 2390 a
1200 2327 1281 2393 ionte
1302 2346 1342 2388 re-

250 2424 403 2513 petimus,
425 2422 539 2507 utique
556 2444 623 2487 non
643 2422 781 2487 multum
799 2422 948 2499 interest3
967 2446 1043 2489 nam
1064 2422 1167 2511 κάρα,
1190 2432 1301 2514 κραῖρα
1319 2435 1342 2488 et

251 2528 358 2611 κέρας.
379 2524 525 2615 ejusdem
548 2523 689 2589 familiae
715 2533 809 2600 sunt3
839 2525 900 2589 sed
925 2525 953 2589 si
974 2525 1102 2591 comati
1128 2522 1341 2613 ὀρθόκρανον,

249 2624 479 2713 νανάκραιροι,
504 2618 676 2710 εἷίκραιροι
694 2635 860 2702 vocantur,
880 2627 1018 2713 propius
1036 2635 1086 2691 est
1101 2627 1204 2715 κέρας
1219 2637 1250 2692 et
1261 2627 1344 2711 signi-
1379 2706 1381 2710 .

250 2730 384 2798 ficanter
411 2723 575 2811 Agathino
607 2724 642 2788 in
671 2726 788 2811 Epigr.
821 2724 985 2814 δικραίρῳ
1018 2729 1162 2814 opponit
1193 2729 1342 2810 δικέρωτα,
1379 2778 1381 2785 .

251 2850 417 2914 quumque
439 2826 538 2912 κέρας
562 2826 603 2889 de
625 2826 715 2891 omni
739 2826 888 2891 acumine
910 2827 1045 2906 dicatur,
1070 2829 1171 2893 etiam
1191 2852 1283 2893 naves
1303 2823 1343 2892 εί·

248 2930 408 3018 κραίρανς
429 2938 463 2995 et
483 2924 735 3015 δρθακραίρους
753 2939 886 2994 vocatas
909 2949 981 2993 esse
1002 2943 1071 2995 non
1090 2931 1254 2996 miramur.
1293 2933 1344 2993 Its·
1379 2987 1381 2990 .

249 3030 398 3118 (νάςβολα
423 3040 455 3095 et
476 3024 646 3115 κράςβαλα,
655 3021 849 3111 Hesychius
868 3051 934 3093 uno
952 3031 1052 3095 modo
1073 3032 1220 3118 explicat
1238 3027 1267 3097 oi
1283 3027 1343 3111 περὶ

248 3132 291 3199 νά
315 3132 438 3216 κέρατα
461 3128 622 3212 κόλλαβον
644 3127 846 3212 δερμάτινον.
878 3131 1088 3198 Zenodoteae
1109 3133 1285 3219 scripturae
1299 3152 1346 3209 με·
1379 3193 1381 3196 .

248 3228 322 3319 λίην
352 3228 536 3297 ίέδακτίωνα
567 3227 779 3294 Aristarchus
806 3232 961 3314 praetulit
994 3228 1188 3300 identitare
1222 3232 1282 3297 hoc
1308 3237 1346 3292 est

248 3328 309 3396 ίδύ
329 3330 513 3414 πετομένην
529 3329 595 3407 vel,
614 3340 651 3394 ut
669 3352 734 3394 uno
752 3329 851 3396 verbo
870 3332 1017 3411 reddam,
1034 3330 1217 3421 ίθυπνῆνα.
1248 3329 1347 3415 Rejicit
1379 3389 1380 3394 ,

247 3564 299 3617 sed
318 3578 335 3615 a
353 3564 439 3635 γρηῦς
458 3562 613 3617 derivatum
630 3570 662 3616 ut
683 3559 765 3632 νήιος.
799 3564 853 3619 Ille
871 3566 919 3636 qni
938 3573 1023 3637 γραῖα
1041 3586 1217 3638 paronymon
1237 3564 1347 3621 esse'ne-
1379 3585 1381 3626 ς

247 3634 326 3719 gavit
342 3665 368 3702 ν.
381 3648 481 3701 Lehrs.
498 3649 534 3701 ad
546 3648 655 3701 Herod
670 3650 730 3703 352.
746 3656 795 3703 aut
811 3668 864 3722 pro
877 3650 1018 3722 primitivo
1034 3653 1132 3707 habuit
1148 3662 1211 3719 aut,
1231 3660 1261 3706 ut
1273 3647 1380 3710 multi
1379 3683 1380 3686 =

246 3737 284 3807 ad
302 3735 419 3789 verbum
437 3736 506 3808 ῥαίω
525 3732 621 3789 retulit
639 3740 667 3787 et
688 3752 803 3805 compar
819 3742 887 3805 γαῖα
906 3739 945 3790 ad
962 3744 1044 3807 γαλεν.

317 3830 343 3895 7)
365 3826 433 3881 Tria
453 3826 502 3879 ult‘
483 3834 550 3879 tuna
569 3828 656 3881 verba
676 3828 856 3898 negligenter
876 3830 969 3883 omisit
989 3809 1165 3886 Gaissordns.
1200 3836 1289 3906 Γέρυν
1304 3844 1380 3899 pru
1379 3793 1380 3822 u

245 3916 339 3988 γέρων
356 3914 477 3967 fortasse
497 3910 636 3967 aeolicum
655 3920 699 3965 est
716 3920 748 3966 ut
764 3918 859 3969 ιέκνυν
876 3915 980 3969 Parall.
995 3918 1056 3973 20⁰.

316 4008 346 4076 8)
363 4001 479 4064 ,Acrisii
465 4002 630 4080 ηάπερήλιξ
646 4007 716 4060 Ηεε.
729 4025 755 4061 ν.
771 4008 888 4064 Jacobs.
901 4009 1022 4063 Animm
1034 4011 1072 4062 ad
1082 4010 1178 4064 Anuli.
1193 4010 1229 4063 T.
1242 4010 1265 4062 Ι.
1276 4026 1301 4078 p.
1311 4005 1347 4058 00

246 4100 276 4147 et
287 4094 325 4149 11.
337 4096 396 4149 281.
410 4092 460 4149 ubi
474 4091 649 4146 Artemidori
665 4093 753 4146 verba
770 4094 838 4166 δρῦς
853 4097 936 4163 δηλοῖ
951 4093 999 4150 τὸν
1015 4089 1171 4168 πρεσβαιην
1187 4102 1217 4148 et
1232 4091 1353 4147 similiter

244 4180 379 4233 translata
350 4179 522 4246 tconfert3
542 4175 663 4231 vicissim
680 4195 783 4233 nomen
799 4186 885 4250 γραία
902 4179 1057 4235 traducitur
1076 4183 1113 4233 ad
1131 4179 1247 4238 frutices
1265 4175 1347 4231 aridae

246 4266 276 4315 et
292 4263 454 4329 retorridas,
470 4268 557 4336 γραλα
574 4264 664 4337 ἐρείκη
682 4271 737 4319 etc.
755 4268 848 4339 γέρων
865 4265 954 4340 ἰρινός
970 4266 1105 4322 Proverb.
1118 4266 1192 4339 App.
1205 4266 1229 4320 1.
1246 4265 1285 4318 tt.
