2825 4809
239 335 314 408 398
524 271 845 396 DISSERTATIO
872 325 920 390 11.
962 326 1004 391 P.
1021 325 1069 392 II.

238 513 581 604 paraschemetismum
608 511 778 578 referimus
804 534 835 576 v.
862 511 902 576 P.
924 511 953 576 l.
983 533 1012 576 c.
1033 510 1099 575 111.
1128 513 1155 594 ξ.
1177 511 1210 575 2.
1256 509 1342 592 Quod

136 681 138 696 ,
240 627 384 702 oxytona
410 612 547 701 ἑραννός
569 624 602 680 et
624 613 745 692 νοσοός
763 635 832 680 non
853 623 978 678 mutata
998 625 1093 690 sunt,
1115 612 1255 678 fortasse
1280 611 1340 677 ohe·

238 717 356 784 racteri
382 715 582 793 tribuerunt3
613 737 691 780 nam
723 714 767 782 τὰ
800 713 859 782 διὰ
882 709 942 782 δύο
960 703 1003 782 'si
1028 711 1182 794 ὀξύνεται
1212 708 1340 799 ἑραννός,

239 815 413 906 ἅργοννός,
442 813 595 894 κελαινός
623 814 870 912 (ssia—rimor),
901 814 1068 903 ἑρεβοννός
1093 816 1173 880 Arc.
1194 812 1250 890 63,
1272 813 1300 877 4.
1318 824 1343 878 et

240 921 362 1008 pariter
383 919 585 985 substantiva
604 919 639 982 in
660 943 742 996 σοος
762 915 925 1003 bisyilaba
943 914 1083 1002 βυσοός,
1106 911 1227 993 κισσός
1248 925 1344 1015 Q

240 1045 326 1109 quae
347 1021 435 1087 huno
456 1042 626 1086 numerum
648 1019 814 1086 excedunt
831 1019 980 1085 locorum
1003 1017 1163 1084 vocabula
1189 1018 1227 1082 in
1255 1041 1344 1096 αοοος
1389 1037 1391 1076 ³

240 1135 272 1191 et
289 1112 398 1211 ηο-σ-ος
420 1122 574 1188 exeuntia
590 1116 807 1210 Λυρνηοοός,
837 1119 1033 1209 Ταριηοσός
1054 1130 1115 1186 eto.
1144 1141 1287 1203 quorum
1304 1131 1343 1205 ty·

239 1249 320 1314 pum
352 1225 498 1310 sequitur
529 1245 649 1288 nomen
680 1244 828 1310 syncope
859 1222 1013 1287 affectum
1046 1233 1084 1286 nt
1111 1220 1301 1308 Stephanus
1323 1246 1343 1286 s.
1390 1247 1391 1275 ;

235 1323 444 1413 Ἀγάθυρσοι
474 1324 586 1390 refert:
621 1321 689 1392 ἀπὸ
728 1328 786 1389 τοῦ
820 1321 1026 1409 Καβακηαός
1062 1318 1171 1389 οἷἐοαι
1207 1323 1344 1406 Δίδυμος
1390 1323 1391 1330 '

240 1425 325 1494 κατὰ
346 1424 515 1512 ουγκοουὴν
538 1423 576 1494 τὸ
600 1422 793 1509 Καβασσός.
835 1424 1009 1490 Postremo
1030 1419 1148 1512 κεβλή,
1178 1425 1274 1510 quod
1291 1426 1344 1490 Ar·
1389 1447 1391 1480 2

241 1527 355 1594 cadius
374 1526 446 1602 107,
469 1526 584 1610 23,12)
606 1524 770 1590 diversum
792 1524 833 1590 ab
855 1524 1075 1612 homophonis
1096 1522 1196 1612 αἴγλη
1218 1535 1280 1592 etc.
1299 1549 1344 1592 ac·
1390 1547 1391 1552 ’

241 1638 372 1696 centum
394 1626 514 1692 habere
544 1626 639 1704 dicit,
667 1626 799 1712 saepius
828 1625 1012 1712 bmytonon
1033 1637 1085 1691 est
1104 1627 1185 1693 EM.
1209 1628 1281 1706 498,
1299 1629 1344 1694 41.
1390 1649 1391 1662 ’

240 1730 352 1799 Schol.
379 1729 482 1795 Arist.
511 1730 595 1794 Avv.
617 1728 690 1794 305.
714 1739 748 1793 et
766 1729 819 1793 all.
848 1725 977 1810 Λιχνός
999 1749 1019 1791 a
1039 1725 1172 1808 λλχανος
1194 1729 1344 1815 significa-

241 1832 329 1898 tione
356 1830 559 1896 discernitur.
586 1867 627 1878 —-
658 1829 779 1895 Eidem
809 1851 977 1916 syncopae
1002 1828 1180 1913 subjiciunt
1209 1831 1345 1917 δοροξός,
1389 1848 1391 1882 ¹

240 1933 331 2021 quod
363 1955 437 1998 cum
469 1929 567 2010 λοξός
599 1941 660 1996 etc.
693 1931 832 1997 conferri
863 1942 973 2018 potest
1004 1955 1034 1996 v.
1066 1931 1187 1996 Parall.
1215 1931 1346 2015 404111.

240 2029 388 2120 νεογνός,
418 2028 564 2119 βοηθός,
594 2033 654 2097 sed
681 2033 724 2098 de
750 2033 973 2099 catabibasmo
994 2034 1121 2098 nullum
1140 2032 1279 2098 verbum
1297 2034 1347 2097 ad·
1390 2049 1391 2088 1

239 2137 332 2201 dunt.
376 2135 570 2200 rotantem
590 2134 688 2199 rebus
712 2135 918 2200 obstantibus
939 2146 1078 2222 apparet
1097 2135 1247 2221 regulam
1265 2135 1347 2199 istan

240 2238 282 2302 de
313 2234 522 2300 anabibasmo
563 2257 732 2321 syncopen
770 2237 947 2307 comitante
984 2237 1201 2324 perexiguum
1230 2237 1268 2300 in
1297 2235 1348 2301 hec
1389 2237 1391 2298 1

241 2359 342 2402 causa
369 2335 526 2422 praebere
551 2359 648 2402 usum
683 2336 780 2404 nobis
811 2339 1002 2423 praesertim
1029 2339 1085 2424 qui
1115 2339 1277 2426 pleraque
1302 2338 1348 2401 illi

240 2437 437 2504 concisionis
464 2438 615 2524 exempla
642 2449 699 2504 aut
727 2439 763 2504 in
789 2438 891 2504 dubio
918 2441 1071 2526 ponimus
1106 2450 1163 2504 aut
1192 2440 1229 2505 in
1255 2451 1348 2505 totum
1390 2475 1391 2478 ¹

239 2539 412 2625 rejicimus.
457 2539 542 2606 Cum
564 2541 761 2627 orthoptotis
783 2551 816 2606 et
836 2542 960 2628 aptotis
983 2553 1132 2608 auctores
1152 2542 1257 2607 nostri
1278 2563 1346 2607 con-
1390 2563 1391 2566 ¹

234 2643 380 2728 jungunt
402 2642 467 2706 duo
491 2641 651 2706 declinata
671 2638 827 2728 θύγατρα
849 2653 883 2707 et
902 2640 1065 2731 Δήμητρα
1096 2644 1252 2727 adjuncta
1279 2666 1348 2708 cau·
1390 2643 1391 2646 ’

240 2744 328 2810 tione
355 2743 541 2808 necessaria
570 2743 609 2808 τὸ
638 2738 782 2828 πατρός,
817 2739 959 2829 μητρός,
996 2739 1121 2829 ἀνδρός
1151 2747 1348 2831 συγκοπέντα
1390 2785 1391 2788 =

238 2843 296 2909 καὶ
328 2842 373 2931 μὴ
409 2838 663 2928 ἅναβιβάοαντα
696 2841 753 2908 τὸν
785 2840 880 2910 τόνον
912 2838 973 2910 οὐκ
1006 2838 1205 2925 ἀντίκειται,
1237 2845 1348 2932 &uesci

238 2941 326 3028 πρὸς
353 2941 411 3010 τὸν
437 2948 630 3030 χαρακιῆρα
660 2946 725 3010 τῶν
748 2940 956 3026 δισυλλάβων
983 2950 1119 3027 γενικῶν
1144 2940 1349 3034 ἠκολούθησε

239 3043 404 3110 Choerob.
426 3045 448 3110 l.
469 3065 497 3110 c.
519 3066 549 3108 v.
572 3043 613 3108 P.
636 3045 768 3110 1.0.2.
791 3047 817 3128 ξ.
839 3044 870 3110 6.
913 3046 1043 3111 Eadem
1069 3068 1170 3112 causa
1198 3059 1248 3112 est
1270 3047 1348 3112 dati·
1390 3095 1391 3104 .

238 3167 353 3210 vorum
374 3143 464 3224 κυσί,
492 3145 575 3234 μησί
604 3154 665 3211 etc.
691 3167 753 3210 nec
777 3145 895 3212 mirum
920 3140 1038 3226 ἀκλέα,
1066 3142 1229 3232 ἀγακλέα,
1257 3149 1347 3237 νηλέα
1390 3201 1391 3206 ,

239 3254 299 3311 etc.
318 3246 410 3330 sequi
427 3245 670 3311 similitudinem
684 3247 898 3332 integriorum
917 3243 1063 3335 ἀληθέα,
1083 3246 1240 3335 ἀληθέες.
1269 3249 1348 3315 Pro-
1389 3261 1391 3310 1

240 3346 312 3434 prio
335 3369 411 3411 vero
438 3358 573 3414 accentu
594 3347 812 3434 genitivorum
834 3349 962 3435 species
987 3349 1118 3436 poetica
1148 3351 1348 3438 distinguntur

238 3470 258 3513 a
291 3447 454 3514 communi
493 3447 528 3515 ai
559 3446 608 3526 εἰς
631 3436 683 3516 ε-ιο
719 3451 844 3533 γενικαὶ
876 3447 1010 3516 ὶιονικαὶ
1042 3449 1347 3540 προπαροξύνονται

236 3549 338 3634 χωρὶς
362 3546 392 3614 εἰ
413 3551 459 3638 μὴ
484 3549 569 3616 κατὰ
591 3545 711 3626 πάθος
726 3546 807 3628 εἶσί,
830 3552 963 3637 Βορέω,
982 3547 1103 3632 Ἀσίω,
1128 3548 1248 3641 ἐπειδὴ
1269 3552 1345 3618 κατὰ

238 3645 407 3739 ουγκοπήν
436 3647 501 3718 εἰσι
526 3651 606 3717 ΕΜ.
638 3650 715 3728 153,
742 3649 794 3716 54.
840 3651 987 3718 Casuum
1005 3650 1187 3719 verbalium
1206 3677 1288 3720 unus
1302 3651 1345 3718 ob

238 3761 406 3815 accentum
434 3773 599 3838 syncopae
629 3752 781 3818 eximitur
799 3752 834 3818 in
852 3750 985 3819 Anech
1002 3753 1080 3818 Par.
1099 3755 1141 3820 T.
1163 3756 1225 3824 IV.
1249 3756 1292 3822 18.
1312 3749 1346 3818 oi

306 4005 352 4074 12)
372 4002 413 4058 Τὰ
431 4007 470 4066 εἰς
481 3994 524 4075 H
537 4001 599 4077 μετ’
621 4007 771 4072 ἐπιπλοκῆς
787 4001 944 4077 συμφώνου
961 4003 1110 4078 βαρύνεται
1129 4007 1175 4078 [ἔν
1192 4027 1219 4062 ιε
1236 4003 1345 4085 avorsa]

235 4089 282 4140 καὶ
301 4089 332 4144 ἓν
349 4097 561 4165 προςηγορικοῖς
578 4087 705 4160 Ζάγκλη,
726 4093 807 4159 σίγλη
825 4087 855 4145 τὸ
873 4085 994 4145 ἐνώπιον
1006 4089 1144 4162 [ἐνώτιον]
1160 4097 1186 4148 εἰ
1202 4095 1255 4165 μὲν
1270 4093 1302 4159 τῷ
1321 4109 1337 4143 o

235 4172 421 4246 παραλήγοιτο
442 4173 481 4238 οἷς
499 4175 529 4231 τὸ
551 4172 655 4247 ὁμοκλή
676 4180 723 4230 καὶ
735 4171 814 4244 riuis}
833 4180 880 4228 κα1
900 4173 932 4253 sb
950 4172 1015 4244 υελὴ
1034 4171 1146 4248 (nepti)
1163 4176 1218 4233 νἀιὸ
1237 4178 1280 4232 τοῦ
1296 4193 1347 4229 τε·

237 4251 311 4324 φαλή
329 4263 438 4330 γέγονε.
541 4289 545 4296 ·
