2825 4809
323 359 388 425 nn
409 356 687 425 rrnucrssr.
732 357 772 424 c.
795 357 842 424 ιι.
876 361 901 444 ι.
923 359 955 424 3.
1122 363 1198 437 tar

92 547 314 634 agnumss)
338 555 371 611 et
390 541 547 609 dissimile
570 542 687 610 ceteris
711 565 786 608 cum
807 542 873 608 hoe
889 541 1092 609 substantivo
1107 564 1198 608 eom·

92 649 216 738 positis,
239 669 377 735 quorum
398 645 553 712 nullum
543 669 577 712 ur
599 669 637 731 ης
582 634 723 710 -exit
737 643 801 709 nisi
823 654 973 730 correpta
989 643 1199 732 diphthongo

94 745 248 839 (ινχιρής,
279 737 448 836 δνςηιρης)
480 747 539 814 sed
567 747 638 814 fieri
667 755 778 833 potest
805 756 844 811 ut
869 755 971 832 poeta
995 746 1079 814 illud
1107 762 1203 812 extra

91 852 230 922 ordinem
250 849 467 918 introduxerit
487 849 572 916 sicut
593 848 768 915 accusativi
788 846 983 926 eudomio,
1008 844 1162 935 ἐπαρωγ
1147 850 1198 928 ’,α

89 950 326 1036 ammaonte,
353 949 557 1033 πυλντιχνέα
589 950 716 1016 nullum
738 950 837 1034 juxta
865 971 901 1016 se
927 969 1043 1016 casum
1065 947 1197 1014 hubent

88 1053 208 1139 Magna
231 1052 365 1136 quidem
392 1064 443 1118 est
467 1053 566 1140 copia
592 1053 827 1140 adjectivorum
848 1073 933 1138 quae
954 1051 1142 1138 promiscue
1162 1051 1199 1116 in

89 1179 122 1233 ος
149 1165 182 1220 et
208 1179 249 1244 ης
274 1155 498 1220 terminantur:
529 1151 683 1240 δύςιργος
712 1152 885 1242 δυςιρνης,
918 1177 1037 1241 ενηχιις
1064 1149 1197 1240 ιῧηχης,

89 1249 249 1332 ἶσόπαλος
269 1251 450 1343 ἰσοπαλής,
476 1249 692 1333 πολύπλανος
712 1249 1001 1342 πολυπλανὴςοιι.
1017 1253 1078 1320 sed
1092 1273 1200 1340 quae·

86 1355 162 1420 ritnr
179 1379 222 1421 an
239 1377 307 1422 non
324 1355 434 1442 aliqua
453 1377 576 1434 eorum,
598 1377 684 1441 quae
700 1356 802 1441 vulgo
821 1355 1000 1422 secundum
1016 1365 1203 1440 sequnntur

86 1455 348 1536 declinationem,
382 1457 477 1523 metri
502 1477 601 1524 causa
628 1457 663 1522 in
691 1457 787 1524 certis
813 1455 945 1522 demum
972 1455 1103 1522 casibus
1131 1467 1204 1520 tra-

87 1559 181 1624 ducta
211 1557 277 1624 sint
305 1559 349 1624 ad
374 1559 520 1637 tertiam,
549 1557 658 1644 qualia
690 1559 734 1624 ad
753 1560 810 1644 Aj.
832 1581 865 1644 p.
888 1557 964 1624 294
991 1557 1100 1636 attuli,
1128 1582 1198 1624 πα·

85 1660 275 1747 λινιροπέις
300 1682 362 1746 pro
389 1657 616 1742 παλίντροπιι
643 1659 717 1725 Nic.
743 1661 922 1737 δυςπονὲις
943 1681 1005 1746 pro
1032 1656 1198 1740 ὀυςπόννυ

83 1761 180 1825 Hom.
202 1761 295 1844 cujus
317 1759 456 1847 primam
477 1759 675 1847 positionem
702 1757 1071 1849 δυςπονήςΕιιιιιιιιὶιιι
1092 1758 1204 1824 inusi-

83 1871 181 1925 tatam
206 1883 280 1926 esse
309 1861 389 1928 dicit
418 1871 451 1928 et
474 1871 562 1928 certe
589 1869 719 1948 praeter
746 1883 852 1948 genus
879 1871 1031 1928 neutrum
1051 1883 1073 1924 a
1091 1870 1198 1925 metro

83 1961 211 2029 heroico
248 1961 440 2028 excluditur.
495 1961 564 2030 Sed
594 1962 737 2028 maxima
767 1963 940 2030 difficultas
981 1961 1132 2030 consistit
1162 1959 1199 2026 in

83 2063 230 2149 genitivis
253 2063 379 2129 numeri
400 2062 546 2150 pluralis.
589 2064 657 2130 Pro
678 2064 929 2151 πολυφθορέων
949 2059 1202 2148 deludamini

82 2164 292 2252 Empedoclis
320 2186 431 2242 versu,
460 2186 556 2250 quem
583 2165 605 2230 l.
629 2187 658 2234 c.
686 2164 847 2242 iudicavi,
877 2165 921 2232 G.
942 2163 1136 2232 Dindorlius
1161 2162 1202 2228 in

86 2265 180 2332 Thes.
214 2263 457 2349 πολυσπερέων
487 2266 604 2352 reponi
631 2263 746 2352 jubet,
777 2263 949 2332 Bekkerus
977 2288 1056 2332 vero
1089 2265 1198 2332 nolu-

80 2363 237 2454 φθερέων
251 2365 342 2453 apud
353 2366 490 2434 Sextum
511 2367 652 2454 scripsit,
675 2366 737 2433 etsi
757 2366 821 2432 hoo
842 2390 910 2434 uon
929 2368 1036 2454 magis
1056 2365 1201 2457 legimns

79 2487 176 2552 qnam
198 2466 264 2532 alia
296 2489 371 2534 cum
397 2467 496 2532 verbo
525 2466 662 2555 φθιίρω
695 2469 743 2534 sie
764 2467 956 2555 composita.
999 2470 1046 2535 Et
1066 2467 1200 2534 obstem

78 2565 284 2654 ἒμφθινρέινν
313 2563 437 2654 αἰζηῶν
466 2567 541 2634 Nic.
568 2563 764 2657 ἀμηχανέων
794 2565 990 2650 μελεδώνων
1017 2571 1064 2634 Η,
1092 2570 1139 2633 H.
1161 2568 1199 2631 in

76 2667 181 2734 Mero.
207 2668 282 2734 447.
311 2668 354 2734 de
381 2668 501 2754 quibus
533 2667 597 2735 hoc
625 2669 727 2734 modo
755 2668 900 2735 dubitavi
920 2679 1028 2735 utrum
1048 2669 1204 2754 exempla

76 2769 349 2836 nominativorum
376 2769 428 2836 his
457 2770 705 2856 congruentium
733 2770 768 2834 in
794 2757 838 2858 q}
866 2791 947 2836 casu
975 2769 1201 2838 interciderint

77 2891 116 2934 an
137 2880 260 2958 poetae
283 2869 429 2957 epailon,
453 2872 545 2955 quod
562 2871 822 2938 terminationem
837 2872 1055 2958 genitivorum
1070 2871 1201 2957 primae

77 2980 106 3038 et
132 2972 251 3039 tertiae
278 2971 505 3039 declinationis
535 2972 732 3059 praecedere
766 2972 867 3051 solet,
904 2970 1127 3038 transtulerint
1153 2969 1203 3035 ad

77 3073 271 3152 secundam,
302 3095 368 3158 quo
399 3074 500 3139 modo
529 3073 629 3137 iidem
654 3071 843 3138 adverbium
865 3073 1055 3152 δυςπονέιις
1077 3080 1111 3136 et
1130 3070 1203 3134 alia

76 3195 178 3260 supra
210 3174 370 3240 dictorum
400 3176 444 3240 ad
478 3195 573 3239 usum
606 3195 701 3240 suum
734 3173 1001 3239 accommodasse
1033 3171 1201 3238 videntur.

75 3275 206 3342 Eodem
227 3275 295 3341 sive
311 3275 527 3363 metaplasmo
548 3274 620 3340 sive
637 3275 830 3362 pleonasmo
848 3273 984 3340 verbum
996 3273 1201 3339 Hesiodium

77 3375 287 3463 ὀυςφρινέινν
318 3374 521 3464 ἐπιλήθεται
551 3375 704 3442 excusavi
733 3375 776 3442 ad
796 3376 918 3441 Buttm.
943 3376 1017 3441 339.
1042 3375 1201 3462 apposito

76 3473 215 3540 Pindari
244 3476 318 3542 loeo
345 3477 384 3540 τὸ
414 3483 521 3557 τυχεῖν
546 3472 717 3564 παραλύει
746 3474 955 3564 δνςφρονέων
977 3477 1013 3542 id
1041 3487 1092 3542 est
1119 3479 1200 3554 δνς·

79 3574 220 3660 ηιρόνων.
264 3578 306 3642 Ιι1
326 3598 403 3642 vero
424 3577 619 3644 Diudorlius
640 3578 675 3643 iu
697 3577 799 3644 Thes.
828 3578 863 3642 in
886 3579 1074 3665 (liupponis
1095 3586 1205 3643 mutat

79 3684 110 3738 et
125 3687 301 3764 utrumque
323 3677 503 3766 genitivum
524 3703 545 3744 a
565 3679 767 3746 substantivo
784 3676 953 3769 δνςφρόνη
969 3680 1090 3768 repetit
1105 3679 1200 3766 qued

79 3774 112 3840 in
126 3778 218 3845 Adu.
237 3780 280 3848 ad
295 3779 406 3848 Schol.
425 3781 528 3848 Arist.
543 3781 655 3850 Nubb.
676 3781 748 3847 790.
766 3803 828 3868 pro
847 3779 1054 3869 όνςφηισύνη
1073 3781 1203 3850 dicun

80 3877 126 3940 ait
154 3891 191 3942 ut
215 3876 359 3968 εὐφρόνη
388 3903 451 3967 pro
478 3879 663 3972 εὐφροσύνη
693 3892 728 3948 et
756 3879 980 3970 ἐπιλησμονη,
1015 3883 1070 3948 orti
1099 3881 1204 3949 tacite

82 3991 310 4065 paroxytouon
339 3980 522 4063 substituit,
557 4005 618 4070 pro
658 3980 917 4072 ἑπιληιηιοσύνη.
978 3985 1101 4051 Verum
1132 4005 1205 4049 non

81 4131 412 4150 -—,----

111 4297 117 4309 ι
151 4216 192 4284 ll)
210 4215 267 4271 Pro
285 4216 406 4291 Ἀχειρές
426 4216 539 4290 ἀχρεῖον
562 4219 630 4276 Hes.
653 4217 835 4274 scribendum
854 4217 967 4272 videtur
986 4218 1087 4292 ἀχρηές
1109 4237 1127 4273 a
1145 4237 1202 4276 uc·

81 4300 212 4358 minativo
226 4300 337 4374 ἀχρηής.
