2825 4809
232 320 312 402 419
586 311 907 386 Drssuuratrro
934 312 999 381 III.

231 522 300 586 que
316 480 455 578 ‘censuit
475 495 676 586 Apollonius
698 491 720 566 ὁ
741 494 912 584 Ἀρχιβίου
938 498 1000 567 sed
1023 499 1089 569 alio
1113 511 1241 572 «eoru
1258 525 1320 570 urus

231 595 370 695 αἰζῃός,
399 599 493 686 quod
517 598 729 686 reprehendit
755 600 836 668 ΕΜ.
857 601 916 678 32,
939 601 990 666 10.
1021 601 1070 671 sie
1093 601 1178 667 enim
1198 605 1322 689 properi·

234 724 420 790 spumeuou
448 701 519 768 fieri
548 700 668 768 debere
696 711 733 768 ut
759 696 879 790 ἀδήιας
903 697 1019 790 ἆόῇας.
1046 703 1142 785 .Veri
1167 704 1323 771 inveniendi

233 806 321 873 viam
349 803 533 894 praecludit
563 802 745 878 obscuritas
775 804 893 889 etymi3
925 828 969 870 ex
996 807 1108 893 specie
1129 806 1322 891 judicantibus

233 907 303 982 fieri
326 930 427 994 posse
448 906 576 972 videtur
597 915 635 972 ut
656 901 788 992 αἰζήιος
813 916 931 972 nature
953 907 1148 991 adjectivum
1168 908 1223 986 sit,
1247 931 1323 976 sensu

231 1008 484 1080 substantivum.
536 1007 712 1076 Voealium
741 1008 915 1094 longarum
946 1010 1080 1078 alteram
1112 1011 1228 1098 excipit
1252 1011 1324 1078 litera

235 1111 439 1198 pleonastiea
461 1109 496 1174 in
518 1109 621 1176 tribus
642 1108 830 1176 nominibus
853 1107 960 1198 θωιή,
986 1107 1094 1194 ζώιαν,
1117 1104 1206 1190 citor,-
1230 1112 1325 1197 quibus

231 1213 294 1297 qui
319 1213 388 1278 iota
410 1233 431 1278 e
453 1223 569 1278 nature
590 1211 774 1298 ingenitum
796 1221 931 1300 putent,
957 1212 1115 1280 isllunteu
1135 1213 1322 1281 hauddubie

230 1316 292 1385 De
314 1315 420 1401 primo
449 1314 597 1382 meminit
617 1313 854 1401 Theognostus
878 1313 956 1393 108,
979 1316 1031 1382 12.
1058 1314 1116 1382 διὰ
1137 1320 1196 1382 τοῦ
1215 1302 1244 1382 ὦ
1262 1313 1322 1400 γρό-

232 1441 336 1500 φαταα
356 1414 396 1484 τὸ
421 1416 498 1504 ζωή,
522 1414 615 1504 droti·
639 1421 738 1484 rubro
760 1417 798 1484 δὲ
820 1416 878 1484 καὶ
899 1415 959 1486 σὺν
979 1405 1074 1504 ruit]
1097 1429 1132 1482 et
1148 1418 1321 1495 11112810.

232 1515 327 1604 παρὰ
355 1517 394 1584 τὸ
421 1521 476 1586 θῶ
503 1515 581 1605 θωή
594 1555 637 1566 -—
651 1515 719 1598 ἔχει
747 1517 785 1583 δὲ
811 1517 851 1584 τὸ
868 1505 902 1584 ‘a‘
920 1515 958 1586 ἐκ
984 1515 1210 1604 παραδόσεως
1232 1517 1319 1606 ἐπειδὴ

233 1613 370 1704 αὕρηται
397 1613 489 1705 θιαϊή
516 1614 603 1702 παρ’
628 1613 810 1706 Ἀρχιλόχῳ
840 1615 969 1698 ,,ὅταν
995 1644 1044 1688 σε
1071 1618 1184 1707 dener)
1210 1615 1317 1706 tesp‘t

230 1721 309 1789 Hos
330 1716 422 1809 θωιή
443 1720 564 1807 legitur
584 1721 620 1786 in
642 1720 717 1786 cod
737 1720 886 1787 Meneth
902 1721 967 1787 HI.
982 1722 1057 1788 213.
1080 1721 1143 1787 sed
1165 1719 1318 1805 bisyllebun

230 1821 301 1894 ieta
321 1832 427 1901 muto,
454 1846 519 1907 que
544 1833 677 1910 poetam
698 1820 809 1908 ipsum
830 1844 927 1890 usum
952 1845 1025 1888 esse
1046 1822 1182 1888 minime
1201 1821 1323 1887 credibile
1351 1870 1356 1876 .

229 1933 284 1992 est
311 1933 386 1990 ante
415 1923 530 1992 oeulos
557 1923 667 2011 posito
695 1923 862 1990 homerico
882 1921 980 2011 θωή,
1012 1925 1104 2009 quod
1136 1923 1237 1990 solum
1258 1921 1326 1986 norit

230 2025 397 2099 Arcadius
423 2049 456 2113 p.
481 2027 553 2094 103.
576 2024 618 2092 rei
642 2023 698 2092 διὰ
717 2015 776 2114 ἴη-
789 2022 960 2106 dhissere,
986 2024 1068 2115 ζωή,
1091 2022 1186 2113 drop,
1210 2020 1325 2111 iperii).
1370 2086 1371 2089 ,

229 2127 303 2194 Nee
331 2128 522 2214 persuaderi
551 2137 662 2214 potest
692 2126 867 2214 scriptores
898 2128 985 2194 adeo
1014 2129 1189 2214 pedestres
1217 2124 1326 2190 ioteab
1370 2190 1371 2195 ,

230 2229 434 2296 Archilocho
465 2229 653 2318 prosemine
655 2239 723 2293 tum
753 2229 956 2296 transtulisse
985 2231 1028 2294 ed
1056 2229 1250 2314 adjectivum
1272 2227 1327 2290 hine
1370 2204 1372 2324 i

105 2387 109 2391 .
228 2333 397 2420 comperit
397 2355 452 2401 um
477 2342 514 2398 ut
501 2330 795 2398 tOhoercboscus
822 2331 939 2397 dicit
929 2357 965 2398 m
990 2332 1113 2398 Psalm.
1141 2331 1212 2397 118
1238 2326 1326 2404 ἆθῶας

230 2433 269 2502 τὸ
288 2428 471 2524 ἄζήμισς”
449 2459 516 2516 εχει
537 2433 576 2501 τὸ
596 2461 609 2500 ι
632 2430 701 2500 ἀπὸ
724 2429 964 2518 παραδόσεως,
988 2442 1021 2498 et
1036 2433 1077 2500 St
1064 2432 1228 2520 tephanus
1240 2425 1327 2504 Ἄθως

229 2534 267 2600 iri
295 2558 437 2601 controv
466 2535 568 2622 χωρὶς
593 2540 655 2602 τοῦ
681 2554 711 2602 ι
742 2533 781 2602 ed
811 2533 848 2602 δὲ
878 2537 1000 2622 δηλοῦν
1028 2534 1066 2602 τὸ
1096 2530 1237 2623 ἀζήμιον
1263 2555 1327 2617 πρα-
1286 2557 1372 2646 pp

227 2657 443 2724 περισπαται
466 2636 522 2702 καί
548 2634 606 2702 διὰ
628 2640 688 2703 τοῦ
711 2663 724 2702 ι
747 2629 817 2702 ἀπὸ
837 2638 899 2724 τῆς
920 2641 1018 2726 &epig
1031 2638 1063 2722 )
1091 2636 1270 2720 eodemque
1291 2654 1327 2694 er-

229 2746 386 2824 gumento
414 2737 590 2822 Elmslejus
622 2721 701 2804 Eur.
730 2735 824 2803 Med
850 2737 944 2803 1267.
978 2762 1039 2826 pro
1073 2734 1194 2816 ἇθῶας
1226 2732 1330 2821 scripsit

227 2837 362 2928 ἀθῷος,
385 2841 460 2906 olim
478 2843 563 2906 'enim
585 2833 718 2917 ascisce
736 2842 897 2906 dicebatur
914 2851 944 2906 et
962 2837 1065 2928 θωϊή.
1109 2840 1160 2904 At
1148 2837 1259 2903 tenim
1272 2856 1329 2899 vere

229 2935 363 3018 ἆθώιας
384 2964 553 3028 nunquam
573 2941 708 3030 legitur,
737 2940 931 3030 saepissime
955 2965 1033 3008 vero
1054 2940 1269 3028 trisyllabum,
1293 2934 1331 3002 cui

228 3042 366 3109 nonita
390 3043 519 3132 pridem
542 3042 610 3108 iota
638 3042 718 3110 eddi
743 3052 898 3130 coeptum
919 3054 986 3122 est,
1013 3054 1140 3110 veteres
1168 3065 1242 3110 vero
1261 3039 1329 3107 Edd

232 3143 426 3233 plerumque
444 3139 564 3222 ἆθῶος
580 3143 752 3223 exhibent,
775 3145 880 3210 rarius
899 3141 1017 3224 ὅθωος
1039 3145 1132 3232 quod
1148 3147 1231 3211 ratio
1247 3141 1332 3232 poscit

228 3254 266 3310 et
284 3245 433 3310 nonnulli
449 3256 595 3313 veterum
613 3246 854 3333 approbenmt:
876 3245 914 3314 τὸ
938 3242 1058 3325 ἆθιῦας
1078 3249 1168 3329 resec
1188 3247 1246 3331 μὲν
1264 3267 1330 3330 πρα-

229 3345 518 3432 παραξασονοῦσιν
538 3342 584 3424 ὡς
607 3347 643 3414 τὸ
665 3345 761 3437 φωνή
786 3341 937 3436 ἄφωνος,
958 3347 1065 3435 ἕτεροι
1084 3349 1123 3416 δὲ
1141 3349 1331 3435 περισπῶσιν

230 3441 278 3526 ὡς
304 3445 362 3513 καὶ
389 3441 408 3534 ἡ
436 3440 598 3534 συνήθεια
628 3456 744 3536 κρατεῖ
772 3449 859 3516 κατὰ
883 3449 1110 3540 συνεκδρσμήν
1135 3453 1196 3516 τοῦ
1220 3443 1331 3534 {arpos

302 3683 332 3752 t)
351 3681 492 3740 Omissum
509 3691 554 3738 est
572 3680 622 3752 1ωὴ
641 3691 669 3738 et
688 3682 814 3756 topicum
834 3680 934 3751 Οἰνόη.
974 3680 1038 3754 Θόη
1054 3685 1217 3755 barytouon
1234 3677 1372 3775 praebet

230 3769 389 3842 Hesyolrius
409 3776 437 3826 et
455 3769 574 3827 Photius
594 3787 611 3824 e
629 3789 673 3852 pr.
693 3789 731 3824 m.
750 3771 801 3827 sed
818 3763 879 3837 θωή
897 3767 1014 3826 Maxim.
1031 3771 1091 3826 576.

301 3859 330 3925 7)
349 3856 398 3913 Sic
413 3855 513 3927 scripsi
528 3873 590 3910 eum
602 3845 747 3912 Meinelrio
763 3875 815 3927 pro
828 3861 918 3924 θωῆς,
932 3864 961 3910 et
972 3856 1058 3928 paulo
1073 3857 1158 3911 ante
1149 3874 1180 3910 ru
1191 3847 1371 3910 Atebilochi
1370 3928 1371 3933 Ἰ

229 3943 295 4004 loeo
315 3940 387 4010 θωϊὴ
405 3941 522 3998 retentis
540 3941 652 4014 punctis
672 3941 826 3998 discriticis
849 3949 881 3996 ut
900 3942 960 4000 iota
979 3943 1093 3999 effabile
1117 3941 1331 4012 distinguerem
1370 3976 1371 4015 1

230 4038 320 4094 muto,
344 4029 475 4102 quodie
497 4029 581 4084 codd.
604 4046 662 4084 nen
680 4028 875 4084 subscribitur
897 4032 951 4086 sed
973 4030 1152 4084 adscribitur.
1196 4028 1371 4099 Syutbetor
1370 4056 1372 4101 l

230 4115 406 4172 Bekkerus
398 4135 427 4170 m
446 4115 567 4186 Lyeurg.
581 4131 605 4169 c.
618 4115 721 4170 Leocr.
737 4116 795 4180 192,
804 4116 849 4170 38.
863 4115 946 4185 (Ald.
961 4115 1034 4184 157.)
1050 4114 1143 4185 ἀθῷος
1159 4111 1268 4186 scripsit
1282 4125 1331 4164 eru
1370 4140 1371 4151 κ

224 4199 303 4268 iota,
321 4203 546 4270 possessores
558 4202 601 4256 21.
616 4200 698 4270 (Α11.
714 4200 863 4269 ¹68.)s1ne
882 4218 926 4266 eo,
943 4199 1074 4258 Baiterus
1092 4210 1210 4276 utroque
1228 4199 1285 4254 loeo
1299 4191 1330 4246 sic
1370 4178 1372 4271 i

233 4290 265 4340 ut
283 4286 401 4354 vulgos
390 4286 470 4339 s.olet
833 4329 836 4333 ⁴
