<?xml version="1.0" encoding="UTF-8"?>
<!DOCTYPE html PUBLIC "-//W3C//DTD XHTML 1.0 Transitional//EN"
    "http://www.w3.org/TR/xhtml1/DTD/xhtml1-transitional.dtd">
<html xmlns="http://www.w3.org/1999/xhtml" xml:lang="en" lang="en">
 <head>
  <title>
</title>
<meta http-equiv="Content-Type" content="text/html;charset=utf-8" />
  <meta name='ocr-system' content='tesseract 3.04.00' />
  <meta name='ocr-capabilities' content='ocr_page ocr_carea ocr_par ocr_line ocrx_word'/>
</head>
<body>
  <div class='ocr_page' id='page_1' title='image "./pathologiaegrae01lobegoog/pathologiaegrae01lobegoog_0587.png"; bbox 0 0 2825 4809; ppageno 0'>
   <div class='ocr_carea' id='block_1_1' title="bbox 296 343 1180 438">
    <p class='ocr_par' dir='ltr' id='par_1_1' title="bbox 296 343 1180 438">
     <span class='ocr_line' id='line_1_1' title="bbox 296 343 1180 438; baseline 0.018 -22"><span class='ocrx_word' id='word_1_1' title='bbox 296 343 362 417; x_wconf 78' lang='lat' dir='ltr'><strong>DE</strong></span> <span class='ocrx_word' id='word_1_2' title='bbox 382 343 661 418; x_wconf 76' lang='lat' dir='ltr'><strong>Pnnscnsst.</strong></span> <span class='ocrx_word' id='word_1_3' title='bbox 707 344 746 416; x_wconf 86' lang='lat'><strong>0.</strong></span> <span class='ocrx_word' id='word_1_4' title='bbox 768 345 831 420; x_wconf 75' lang='lat' dir='ltr'><strong>tn.</strong></span> <span class='ocrx_word' id='word_1_5' title='bbox 863 349 889 438; x_wconf 65' lang='lat' dir='ltr'><strong>t.</strong></span> <span class='ocrx_word' id='word_1_6' title='bbox 910 345 942 418; x_wconf 85' lang='grc'><strong>4.</strong></span> <span class='ocrx_word' id='word_1_7' title='bbox 1104 351 1180 432; x_wconf 64' lang='grc'><strong>683</strong></span> 
     </span>
    </p>
   </div>
   <div class='ocr_carea' id='block_1_2' title="bbox 43 519 1270 4464">
    <p class='ocr_par' dir='ltr' id='par_1_2' title="bbox 43 519 1270 4464">
     <span class='ocr_line' id='line_1_2' title="bbox 78 519 1179 626; baseline 0.003 -23"><span class='ocrx_word' id='word_1_8' title='bbox 78 519 140 620; x_wconf 58' lang='lat' dir='ltr'><strong>dgr}</strong></span> <span class='ocrx_word' id='word_1_9' title='bbox 163 535 198 600; x_wconf 91' lang='lat' dir='ltr'><strong>in</strong></span> <span class='ocrx_word' id='word_1_10' title='bbox 222 535 368 622; x_wconf 77' lang='lat' dir='ltr'>synthesi</span> <span class='ocrx_word' id='word_1_11' title='bbox 388 557 456 603; x_wconf 90' lang='lat' dir='ltr'><strong>non</strong></span> <span class='ocrx_word' id='word_1_12' title='bbox 474 536 643 626; x_wconf 84' lang='lat' dir='ltr'><strong>reperitur.</strong></span> <span class='ocrx_word' id='word_1_13' title='bbox 682 535 778 602; x_wconf 85' lang='lat' dir='ltr'><strong>Haeo</strong></span> <span class='ocrx_word' id='word_1_14' title='bbox 793 535 894 624; x_wconf 79' lang='lat' dir='ltr'><strong>igitur</strong></span> <span class='ocrx_word' id='word_1_15' title='bbox 909 537 937 602; x_wconf 86' lang='lat' dir='ltr'><strong>si</strong></span> <span class='ocrx_word' id='word_1_16' title='bbox 951 559 1179 624; x_wconf 78' lang='lat' dir='ltr'><strong>comparamus</strong></span> 
     </span>
     <span class='ocr_line' id='line_1_3' title="bbox 78 631 1181 726; baseline 0.002 -22"><span class='ocrx_word' id='word_1_17' title='bbox 78 661 137 704; x_wconf 84' lang='lat' dir='ltr'><strong>oum</strong></span> <span class='ocrx_word' id='word_1_18' title='bbox 148 631 345 722; x_wconf 80' lang='grc' dir='ltr'><strong><em>όρχέκαιιος,</em></strong></span> <span class='ocrx_word' id='word_1_19' title='bbox 359 641 559 726; x_wconf 82' lang='grc' dir='ltr'><strong><em>φερέπονος,</em></strong></span> <span class='ocrx_word' id='word_1_20' title='bbox 577 636 829 725; x_wconf 76' lang='grc' dir='ltr'><strong><em>ἐγρεκύδοιμος,</em></strong></span> <span class='ocrx_word' id='word_1_21' title='bbox 844 639 1066 725; x_wconf 70' lang='grc' dir='ltr'><strong><em>μενέχαρμος,</em></strong></span> <span class='ocrx_word' id='word_1_22' title='bbox 1080 640 1181 706; x_wconf 83' lang='lat' dir='ltr'><strong>iidem</strong></span> 
     </span>
     <span class='ocr_line' id='line_1_4' title="bbox 77 727 1180 828; baseline 0.002 -22"><span class='ocrx_word' id='word_1_23' title='bbox 77 739 235 824; x_wconf 88' lang='lat' dir='ltr'><strong>acquirunt</strong></span> <span class='ocrx_word' id='word_1_24' title='bbox 256 739 312 824; x_wconf 89' lang='lat' dir='ltr'><strong>qui</strong></span> <span class='ocrx_word' id='word_1_25' title='bbox 333 737 489 824; x_wconf 77' lang='lat' dir='ltr'><strong>syllabam</strong></span> <span class='ocrx_word' id='word_1_26' title='bbox 502 727 757 826; x_wconf 55' lang='lat' dir='ltr'><strong>os&#39;interjectam</strong></span> <span class='ocrx_word' id='word_1_27' title='bbox 776 761 850 828; x_wconf 70' lang='lat' dir='ltr'><strong>esse</strong></span> <span class='ocrx_word' id='word_1_28' title='bbox 867 738 1071 806; x_wconf 76' lang='lat' dir='ltr'><strong>arbitrantur.</strong></span> <span class='ocrx_word' id='word_1_29' title='bbox 1106 742 1180 808; x_wconf 86' lang='lat' dir='ltr'><strong>Nec</strong></span> 
     </span>
     <span class='ocr_line' id='line_1_5' title="bbox 76 839 1180 927; baseline 0.004 -21"><span class='ocrx_word' id='word_1_30' title='bbox 76 855 170 906; x_wconf 87' lang='lat' dir='ltr'><strong>tamen</strong></span> <span class='ocrx_word' id='word_1_31' title='bbox 203 839 459 907; x_wconf 89' lang='lat' dir='ltr'><strong>obliviscendum</strong></span> <span class='ocrx_word' id='word_1_32' title='bbox 491 854 541 908; x_wconf 89' lang='lat' dir='ltr'><strong>est</strong></span> <span class='ocrx_word' id='word_1_33' title='bbox 571 841 807 908; x_wconf 84' lang='lat' dir='ltr'><strong>vocabulorum</strong></span> <span class='ocrx_word' id='word_1_34' title='bbox 845 842 1082 927; x_wconf 85' lang='lat' dir='ltr'><strong>compositores</strong></span> <span class='ocrx_word' id='word_1_35' title='bbox 1110 865 1180 910; x_wconf 86' lang='lat' dir='ltr'><strong>nou</strong></span> 
     </span>
     <span class='ocr_line' id='line_1_6' title="bbox 74 943 1181 1031; baseline 0.003 -24"><span class='ocrx_word' id='word_1_36' title='bbox 74 943 310 1010; x_wconf 84' lang='lat' dir='ltr'><strong>architectorum</strong></span> <span class='ocrx_word' id='word_1_37' title='bbox 333 944 454 1010; x_wconf 86' lang='lat' dir='ltr'><strong>similes</strong></span> <span class='ocrx_word' id='word_1_38' title='bbox 480 965 553 1010; x_wconf 86' lang='lat' dir='ltr'><strong>esse</strong></span> <span class='ocrx_word' id='word_1_39' title='bbox 574 967 682 1031; x_wconf 89' lang='lat' dir='ltr'><strong>neque</strong></span> <span class='ocrx_word' id='word_1_40' title='bbox 711 943 866 1010; x_wconf 74' lang='lat' dir='ltr'><strong>habuisse</strong></span> <span class='ocrx_word' id='word_1_41' title='bbox 886 943 1121 1030; x_wconf 85' lang='lat' dir='ltr'><strong>perpendicula</strong></span> <span class='ocrx_word' id='word_1_42' title='bbox 1146 953 1181 1010; x_wconf 86' lang='lat' dir='ltr'><strong>et</strong></span> 
     </span>
     <span class='ocr_line' id='line_1_7' title="bbox 72 1045 1179 1134; baseline 0 -24"><span class='ocrx_word' id='word_1_43' title='bbox 72 1066 190 1112; x_wconf 88' lang='lat' dir='ltr'><strong>normas</strong></span> <span class='ocrx_word' id='word_1_44' title='bbox 214 1056 246 1110; x_wconf 85' lang='lat' dir='ltr'><strong>et</strong></span> <span class='ocrx_word' id='word_1_45' title='bbox 266 1047 395 1132; x_wconf 82' lang='lat' dir='ltr'><strong>regulas</strong></span> <span class='ocrx_word' id='word_1_46' title='bbox 418 1049 461 1111; x_wconf 89' lang='lat' dir='ltr'><strong>ad</strong></span> <span class='ocrx_word' id='word_1_47' title='bbox 483 1069 566 1132; x_wconf 84' lang='lat' dir='ltr'><strong>quas</strong></span> <span class='ocrx_word' id='word_1_48' title='bbox 585 1069 687 1134; x_wconf 85' lang='lat' dir='ltr'><strong>opera</strong></span> <span class='ocrx_word' id='word_1_49' title='bbox 705 1069 765 1112; x_wconf 86' lang='lat' dir='ltr'><strong>sua</strong></span> <span class='ocrx_word' id='word_1_50' title='bbox 783 1045 953 1132; x_wconf 76' lang='lat' dir='ltr'><strong>exigerent</strong></span> <span class='ocrx_word' id='word_1_51' title='bbox 966 1046 1026 1111; x_wconf 87' lang='lat' dir='ltr'><strong>sed</strong></span> <span class='ocrx_word' id='word_1_52' title='bbox 1044 1045 1179 1132; x_wconf 82' lang='lat' dir='ltr'><strong>saepius</strong></span> 
     </span>
     <span class='ocr_line' id='line_1_8' title="bbox 72 1145 1178 1235; baseline 0.004 -24"><span class='ocrx_word' id='word_1_53' title='bbox 72 1147 172 1233; x_wconf 88' lang='lat' dir='ltr'><strong>specie</strong></span> <span class='ocrx_word' id='word_1_54' title='bbox 194 1149 338 1233; x_wconf 85' lang='lat' dir='ltr'><strong>quadam</strong></span> <span class='ocrx_word' id='word_1_55' title='bbox 366 1145 538 1235; x_wconf 83' lang='lat' dir='ltr'><strong>analogiae</strong></span> <span class='ocrx_word' id='word_1_56' title='bbox 565 1148 640 1214; x_wconf 90' lang='lat' dir='ltr'><strong>duci</strong></span> <span class='ocrx_word' id='word_1_57' title='bbox 665 1169 764 1232; x_wconf 89' lang='lat' dir='ltr'><strong>quam</strong></span> <span class='ocrx_word' id='word_1_58' title='bbox 790 1147 935 1213; x_wconf 65' lang='lat' dir='ltr'><strong>vertute.</strong></span> <span class='ocrx_word' id='word_1_59' title='bbox 977 1148 1178 1215; x_wconf 85' lang='lat' dir='ltr'><strong>Praelucen·</strong></span> 
     </span>
     <span class='ocr_line' id='line_1_9' title="bbox 71 1238 1177 1336; baseline 0.003 -23"><span class='ocrx_word' id='word_1_60' title='bbox 71 1248 145 1314; x_wconf 88' lang='lat' dir='ltr'><strong>tibus</strong></span> <span class='ocrx_word' id='word_1_61' title='bbox 172 1247 272 1335; x_wconf 84' lang='lat' dir='ltr'><strong>igitur</strong></span> <span class='ocrx_word' id='word_1_62' title='bbox 294 1251 460 1334; x_wconf 71' lang='lat' dir='ltr'><strong>adjectivis</strong></span> <span class='ocrx_word' id='word_1_63' title='bbox 484 1273 558 1316; x_wconf 88' lang='lat' dir='ltr'><strong>cum</strong></span> <span class='ocrx_word' id='word_1_64' title='bbox 579 1250 687 1314; x_wconf 79' lang='lat' dir='ltr'><strong>futuro</strong></span> <span class='ocrx_word' id='word_1_65' title='bbox 709 1250 745 1314; x_wconf 88' lang='lat' dir='ltr'><strong>in</strong></span> <span class='ocrx_word' id='word_1_66' title='bbox 768 1238 837 1316; x_wconf 53' lang='grc' dir='ltr'><strong><em>ὦ</em></strong></span> <span class='ocrx_word' id='word_1_67' title='bbox 856 1259 996 1314; x_wconf 83' lang='lat' dir='ltr'><strong>exeunte</strong></span> <span class='ocrx_word' id='word_1_68' title='bbox 1015 1249 1177 1336; x_wconf 77' lang='lat' dir='ltr'><strong>copulatis</strong></span> 
     </span>
     <span class='ocr_line' id='line_1_10' title="bbox 70 1344 1176 1439; baseline 0.003 -24"><span class='ocrx_word' id='word_1_69' title='bbox 70 1345 318 1435; x_wconf 74' lang='grc' dir='ltr'><strong><em>άκεοίμβροτος,</em></strong></span> <span class='ocrx_word' id='word_1_70' title='bbox 359 1345 583 1438; x_wconf 74' lang='grc' dir='ltr'><strong><em>άρκεσίγυιπς,</em></strong></span> <span class='ocrx_word' id='word_1_71' title='bbox 622 1344 808 1439; x_wconf 81' lang='grc' dir='ltr'><strong><em>όλεσήνειρ,</em></strong></span> <span class='ocrx_word' id='word_1_72' title='bbox 846 1351 1082 1436; x_wconf 64' lang='grc' dir='ltr'><strong><em>τελεσίόρομπς</em></strong></span> <span class='ocrx_word' id='word_1_73' title='bbox 1113 1362 1176 1418; x_wconf 82' lang='lat' dir='ltr'><strong>etc.</strong></span> 
     </span>
     <span class='ocr_line' id='line_1_11' title="bbox 66 1449 1177 1538; baseline 0.004 -24"><span class='ocrx_word' id='word_1_74' title='bbox 66 1451 145 1515; x_wconf 91' lang='lat' dir='ltr'><strong>haud</strong></span> <span class='ocrx_word' id='word_1_75' title='bbox 167 1451 350 1516; x_wconf 86' lang='lat' dir='ltr'><strong>mirandum</strong></span> <span class='ocrx_word' id='word_1_76' title='bbox 372 1462 422 1517; x_wconf 88' lang='lat' dir='ltr'><strong>est</strong></span> <span class='ocrx_word' id='word_1_77' title='bbox 443 1476 464 1518; x_wconf 87' lang='lat' dir='ltr'><strong>a</strong></span> <span class='ocrx_word' id='word_1_78' title='bbox 483 1452 591 1518; x_wconf 86' lang='lat' dir='ltr'><strong>verbis</strong></span> <span class='ocrx_word' id='word_1_79' title='bbox 614 1451 704 1538; x_wconf 87' lang='lat' dir='ltr'><strong>puris</strong></span> <span class='ocrx_word' id='word_1_80' title='bbox 728 1449 972 1516; x_wconf 85' lang='lat' dir='ltr'><strong>similitudinem</strong></span> <span class='ocrx_word' id='word_1_81' title='bbox 994 1451 1177 1518; x_wconf 78' lang='lat' dir='ltr'><strong>traductam</strong></span> 
     </span>
     <span class='ocr_line' id='line_1_12' title="bbox 67 1549 1178 1642; baseline 0.002 -24"><span class='ocrx_word' id='word_1_82' title='bbox 67 1575 128 1619; x_wconf 89' lang='lat' dir='ltr'><strong>esse</strong></span> <span class='ocrx_word' id='word_1_83' title='bbox 154 1553 198 1618; x_wconf 88' lang='lat' dir='ltr'><strong>ad</strong></span> <span class='ocrx_word' id='word_1_84' title='bbox 219 1575 286 1619; x_wconf 88' lang='lat' dir='ltr'><strong>non</strong></span> <span class='ocrx_word' id='word_1_85' title='bbox 308 1575 391 1642; x_wconf 87' lang='lat' dir='ltr'><strong>pura</strong></span> <span class='ocrx_word' id='word_1_86' title='bbox 409 1549 652 1639; x_wconf 82' lang='grc' dir='ltr'><strong><em>άρχεσίμολπος</em></strong></span> <span class='ocrx_word' id='word_1_87' title='bbox 674 1564 735 1619; x_wconf 86' lang='lat' dir='ltr'><strong>etc.</strong></span> <span class='ocrx_word' id='word_1_88' title='bbox 778 1552 833 1618; x_wconf 88' lang='lat' dir='ltr'><strong>De</strong></span> <span class='ocrx_word' id='word_1_89' title='bbox 851 1551 1102 1638; x_wconf 80' lang='grc' dir='ltr'><strong><em>πηχεοίμαλλος</em></strong></span> <span class='ocrx_word' id='word_1_90' title='bbox 1121 1554 1178 1620; x_wconf 75' lang='lat' dir='ltr'><strong>vix</strong></span> 
     </span>
     <span class='ocr_line' id='line_1_13' title="bbox 65 1655 1177 1743; baseline 0.004 -23"><span class='ocrx_word' id='word_1_91' title='bbox 65 1656 176 1741; x_wconf 83' lang='lat' dir='ltr'><strong>aliquis</strong></span> <span class='ocrx_word' id='word_1_92' title='bbox 199 1657 353 1722; x_wconf 88' lang='lat' dir='ltr'><strong>decernat</strong></span> <span class='ocrx_word' id='word_1_93' title='bbox 373 1665 481 1720; x_wconf 85' lang='lat' dir='ltr'><strong>utrum</strong></span> <span class='ocrx_word' id='word_1_94' title='bbox 505 1677 545 1720; x_wconf 88' lang='lat' dir='ltr'><strong>ex</strong></span> <span class='ocrx_word' id='word_1_95' title='bbox 564 1655 777 1743; x_wconf 79' lang='grc' dir='ltr'><strong><em>πηξίμαλλος</em></strong></span> <span class='ocrx_word' id='word_1_96' title='bbox 795 1655 993 1740; x_wconf 89' lang='lat' dir='ltr'><strong>productum</strong></span> <span class='ocrx_word' id='word_1_97' title='bbox 1013 1655 1057 1720; x_wconf 89' lang='lat' dir='ltr'><strong>sit</strong></span> <span class='ocrx_word' id='word_1_98' title='bbox 1078 1678 1121 1722; x_wconf 89' lang='lat' dir='ltr'><strong>an</strong></span> <span class='ocrx_word' id='word_1_99' title='bbox 1139 1669 1177 1725; x_wconf 86' lang='lat' dir='ltr'><strong>ut</strong></span> 
     </span>
     <span class='ocr_line' id='line_1_14' title="bbox 65 1753 1270 1846; baseline 0.003 -25"><span class='ocrx_word' id='word_1_100' title='bbox 65 1758 109 1822; x_wconf 89' lang='lat' dir='ltr'><strong>ille</strong></span> <span class='ocrx_word' id='word_1_101' title='bbox 127 1758 217 1823; x_wconf 89' lang='lat' dir='ltr'><strong>dicit.</strong></span> <span class='ocrx_word' id='word_1_102' title='bbox 256 1757 326 1825; x_wconf 84' lang='lat' dir='ltr'><strong>Sed</strong></span> <span class='ocrx_word' id='word_1_103' title='bbox 348 1756 561 1842; x_wconf 84' lang='lat' dir='ltr'><strong>syneodrome</strong></span> <span class='ocrx_word' id='word_1_104' title='bbox 582 1755 722 1822; x_wconf 85' lang='lat' dir='ltr'><strong>maxime</strong></span> <span class='ocrx_word' id='word_1_105' title='bbox 745 1757 895 1822; x_wconf 82' lang='lat' dir='ltr'><strong>convenit</strong></span> <span class='ocrx_word' id='word_1_106' title='bbox 916 1759 1052 1845; x_wconf 90' lang='lat' dir='ltr'><strong>proprio</strong></span> <span class='ocrx_word' id='word_1_107' title='bbox 1072 1762 1177 1846; x_wconf 84' lang='grc' dir='ltr'><strong><em>Πρω-</em></strong></span> <span class='ocrx_word' id='word_1_108' title='bbox 1265 1753 1270 1760; x_wconf 77' lang='grc'>’</span> 
     </span>
     <span class='ocr_line' id='line_1_15' title="bbox 63 1858 1177 1944; baseline 0.002 -20"><span class='ocrx_word' id='word_1_109' title='bbox 63 1860 227 1937; x_wconf 76' lang='grc' dir='ltr'><strong><em>περίλαος,</em></strong></span> <span class='ocrx_word' id='word_1_110' title='bbox 263 1859 354 1944; x_wconf 90' lang='lat' dir='ltr'><strong>quod</strong></span> <span class='ocrx_word' id='word_1_111' title='bbox 387 1875 499 1924; x_wconf 86' lang='lat' dir='ltr'><strong>omnes</strong></span> <span class='ocrx_word' id='word_1_112' title='bbox 528 1858 735 1924; x_wconf 89' lang='lat' dir='ltr'><strong>consentiunt</strong></span> <span class='ocrx_word' id='word_1_113' title='bbox 766 1859 1002 1926; x_wconf 75' lang='lat' dir='ltr'><strong>consumatum</strong></span> <span class='ocrx_word' id='word_1_114' title='bbox 1031 1882 1105 1926; x_wconf 84' lang='lat' dir='ltr'><strong>ease</strong></span> <span class='ocrx_word' id='word_1_115' title='bbox 1132 1861 1177 1926; x_wconf 78' lang='lat' dir='ltr'><strong>ad</strong></span> 
     </span>
     <span class='ocr_line' id='line_1_16' title="bbox 65 1956 1177 2049; baseline 0.004 -26"><span class='ocrx_word' id='word_1_116' title='bbox 65 1960 243 2046; x_wconf 86' lang='lat' dir='ltr'><strong>exemplum</strong></span> <span class='ocrx_word' id='word_1_117' title='bbox 264 1959 497 2044; x_wconf 80' lang='lat' dir='ltr'><strong>adjectivorum</strong></span> <span class='ocrx_word' id='word_1_118' title='bbox 518 1981 592 2025; x_wconf 87' lang='lat' dir='ltr'><strong>cum</strong></span> <span class='ocrx_word' id='word_1_119' title='bbox 614 1961 724 2026; x_wconf 76' lang='lat' dir='ltr'><strong>dativo</strong></span> <span class='ocrx_word' id='word_1_120' title='bbox 743 1961 932 2045; x_wconf 89' lang='lat' dir='ltr'><strong>junctorum</strong></span> <span class='ocrx_word' id='word_1_121' title='bbox 957 1956 1177 2049; x_wconf 74' lang='grc' dir='ltr'><strong>ἀνθεσίχρως,</strong></span> 
     </span>
     <span class='ocr_line' id='line_1_17' title="bbox 63 2056 1174 2151; baseline 0.005 -25"><span class='ocrx_word' id='word_1_122' title='bbox 63 2056 285 2147; x_wconf 74' lang='grc' dir='ltr'><strong><em>άλγεσίδωρος</em></strong></span> <span class='ocrx_word' id='word_1_123' title='bbox 300 2062 368 2148; x_wconf 83' lang='lat' dir='ltr'><strong>(cui</strong></span> <span class='ocrx_word' id='word_1_124' title='bbox 387 2062 574 2149; x_wconf 89' lang='lat' dir='ltr'><strong>appositum</strong></span> <span class='ocrx_word' id='word_1_125' title='bbox 593 2073 643 2127; x_wconf 85' lang='lat' dir='ltr'><strong>est</strong></span> <span class='ocrx_word' id='word_1_126' title='bbox 661 2059 900 2151; x_wconf 72' lang='grc' dir='ltr'><strong><em>άλγεόόιιιρος),</em></strong></span> <span class='ocrx_word' id='word_1_127' title='bbox 924 2060 1174 2150; x_wconf 78' lang='grc' dir='ltr'><strong><em>ίρνεοίπεπλος,</em></strong></span> 
     </span>
     <span class='ocr_line' id='line_1_18' title="bbox 63 2159 1173 2252; baseline 0.003 -24"><span class='ocrx_word' id='word_1_128' title='bbox 63 2161 274 2248; x_wconf 81' lang='grc' dir='ltr'><strong><em>ἒντεσίεργος,</em></strong></span> <span class='ocrx_word' id='word_1_129' title='bbox 310 2163 528 2252; x_wconf 72' lang='grc' dir='ltr'><strong><em>ναυσιβάτης,</em></strong></span> <span class='ocrx_word' id='word_1_130' title='bbox 561 2159 796 2248; x_wconf 55' lang='lat' dir='ltr'><strong>desolutum,</strong></span> <span class='ocrx_word' id='word_1_131' title='bbox 832 2165 1071 2250; x_wconf 75' lang='grc' dir='ltr'><strong><em>Γαλαξίδωρος</em></strong></span> <span class='ocrx_word' id='word_1_132' title='bbox 1101 2176 1173 2231; x_wconf 73' lang='lat' dir='ltr'><strong>tm·</strong></span> 
     </span>
     <span class='ocr_line' id='line_1_19' title="bbox 60 2263 1176 2353; baseline 0.004 -24"><span class='ocrx_word' id='word_1_133' title='bbox 60 2287 153 2349; x_wconf 84' lang='lat' dir='ltr'><strong>quam</strong></span> <span class='ocrx_word' id='word_1_134' title='bbox 175 2287 195 2328; x_wconf 86' lang='lat' dir='ltr'><strong>a</strong></span> <span class='ocrx_word' id='word_1_135' title='bbox 213 2263 321 2329; x_wconf 85' lang='lat' dir='ltr'><strong>dativo</strong></span> <span class='ocrx_word' id='word_1_136' title='bbox 345 2270 417 2342; x_wconf 86' lang='grc' dir='ltr'><strong><em>τοῖς</em></strong></span> <span class='ocrx_word' id='word_1_137' title='bbox 440 2263 557 2349; x_wconf 73' lang='grc' dir='ltr'><strong><em>γάλαξι</em></strong></span> <span class='ocrx_word' id='word_1_138' title='bbox 578 2264 697 2330; x_wconf 75' lang='lat' dir='ltr'><strong>Par-all.</strong></span> <span class='ocrx_word' id='word_1_139' title='bbox 709 2265 783 2330; x_wconf 77' lang='lat'><strong>278.</strong></span> <span class='ocrx_word' id='word_1_140' title='bbox 803 2265 987 2353; x_wconf 86' lang='lat' dir='ltr'><strong>eodemque</strong></span> <span class='ocrx_word' id='word_1_141' title='bbox 1005 2265 1176 2343; x_wconf 70' lang='lat' dir='ltr'><strong>aberrante</strong></span> 
     </span>
     <span class='ocr_line' id='line_1_20' title="bbox 58 2361 1175 2456; baseline 0.004 -24"><span class='ocrx_word' id='word_1_142' title='bbox 58 2367 188 2432; x_wconf 84' lang='lat' dir='ltr'><strong>nomina</strong></span> <span class='ocrx_word' id='word_1_143' title='bbox 204 2366 328 2452; x_wconf 80' lang='lat' dir='ltr'><strong>primae</strong></span> <span class='ocrx_word' id='word_1_144' title='bbox 347 2361 572 2431; x_wconf 79' lang='lat' dir='ltr'><strong>declinationis</strong></span> <span class='ocrx_word' id='word_1_145' title='bbox 591 2366 834 2453; x_wconf 79' lang='grc' dir='ltr'><strong><em>ποεσίτροφος,</em></strong></span> <span class='ocrx_word' id='word_1_146' title='bbox 857 2365 1071 2456; x_wconf 80' lang='grc' dir='ltr'><strong><em>ποεσίχροος,</em></strong></span> <span class='ocrx_word' id='word_1_147' title='bbox 1091 2363 1175 2454; x_wconf 77' lang='lat' dir='ltr'><strong>uipe-</strong></span> 
     </span>
     <span class='ocr_line' id='line_1_21' title="bbox 58 2465 1174 2558; baseline 0.003 -25"><span class='ocrx_word' id='word_1_148' title='bbox 58 2467 215 2557; x_wconf 84' lang='grc' dir='ltr'><strong><em>οιὸιότης,</em></strong></span> <span class='ocrx_word' id='word_1_149' title='bbox 241 2468 332 2554; x_wconf 90' lang='lat' dir='ltr'><strong>quod</strong></span> <span class='ocrx_word' id='word_1_150' title='bbox 354 2478 404 2532; x_wconf 87' lang='lat' dir='ltr'><strong>est</strong></span> <span class='ocrx_word' id='word_1_151' title='bbox 415 2465 582 2553; x_wconf 81' lang='lat' dir='ltr'><strong>Apollinis</strong></span> <span class='ocrx_word' id='word_1_152' title='bbox 605 2467 673 2532; x_wconf 87' lang='lat' dir='ltr'><strong>sive</strong></span> <span class='ocrx_word' id='word_1_153' title='bbox 690 2467 782 2534; x_wconf 86' lang='lat' dir='ltr'><strong>Solis</strong></span> <span class='ocrx_word' id='word_1_154' title='bbox 804 2468 975 2556; x_wconf 78' lang='lat' dir='ltr'><strong>epitheton</strong></span> <span class='ocrx_word' id='word_1_155' title='bbox 995 2481 1174 2558; x_wconf 71' lang='lat' dir='ltr'><strong>tempesta·</strong></span> 
     </span>
     <span class='ocr_line' id='line_1_22' title="bbox 57 2565 1173 2658; baseline 0.004 -24"><span class='ocrx_word' id='word_1_156' title='bbox 57 2579 121 2635; x_wconf 91' lang='lat' dir='ltr'><strong>tnm</strong></span> <span class='ocrx_word' id='word_1_157' title='bbox 142 2570 280 2636; x_wconf 86' lang='lat' dir='ltr'><strong>rectoris</strong></span> <span class='ocrx_word' id='word_1_158' title='bbox 300 2567 495 2634; x_wconf 88' lang='lat' dir='ltr'><strong>sicutCeres</strong></span> <span class='ocrx_word' id='word_1_159' title='bbox 517 2567 768 2654; x_wconf 87' lang='lat' dir='ltr'><strong>cognominatur</strong></span> <span class='ocrx_word' id='word_1_160' title='bbox 788 2565 980 2658; x_wconf 79' lang='grc' dir='ltr'><strong><em>ὡρηφόρος,</em></strong></span> <span class='ocrx_word' id='word_1_161' title='bbox 1004 2587 1173 2656; x_wconf 75' lang='lat' dir='ltr'><strong>postremo</strong></span> 
     </span>
     <span class='ocr_line' id='line_1_23' title="bbox 56 2663 1175 2758; baseline -0.003 -20"><span class='ocrx_word' id='word_1_162' title='bbox 56 2667 306 2758; x_wconf 68' lang='grc' dir='ltr'><strong><em>άελλροίόυμος</em></strong></span> <span class='ocrx_word' id='word_1_163' title='bbox 326 2692 387 2757; x_wconf 92' lang='lat' dir='ltr'><strong>pro</strong></span> <span class='ocrx_word' id='word_1_164' title='bbox 410 2667 623 2752; x_wconf 73' lang='grc' dir='ltr'><strong><em>άτλλόίίιιμος</em></strong></span> <span class='ocrx_word' id='word_1_165' title='bbox 648 2670 700 2754; x_wconf 84' lang='lat' dir='ltr'><strong>(ut</strong></span> <span class='ocrx_word' id='word_1_166' title='bbox 721 2663 934 2756; x_wconf 67' lang='lat' dir='ltr'><strong>delitiscere).</strong></span> <span class='ocrx_word' id='word_1_167' title='bbox 977 2671 1106 2739; x_wconf 83' lang='lat' dir='ltr'><strong>Eadem</strong></span> <span class='ocrx_word' id='word_1_168' title='bbox 1122 2671 1175 2736; x_wconf 82' lang='lat' dir='ltr'><strong>via</strong></span> 
     </span>
     <span class='ocr_line' id='line_1_24' title="bbox 56 2768 1174 2859; baseline 0.002 -23"><span class='ocrx_word' id='word_1_169' title='bbox 56 2773 290 2857; x_wconf 86' lang='lat' dir='ltr'><strong>syneodromae</strong></span> <span class='ocrx_word' id='word_1_170' title='bbox 320 2782 456 2858; x_wconf 88' lang='lat' dir='ltr'><strong>apparet</strong></span> <span class='ocrx_word' id='word_1_171' title='bbox 484 2771 518 2836; x_wconf 92' lang='lat' dir='ltr'><strong>iu</strong></span> <span class='ocrx_word' id='word_1_172' title='bbox 547 2768 762 2855; x_wconf 68' lang='lat' dir='ltr'><strong>postomium</strong></span> <span class='ocrx_word' id='word_1_173' title='bbox 788 2793 849 2858; x_wconf 91' lang='lat' dir='ltr'><strong>pro</strong></span> <span class='ocrx_word' id='word_1_174' title='bbox 879 2774 1051 2859; x_wconf 80' lang='grc' dir='ltr'><strong><em>μυριάκις,</em></strong></span> <span class='ocrx_word' id='word_1_175' title='bbox 1080 2771 1174 2859; x_wconf 81' lang='lat' dir='ltr'><strong>quod</strong></span> 
     </span>
     <span class='ocr_line' id='line_1_25' title="bbox 55 2869 1174 2961; baseline 0 -21"><span class='ocrx_word' id='word_1_176' title='bbox 55 2876 278 2940; x_wconf 84' lang='lat' dir='ltr'><strong>assimulatum</strong></span> <span class='ocrx_word' id='word_1_177' title='bbox 299 2885 349 2938; x_wconf 89' lang='lat' dir='ltr'><strong>est</strong></span> <span class='ocrx_word' id='word_1_178' title='bbox 369 2872 522 2938; x_wconf 86' lang='lat' dir='ltr'><strong>adverbio</strong></span> <span class='ocrx_word' id='word_1_179' title='bbox 546 2871 738 2937; x_wconf 87' lang='lat' dir='ltr'><strong>immutabili</strong></span> <span class='ocrx_word' id='word_1_180' title='bbox 766 2869 996 2954; x_wconf 73' lang='grc' dir='ltr'><strong><em>ἑκατοντάκις,</em></strong></span> <span class='ocrx_word' id='word_1_181' title='bbox 1027 2890 1059 2940; x_wconf 86' lang='lat' dir='ltr'><strong>st</strong></span> <span class='ocrx_word' id='word_1_182' title='bbox 1086 2894 1174 2961; x_wconf 79' lang='lat' dir='ltr'><strong>quse</strong></span> 
     </span>
     <span class='ocr_line' id='line_1_26' title="bbox 55 2971 1171 3064; baseline 0.001 -22"><span class='ocrx_word' id='word_1_183' title='bbox 55 2997 126 3042; x_wconf 85' lang='lat' dir='ltr'><strong>eum</strong></span> <span class='ocrx_word' id='word_1_184' title='bbox 148 2977 267 3042; x_wconf 88' lang='lat' dir='ltr'><strong>eodem</strong></span> <span class='ocrx_word' id='word_1_185' title='bbox 288 2997 408 3062; x_wconf 86' lang='lat' dir='ltr'><strong>genere</strong></span> <span class='ocrx_word' id='word_1_186' title='bbox 426 2975 640 3041; x_wconf 86' lang='lat' dir='ltr'><strong>numeralium</strong></span> <span class='ocrx_word' id='word_1_187' title='bbox 663 2974 838 3040; x_wconf 84' lang='lat' dir='ltr'><strong>cohaerent</strong></span> <span class='ocrx_word' id='word_1_188' title='bbox 856 2971 1171 3064; x_wconf 72' lang='grc' dir='ltr'><strong><em>ἑκατοντοκάρηνος,</em></strong></span> 
     </span>
     <span class='ocr_line' id='line_1_27' title="bbox 53 3071 1173 3165; baseline 0.001 -22"><span class='ocrx_word' id='word_1_189' title='bbox 53 3074 307 3164; x_wconf 80' lang='grc' dir='ltr'><strong><em>μυριόνταρχος,</em></strong></span> <span class='ocrx_word' id='word_1_190' title='bbox 335 3071 560 3165; x_wconf 79' lang='grc' dir='ltr'><strong><em>χιλιονταιτής</em></strong></span> <span class='ocrx_word' id='word_1_191' title='bbox 586 3097 616 3140; x_wconf 82' lang='lat' dir='ltr'><strong>v.</strong></span> <span class='ocrx_word' id='word_1_192' title='bbox 640 3077 684 3140; x_wconf 86' lang='lat' dir='ltr'><strong>ad</strong></span> <span class='ocrx_word' id='word_1_193' title='bbox 705 3077 785 3142; x_wconf 84' lang='lat' dir='ltr'><strong>Phr.</strong></span> <span class='ocrx_word' id='word_1_194' title='bbox 808 3077 880 3142; x_wconf 78' lang='grc'><strong>765.</strong></span> <span class='ocrx_word' id='word_1_195' title='bbox 904 3076 1068 3144; x_wconf 81' lang='lat' dir='ltr'><strong>abstracta</strong></span> <span class='ocrx_word' id='word_1_196' title='bbox 1095 3089 1173 3144; x_wconf 83' lang='lat' dir='ltr'><strong>sunt</strong></span> 
     </span>
     <span class='ocr_line' id='line_1_28' title="bbox 54 3176 1170 3268; baseline 0.003 -24"><span class='ocrx_word' id='word_1_197' title='bbox 54 3181 97 3244; x_wconf 88' lang='lat' dir='ltr'><strong>ad</strong></span> <span class='ocrx_word' id='word_1_198' title='bbox 117 3178 363 3246; x_wconf 89' lang='lat' dir='ltr'><strong>similitudinem</strong></span> <span class='ocrx_word' id='word_1_199' title='bbox 385 3201 496 3244; x_wconf 89' lang='lat' dir='ltr'><strong>eorum</strong></span> <span class='ocrx_word' id='word_1_200' title='bbox 518 3201 603 3265; x_wconf 88' lang='lat' dir='ltr'><strong>quae</strong></span> <span class='ocrx_word' id='word_1_201' title='bbox 625 3198 645 3243; x_wconf 86' lang='lat' dir='ltr'><strong>a</strong></span> <span class='ocrx_word' id='word_1_202' title='bbox 665 3176 860 3264; x_wconf 84' lang='grc' dir='ltr'><strong><em>τριάκοντα,</em></strong></span> <span class='ocrx_word' id='word_1_203' title='bbox 884 3178 1087 3268; x_wconf 77' lang='grc' dir='ltr'><strong><em>πεντήκοντα</em></strong></span> <span class='ocrx_word' id='word_1_204' title='bbox 1108 3191 1170 3247; x_wconf 86' lang='lat' dir='ltr'><strong>etc.</strong></span> 
     </span>
     <span class='ocr_line' id='line_1_29' title="bbox 56 3278 1169 3367; baseline 0 -21"><span class='ocrx_word' id='word_1_205' title='bbox 56 3283 213 3348; x_wconf 84' lang='lat' dir='ltr'><strong>oriuntur.</strong></span> <span class='ocrx_word' id='word_1_206' title='bbox 256 3281 398 3346; x_wconf 88' lang='lat' dir='ltr'><strong>Prorsus</strong></span> <span class='ocrx_word' id='word_1_207' title='bbox 416 3301 657 3367; x_wconf 87' lang='lat' dir='ltr'><strong>supervacanea</strong></span> <span class='ocrx_word' id='word_1_208' title='bbox 682 3291 732 3345; x_wconf 89' lang='lat' dir='ltr'><strong>est</strong></span> <span class='ocrx_word' id='word_1_209' title='bbox 753 3278 941 3366; x_wconf 75' lang='lat' dir='ltr'><strong>epenthesis</strong></span> <span class='ocrx_word' id='word_1_210' title='bbox 968 3301 1034 3365; x_wconf 87' lang='lat' dir='ltr'><strong>qua</strong></span> <span class='ocrx_word' id='word_1_211' title='bbox 1056 3281 1169 3348; x_wconf 80' lang='lat' dir='ltr'><strong>Schol.</strong></span> 
     </span>
     <span class='ocr_line' id='line_1_30' title="bbox 53 3377 1172 3470; baseline 0.004 -24"><span class='ocrx_word' id='word_1_212' title='bbox 53 3383 92 3446; x_wconf 92' lang='lat' dir='ltr'><strong>Il.</strong></span> <span class='ocrx_word' id='word_1_213' title='bbox 112 3383 194 3450; x_wconf 89' lang='lat' dir='ltr'><strong>XV.</strong></span> <span class='ocrx_word' id='word_1_214' title='bbox 217 3381 413 3448; x_wconf 68' lang='lat' dir='ltr'><strong>steuchus</strong></span> <span class='ocrx_word' id='word_1_215' title='bbox 433 3378 731 3470; x_wconf 75' lang='grc' dir='ltr'><strong><em>Λομπετίόηςώς</em></strong></span> <span class='ocrx_word' id='word_1_216' title='bbox 758 3377 866 3462; x_wconf 81' lang='grc' dir='ltr'><strong><em>πάχος</em></strong></span> <span class='ocrx_word' id='word_1_217' title='bbox 895 3378 1041 3462; x_wconf 78' lang='grc' dir='ltr'><strong><em>πάχετος</em></strong></span> <span class='ocrx_word' id='word_1_218' title='bbox 1068 3386 1172 3450; x_wconf 86' lang='grc' dir='ltr'><strong><em>πλεο·</em></strong></span> 
     </span>
     <span class='ocr_line' id='line_1_31' title="bbox 52 3476 1171 3601; baseline 0.001 -53"><span class='ocrx_word' id='word_1_219' title='bbox 52 3505 169 3601; x_wconf 66' lang='lat' dir='ltr'><strong>voopstp</strong></span> <span class='ocrx_word' id='word_1_220' title='bbox 197 3487 259 3550; x_wconf 82' lang='grc' dir='ltr'><strong>τοῦ</strong></span> <span class='ocrx_word' id='word_1_221' title='bbox 286 3509 312 3563; x_wconf 85' lang='grc' dir='ltr'><strong>ε,</strong></span> <span class='ocrx_word' id='word_1_222' title='bbox 336 3505 397 3548; x_wconf 87' lang='lat' dir='ltr'><strong>scr.</strong></span> <span class='ocrx_word' id='word_1_223' title='bbox 419 3478 573 3564; x_wconf 78' lang='grc' dir='ltr'><strong><em>Λάμπος</em></strong></span> <span class='ocrx_word' id='word_1_224' title='bbox 585 3483 778 3566; x_wconf 82' lang='grc' dir='ltr'><strong><em>Λαμπετος</em></strong></span> <span class='ocrx_word' id='word_1_225' title='bbox 798 3476 1045 3563; x_wconf 53' lang='grc' dir='ltr'><strong><em>ιόςωπάχετος</em></strong></span> <span class='ocrx_word' id='word_1_226' title='bbox 1065 3485 1171 3550; x_wconf 80' lang='grc' dir='ltr'><strong><em>πλεο</em></strong></span> 
     </span>
     <span class='ocr_line' id='line_1_32' title="bbox 51 3581 1172 3672; baseline 0.003 -26"><span class='ocrx_word' id='word_1_227' title='bbox 51 3588 167 3672; x_wconf 64' lang='lat' dir='ltr'><strong>scoteni</strong></span> <span class='ocrx_word' id='word_1_228' title='bbox 182 3609 243 3650; x_wconf 83' lang='grc' dir='ltr'><strong>τοο</strong></span> <span class='ocrx_word' id='word_1_229' title='bbox 261 3611 277 3652; x_wconf 88' lang='grc' dir='ltr'><strong><em>ε</em></strong></span> <span class='ocrx_word' id='word_1_230' title='bbox 295 3586 350 3652; x_wconf 78' lang='grc' dir='ltr'><strong>καί</strong></span> <span class='ocrx_word' id='word_1_231' title='bbox 365 3611 392 3652; x_wconf 90' lang='grc' dir='ltr'><strong>τ.</strong></span> <span class='ocrx_word' id='word_1_232' title='bbox 417 3584 473 3651; x_wconf 82' lang='lat' dir='ltr'><strong>sio</strong></span> <span class='ocrx_word' id='word_1_233' title='bbox 486 3583 571 3650; x_wconf 90' lang='lat' dir='ltr'><strong>enim</strong></span> <span class='ocrx_word' id='word_1_234' title='bbox 583 3581 715 3670; x_wconf 85' lang='lat' dir='ltr'><strong>saepius</strong></span> <span class='ocrx_word' id='word_1_235' title='bbox 728 3581 912 3647; x_wconf 89' lang='lat' dir='ltr'><strong>terminatio</strong></span> <span class='ocrx_word' id='word_1_236' title='bbox 922 3582 1086 3668; x_wconf 85' lang='lat' dir='ltr'><strong>primitiva</strong></span> <span class='ocrx_word' id='word_1_237' title='bbox 1099 3583 1172 3650; x_wconf 82' lang='lat' dir='ltr'><strong>aine</strong></span> 
     </span>
     <span class='ocr_line' id='line_1_33' title="bbox 50 3682 1172 3773; baseline 0.003 -24"><span class='ocrx_word' id='word_1_238' title='bbox 50 3685 117 3750; x_wconf 89' lang='lat' dir='ltr'><strong>ulla</strong></span> <span class='ocrx_word' id='word_1_239' title='bbox 141 3685 287 3751; x_wconf 87' lang='lat' dir='ltr'><strong>intellect</strong></span> <span class='ocrx_word' id='word_1_240' title='bbox 274 3695 326 3750; x_wconf 90' lang='lat' dir='ltr'><strong>tus</strong></span> <span class='ocrx_word' id='word_1_241' title='bbox 347 3685 526 3750; x_wconf 90' lang='lat' dir='ltr'><strong>mutatione</strong></span> <span class='ocrx_word' id='word_1_242' title='bbox 547 3683 753 3772; x_wconf 82' lang='lat' dir='ltr'><strong>protenditur</strong></span> <span class='ocrx_word' id='word_1_243' title='bbox 780 3684 916 3750; x_wconf 84' lang='lat' dir='ltr'><strong>ulterius</strong></span> <span class='ocrx_word' id='word_1_244' title='bbox 942 3682 1058 3773; x_wconf 79' lang='grc' dir='ltr'><strong><em>γομφή</em></strong></span> <span class='ocrx_word' id='word_1_245' title='bbox 1086 3709 1172 3771; x_wconf 78' lang='grc' dir='ltr'><strong><em>γαμ-</em></strong></span> 
     </span>
     <span class='ocr_line' id='line_1_34' title="bbox 50 3778 1169 3874; baseline 0.004 -22"><span class='ocrx_word' id='word_1_246' title='bbox 50 3784 154 3874; x_wconf 74' lang='grc' dir='ltr'><strong>φρλὴ,</strong></span> <span class='ocrx_word' id='word_1_247' title='bbox 180 3784 281 3865; x_wconf 86' lang='grc' dir='ltr'><strong><em>κόλος</em></strong></span> <span class='ocrx_word' id='word_1_248' title='bbox 298 3778 504 3870; x_wconf 76' lang='grc' dir='ltr'><strong><em>κολοβός,”</em></strong></span> <span class='ocrx_word' id='word_1_249' title='bbox 481 3809 624 3871; x_wconf 84' lang='grc' dir='ltr'><strong><em>απειρρς</em></strong></span> <span class='ocrx_word' id='word_1_250' title='bbox 645 3783 838 3870; x_wconf 79' lang='grc' dir='ltr'><strong><em>ἀπείριτος,</em></strong></span> <span class='ocrx_word' id='word_1_251' title='bbox 866 3784 1028 3874; x_wconf 71' lang='grc' dir='ltr'><strong><em>ἔμπειρος</em></strong></span> <span class='ocrx_word' id='word_1_252' title='bbox 1051 3786 1169 3868; x_wconf 79' lang='grc' dir='ltr'><strong><em>ίμπεί·</em></strong></span> 
     </span>
     <span class='ocr_line' id='line_1_35' title="bbox 49 3882 1170 3974; baseline 0 -22"><span class='ocrx_word' id='word_1_253' title='bbox 49 3911 157 3974; x_wconf 86' lang='grc' dir='ltr'><strong><em>ραμος</em></strong></span> <span class='ocrx_word' id='word_1_254' title='bbox 179 3898 214 3954; x_wconf 87' lang='lat' dir='ltr'><strong>et</strong></span> <span class='ocrx_word' id='word_1_255' title='bbox 238 3888 302 3953; x_wconf 87' lang='lat' dir='ltr'><strong>alia</strong></span> <span class='ocrx_word' id='word_1_256' title='bbox 323 3909 407 3972; x_wconf 86' lang='lat' dir='ltr'><strong>quae</strong></span> <span class='ocrx_word' id='word_1_257' title='bbox 423 3909 463 3952; x_wconf 88' lang='lat' dir='ltr'><strong>ex</strong></span> <span class='ocrx_word' id='word_1_258' title='bbox 478 3886 579 3952; x_wconf 88' lang='lat' dir='ltr'><strong>Proll.</strong></span> <span class='ocrx_word' id='word_1_259' title='bbox 599 3885 667 3974; x_wconf 91' lang='lat' dir='ltr'><strong>peti</strong></span> <span class='ocrx_word' id='word_1_260' title='bbox 682 3882 832 3972; x_wconf 81' lang='lat' dir='ltr'><strong>possunt.</strong></span> <span class='ocrx_word' id='word_1_261' title='bbox 865 3887 934 3955; x_wconf 87' lang='lat' dir='ltr'><strong>Sed</strong></span> <span class='ocrx_word' id='word_1_262' title='bbox 951 3888 1041 3952; x_wconf 86' lang='lat' dir='ltr'><strong>nulla</strong></span> <span class='ocrx_word' id='word_1_263' title='bbox 1054 3888 1170 3953; x_wconf 81' lang='lat' dir='ltr'><strong>harum</strong></span> 
     </span>
     <span class='ocr_line' id='line_1_36' title="bbox 48 3987 1170 4074; baseline 0.004 -24"><span class='ocrx_word' id='word_1_264' title='bbox 48 3988 212 4054; x_wconf 87' lang='lat' dir='ltr'><strong>rationum</strong></span> <span class='ocrx_word' id='word_1_265' title='bbox 235 3989 370 4055; x_wconf 78' lang='lat' dir='ltr'><strong>solvitur</strong></span> <span class='ocrx_word' id='word_1_266' title='bbox 391 4010 510 4052; x_wconf 86' lang='lat' dir='ltr'><strong>nomen</strong></span> <span class='ocrx_word' id='word_1_267' title='bbox 538 3987 630 4074; x_wconf 92' lang='lat' dir='ltr'><strong>quod</strong></span> <span class='ocrx_word' id='word_1_268' title='bbox 650 3989 730 4053; x_wconf 81' lang='lat' dir='ltr'><strong>EM.</strong></span> <span class='ocrx_word' id='word_1_269' title='bbox 752 3988 826 4066; x_wconf 83' lang='grc'><strong>356,</strong></span> <span class='ocrx_word' id='word_1_270' title='bbox 843 3989 898 4052; x_wconf 84' lang='grc'><strong>41.</strong></span> <span class='ocrx_word' id='word_1_271' title='bbox 926 3999 1085 4054; x_wconf 82' lang='lat' dir='ltr'><strong>consueto</strong></span> <span class='ocrx_word' id='word_1_272' title='bbox 1116 4009 1170 4053; x_wconf 84' lang='lat' dir='ltr'><strong>ar·</strong></span> 
     </span>
     <span class='ocr_line' id='line_1_37' title="bbox 46 4084 1168 4177; baseline 0.004 -25"><span class='ocrx_word' id='word_1_273' title='bbox 46 4090 148 4158; x_wconf 84' lang='lat' dir='ltr'><strong>tificio</strong></span> <span class='ocrx_word' id='word_1_274' title='bbox 174 4093 318 4158; x_wconf 85' lang='lat' dir='ltr'><strong>enodare</strong></span> <span class='ocrx_word' id='word_1_275' title='bbox 338 4089 502 4156; x_wconf 83' lang='lat' dir='ltr'><strong>studet:</strong></span> <span class='ocrx_word' id='word_1_276' title='bbox 486 4084 611 4177; x_wconf 73' lang='grc' dir='ltr'><strong><em>επητός</em></strong></span> <span class='ocrx_word' id='word_1_277' title='bbox 632 4085 649 4154; x_wconf 88' lang='grc' dir='ltr'>ὁ</span> <span class='ocrx_word' id='word_1_278' title='bbox 674 4089 805 4176; x_wconf 76' lang='grc' dir='ltr'><strong><em>λόγιος</em></strong></span> <span class='ocrx_word' id='word_1_279' title='bbox 836 4087 931 4176; x_wconf 84' lang='grc' dir='ltr'><strong><em>παρὰ</em></strong></span> <span class='ocrx_word' id='word_1_280' title='bbox 958 4089 997 4154; x_wconf 85' lang='grc' dir='ltr'><strong>τὸ</strong></span> <span class='ocrx_word' id='word_1_281' title='bbox 1028 4115 1100 4156; x_wconf 76' lang='lat' dir='ltr'><strong>ento</strong></span> <span class='ocrx_word' id='word_1_282' title='bbox 1128 4091 1168 4157; x_wconf 86' lang='grc' dir='ltr'><strong>τὸ</strong></span> 
     </span>
     <span class='ocr_line' id='line_1_38' title="bbox 45 4186 1169 4280; baseline 0.003 -25"><span class='ocrx_word' id='word_1_283' title='bbox 45 4190 190 4274; x_wconf 78' lang='grc' dir='ltr'><strong><em>λίγω’</em></strong></span> <span class='ocrx_word' id='word_1_284' title='bbox 155 4217 284 4280; x_wconf 76' lang='grc' dir='ltr'><strong><em>χινεται</em></strong></span> <span class='ocrx_word' id='word_1_285' title='bbox 306 4189 406 4280; x_wconf 73' lang='grc' dir='ltr'><strong><em>ἕπης·</em></strong></span> <span class='ocrx_word' id='word_1_286' title='bbox 432 4189 501 4259; x_wconf 72' lang='grc' dir='ltr'><strong><em>ἔδει</em></strong></span> <span class='ocrx_word' id='word_1_287' title='bbox 523 4191 583 4278; x_wconf 85' lang='grc' dir='ltr'><strong>γάρ</strong></span> <span class='ocrx_word' id='word_1_288' title='bbox 607 4186 841 4275; x_wconf 76' lang='grc' dir='ltr'><strong><em>ίσοσυλλαβειν</em></strong></span> <span class='ocrx_word' id='word_1_289' title='bbox 866 4194 912 4278; x_wconf 77' lang='grc' dir='ltr'><strong>τῷ</strong></span> <span class='ocrx_word' id='word_1_290' title='bbox 940 4188 1081 4278; x_wconf 75' lang='grc' dir='ltr'><strong><em>ῥήματι·</em></strong></span> <span class='ocrx_word' id='word_1_291' title='bbox 1111 4192 1169 4258; x_wconf 77' lang='grc' dir='ltr'><strong>καὶ</strong></span> 
     </span>
     <span class='ocr_line' id='line_1_39' title="bbox 43 4288 1170 4382; baseline 0.004 -26"><span class='ocrx_word' id='word_1_292' title='bbox 43 4292 254 4382; x_wconf 83' lang='grc' dir='ltr'><strong><em>πλεοναπμῳ</em></strong></span> <span class='ocrx_word' id='word_1_293' title='bbox 283 4298 343 4382; x_wconf 82' lang='grc' dir='ltr'><strong><em>τῆς</em></strong></span> <span class='ocrx_word' id='word_1_294' title='bbox 369 4318 408 4381; x_wconf 81' lang='grc' dir='ltr'><strong>τη</strong></span> <span class='ocrx_word' id='word_1_295' title='bbox 440 4289 581 4380; x_wconf 82' lang='grc' dir='ltr'><strong><em>επητὴς,</em></strong></span> <span class='ocrx_word' id='word_1_296' title='bbox 615 4292 706 4377; x_wconf 87' lang='lat' dir='ltr'><strong>quod</strong></span> <span class='ocrx_word' id='word_1_297' title='bbox 734 4291 835 4358; x_wconf 84' lang='lat' dir='ltr'><strong>alii</strong></span> <span class='ocrx_word' id='word_1_298' title='bbox 817 4288 944 4378; x_wconf 80' lang='grc' dir='ltr'><strong><em>επήτης</em></strong></span> <span class='ocrx_word' id='word_1_299' title='bbox 970 4292 1170 4379; x_wconf 84' lang='lat' dir='ltr'><strong>scripserunt</strong></span> 
     </span>
     <span class='ocr_line' id='line_1_40' title="bbox 893 4394 960 4464; baseline 0 0"><span class='ocrx_word' id='word_1_300' title='bbox 893 4394 960 4464; x_wconf 76' lang='lat'><strong>31*</strong></span> 
     </span>
    </p>
   </div>
   <div class='ocr_carea' id='block_1_3' title="bbox 0 0 1418 4809">
    <p class='ocr_par' dir='ltr' id='par_1_3' title="bbox 0 0 1418 4809">
     <span class='ocr_line' id='line_1_41' title="bbox 0 0 1418 4809; baseline 0 5"><span class='ocrx_word' id='word_1_301' title='bbox 0 0 1418 4809; x_wconf 95' lang='lat' dir='ltr'><strong> </strong></span> 
     </span>
    </p>
   </div>
  </div>
 </body>
</html>
