2825 4809
164 335 229 407 nn
247 325 519 400 rsssrusu
535 327 597 395 ur
617 308 894 399 sessurum.
916 310 1021 397 (ιιι.
1039 283 1104 419 (ιῖ
1127 333 1200 410 5⁸5

88 547 222 612 οοργος,
255 511 467 604 τριτάλαινα,
503 516 604 602 idque
630 541 697 583 nou
719 518 855 605 propria
877 518 1114 603 significatione
1139 520 1218 614 sed-

80 649 148 716 pro
179 619 337 712 particula
365 617 516 704 epitatica
543 641 581 684 ac
612 643 653 686 ue
683 620 834 686 omnibus
872 622 1004 706 quidem
1031 622 1199 742 adjectivis

88 728 147 795 sed
167 723 343 815 praecipue
364 720 404 822 iis
428 743 511 806 quae
532 723 620 806 [αλια.
642 736 754 805 pratus
775 723 892 808 hisque
914 723 1076 789 contraria
1097 724 1199 810 signi·

86 833 199 907 ficunt,
228 850 296 892 non
327 813 403 890 vcrd
426 823 498 911 τρὶς
521 819 631 911 σοφός’
661 847 722 910 pro
746 825 834 890 πάνυ
860 821 1050 907 σοφάςσῐσ.
1022 827 1093 911 cl)
1137 827 1200 892 Illa

86 935 120 998 in
140 921 227 996 Edd.
255 924 492 1012 antiquioribus
522 925 715 1012 plerumque
740 927 875 1014 hyphen
904 927 1088 994 scribuntur
1108 951 1198 1013 τρις-

88 1015 319 1115 κακοδαίμων,
347 1029 526 1094 Porsonus
542 1051 619 1094 vero
652 1028 687 1092 in
718 1029 827 1094 Praef.
860 1031 944 1096 Hec.
974 1055 1007 1118 p.
1024 1029 1197 1098 XXVlll.

87 1133 337 1221 disjunctionem
358 1131 460 1196 suasit
481 1129 607 1198 duabus
630 1153 709 1196 usus
740 1131 937 1210 rationibus,
966 1155 1032 1199 uns
1053 1133 1143 1218 quod
1164 1132 1200 1200 iu

87 1237 174 1305 Oed.
204 1233 243 1301 C.
263 1235 337 1300 372.
368 1230 504 1320 εὶςῆλθε
532 1238 604 1298 τοῖν
626 1230 839 1320 τριςαθλίοιν
871 1229 940 1318 ἔρις
955 1229 1051 1321 (κακή
1078 1255 1198 1302 nouseu
1255 1308 1264 1316 J

84 1341 118 1405 in
140 1337 284 1405 secunda
307 1333 444 1422 dipodia
466 1333 610 1422 positum
632 1356 786 1399 numeros
819 1345 1006 1423 corrumpat
1032 1336 1096 1402 uisi
1119 1335 1196 1402 diri·

83 1451 205 1518 matur,
236 1439 336 1504 altera
362 1437 454 1521 quod
482 1436 517 1500 in
547 1435 614 1500 Od.
636 1437 678 1503 V.
715 1436 791 1502 306.
822 1432 1042 1523 τριςμάκοιρες
1065 1435 1198 1506 Δαναοὶ

83 1541 142 1608 καὶ
160 1535 356 1626 τετράκιςῑ)
386 1547 419 1604 et
440 1538 541 1604 Arist.
564 1538 652 1603 Plut.
678 1537 751 1604 851.
781 1530 809 1604 ὦ
832 1535 1119 1625 τριςκακοδαίμων
1139 1535 1198 1608 καὶ

81 1640 234 1729 τετράκις
264 1638 323 1729 καὶ
352 1636 510 1718 πεντάκις
538 1638 692 1705 adverbia
722 1640 897 1726 separatim
924 1639 1077 1726 apposita
1109 1639 1196 1706 iudi·

83 1745 169 1810 cium
197 1741 317 1808 faciant
345 1741 442 1807 etiam
467 1739 540 1828 τρίς
566 1765 585 1806 a
614 1741 745 1807 nomine
774 1765 834 1807 suo
867 1741 1087 1828 separandum
1113 1756 1195 1811 esse.

81 1847 177 1912 Illam
201 1844 360 1911 rationem
383 1842 487 1908 elevat
507 1844 717 1910 Hermannus
737 1843 781 1908 ad
804 1843 908 1930 soph.
928 1843 950 1907 l.
973 1865 1002 1908 c.
1030 1843 1127 1928 hujus
1148 1842 1196 1908 vis
1257 1893 1267 1912 .

81 1947 283 2014 imminuitur
304 1970 344 2014 eo
367 1946 458 2032 quod
479 1946 634 2032 τετράκις
661 1957 693 2012 et
718 1967 802 2031 quae
835 1955 1015 2030 sequuntur
1042 1944 1196 2010 adverbis

80 2052 207 2118 nonita
220 2061 257 2116 ut
275 2048 347 2139 τρίς
359 2049 493 2136 epitasis
506 2041 606 2113 causa
617 2048 785 2134 adjectivis
797 2057 1042 2135 praeponuntur
1061 2048 1121 2114 sed
1132 2046 1195 2112 hoc
1231 2038 1236 2045 Χ

82 2153 293 2220 antecedente
315 2175 336 2218 a
362 2150 470 2238 poetis
499 2151 701 2217 extrinsecus
731 2149 876 2236 appendi
894 2160 1034 2236 possunt
1057 2144 1196 2236 τριςμά-

81 2281 180 2341 καρες
209 2260 297 2344 νῆις,
325 2253 397 2342 τρὶς
423 2245 454 2317 d’
480 2247 582 2337 ὄλβια
611 2250 743 2338 κύματα
779 2256 877 2338 τῆνα,
915 2245 1052 2337 τετράκι
1075 2245 1108 2317 (λ’
1141 2245 1194 2314 εὐ-
1268 2299 1277 2305 -

80 2357 210 2442 δαίμων
232 2349 354 2438 άνέμος
373 2354 474 2420 Anth.
493 2353 569 2420 Xll.
592 2353 643 2420 52.
666 2375 729 2418 nec
749 2351 848 2419 dubie
871 2351 1012 2418 sermoni
1034 2351 1195 2418 concitato

80 2459 235 2526 convenit
266 2459 354 2524 idem
382 2457 579 2543 subjungere
602 2456 727 2522 nomini
753 2455 905 2541 syntheto
927 2453 1069 2539 exempli
1098 2475 1197 2518 causa

77 2556 322 2648 τριττάνουργος
340 2558 395 2625 καὶ
412 2556 574 2643 τετράκις.
589 2593 622 2606 -
649 2558 771 2625 Veram
791 2556 960 2642 synthesin
979 2555 1123 2621 excludit
1140 2577 1194 2620 ac·

79 2673 195 2728 centus
222 2685 290 2728 non
318 2671 426 2726 motus
454 2655 637 2746 τριςμάκαρ
647 2660 689 2744 ⁸),
715 2657 927 2761 ’τριςοιζυρός
953 2668 987 2722 et
1012 2656 1194 2723 terminatio

77 2764 236 2891 feminina
257 2762 471 2854 τριςασμένη,
496 2756 702 2848 τριςοιζυρά·
725 2759 906 2849 parathesis
928 2769 1038 2827 utrum
1059 2768 1196 2827 accentu

148 3053 230 3122 6)Ιιι
247 3053 338 3124 lltym
352 3052 427 3107 Gud.
446 3053 505 3118 5³5,
524 3053 565 3107 23.
584 3050 614 3106 rb
632 3057 690 3125 τρίς
709 3055 911 3124 συντιθέμενον
927 3046 997 3137 μετά
1014 3071 1088 3113 τινος
1103 3051 1196 3126 ἑτέρας

75 3143 178 3203 λέξεως
186 3135 385 3208 ἀποβάλλει
358 3159 387 3192 το
407 3159 419 3194 ε
395 3125 506 3210 (sic)
520 3140 595 3194 ἐν
565 3160 595 3214 (ῃ
611 3134 784 3195 συνθέσει
754 3159 815 3194 οισν
828 3133 981 3214 τριςόλβιος,
1001 3142 1195 3244 ιριςμέγισιος,

74 3222 224 3300 τριήμερος
242 3227 322 3280 deest
339 3224 500 3300 hujusmodi
513 3223 596 3295 quid:
617 3227 690 3280 έν
660 3247 689 3300 ιη
703 3230 834 3282 συνθέσει
847 3217 1035 3296 ἀποβάλλει
1010 3243 1069 3281 rou
1085 3220 1195 3298 ιριὴμε-
1292 3254 1295 3271 .

73 3333 135 3384 ρος,
154 3314 187 3367 έν
200 3312 241 3365 (11
238 3315 397 3384 παραθέσει
412 3305 550 3382 φυλάσσει
565 3307 714 3385 τριςὸλβιος
731 3316 923 3384 ιριςμέγισιος.
958 3313 1038 3368 Haec
1056 3315 1112 3367 duo
1126 3314 1195 3366 duas

74 3399 156 3452 lexes
177 3397 336 3462 continent,
359 3393 504 3470 τριήμερος
519 3416 587 3453 vero
607 3400 663 3453 duo
683 3392 791 3453 άλεκτα.
821 3399 855 3453 Ιιι
872 3399 1015 3471 Tbeoplrr.
1034 3399 1071 3454 H.
1093 3399 1135 3452 Pl.
1155 3397 1193 3453 II.
1286 3412 1289 3416 ’

72 3489 105 3550 l,
127 3487 156 3540 2.
172 3478 373 3555 μεταβάλλουσι
387 3481 455 3537 κατά
470 3481 517 3545 τάς
534 3481 607 3556 ὥρας·
618 3481 664 3539 did
676 3482 741 3546 τούς
751 3483 873 3555 σπάρους
889 3483 960 3561 πρὸς
973 3481 1131 3556 κουφότητα
1147 3487 1194 3539 καὶ

70 3569 213 3626 άλυτέαν·
232 3564 294 3624 οἷον
305 3562 355 3624 έάν
363 3588 405 3630 τις
417 3566 606 3644 τούςάράβους
618 3571 750 3639 'lapissus
761 3577 870 3648 σπείρῃ,
889 3566 1045 3646 ιριςάλυποι
1058 3576 1193 3643 γίνονται,

71 3675 130 3730 pro
143 3658 199 3712 hoc
218 3653 313 3712 nescio
332 3672 369 3709 sn
387 3649 569 3716 δυςαπόλυιοι
586 3656 670 3711 scribi
689 3659 803 3722 debeat,
822 3677 875 3730 pro
892 3658 1014 3714 ἀλυπίαν
1028 3676 1096 3713 vero
1115 3656 1197 3713 εὐλο-

71 3748 156 3797 πίαν.
189 3735 314 3797 Ευλοποι
331 3741 386 3796 (11σί
399 3741 571 3795 videntur
548 3760 652 3796 erueres
666 3761 784 3814 quorum
798 3744 905 3799 corium
922 3745 980 3801 sive
997 3744 1124 3800 tunicula
1140 3745 1193 3798 sub

70 3828 211 3884 dentibus
224 3827 307 3884 facile
323 3828 448 3894 solvitur,
454 3826 572 3901 qualem
583 3829 727 3883 habent
703 3847 809 3884 ciceres
821 3829 887 3886 albi.

46 3963 55 3980 .
145 3933 174 3999 ⁷)
187 3930 235 3986 Sic
254 3930 337 3986 etiam
357 3927 537 4004 τριςμάκαρες
553 3937 639 3986 κεῖνοι
657 3935 703 3986 καλ
722 3930 844 4005 τετράκις
861 3933 996 4006 scripturn
1016 3941 1076 3989 crat
1093 3933 1123 3989 in
1142 3934 1195 4006 Py-

66 4018 149 4072 thiae
162 4035 246 4073 versu
259 4017 341 4072 Peus.
356 4017 448 4072 VII.
436 4035 473 4086 a,
472 4019 504 4073 1.
519 4019 568 4072 sed
581 4017 723 4073 novissimi
736 4016 894 4075 editores
871 4039 912 4075 stc
924 4029 956 4075 ut
967 4021 1097 4093 plerique
1110 4023 1193 4075 codd.

65 4109 130 4178 τρλς
140 4100 184 4174 μά
186 4123 318 4178 reapse.-

141 4206 227 4275 8)1ιι
249 4205 357 4262 Gallim.
377 4207 423 4260 Fr.
442 4205 518 4262 CXI.
539 4204 645 4262 editum
663 4216 708 4263 est
725 4214 877 4283 τρέςμιικιιρ
895 4208 973 4264 sed
965 4228 994 4264 ιιι
1014 4209 1095 4264 Stob.
1114 4209 1192 4290 Flos.
1331 4213 1334 4220 “

63 4295 150 4352 LIX.
167 4289 285 4366 (LVII.)
307 4295 347 4347 11.
366 4307 395 4368 p.
409 4294 469 4348 317.
490 4295 564 4349 unde
576 4293 690 4371 Bentlej
693 4313 725 4352 us
742 4298 797 4352 hoc
808 4295 914 4364 sumsit,
931 4291 1123 4384 τριςμάκαρ.
