2825 4809
270 1332 283 1473 j
372 1304 814 1457 'raissius

496 1687 508 1694 -
561 1682 680 1697 —-=-

140 1932 225 2013 lluie
247 1948 337 2013 libro
363 1948 545 2037 praestruxi
566 1948 809 2034 Prolegomena
832 1943 1066 2031 Pathologiae,
1091 1970 1176 2033 quae

83 2070 197 2137 vestibuli
226 2073 336 2139 instar
363 2084 455 2150 sunt3
486 2094 574 2139 nune
599 2072 741 2157 lectores
765 2072 809 2139 ad
837 2070 1020 2157 penetralia
1049 2073 1127 2137 artis
1155 2096 1176 2138 a
1227 2076 1233 2097 '

78 2198 279 2264 Grammaticis
315 2199 451 2286 opipare
482 2198 659 2265 instructae
693 2196 882 2262 deducendi
914 2206 1006 2274 sunt,
1049 2192 1116 2283 quo
1147 2199 1176 2263 si

75 2322 235 2389 intraverint
268 2346 339 2391 non
371 2322 547 2411 admodum
582 2320 726 2387 mirabor
757 2321 786 2385 ai
820 2332 1023 2405 spectatores
1059 2324 1175 2389 novitii
1251 2412 1255 2419 ι

76 2448 121 2512 sibi
138 2454 169 2514 in
190 2449 423 2515 nosocomium
443 2446 613 2531 quoddam
644 2442 816 2513 devenisse
840 2446 1017 2511 videantur
1036 2447 1174 2513 circum·

75 2573 235 2641 sistentibus
273 2574 421 2659 undique
452 2569 621 2636 vocabulis
648 2571 738 2635 varie
771 2570 916 2636 distortis
947 2570 1174 2658 similibusque

73 2720 199 2765 versuum
225 2720 313 2783 quos
339 2696 464 2763 metrici
490 2694 682 2781 acephalos,
711 2694 946 2782 procephalos,
973 2692 1172 2760 ischiorrho·

75 2818 145 2902 giers
164 2833 300 2898 vocant3
333 2844 408 2886 nam
428 2842 540 2885 versus
570 2840 704 2905 quoque
731 2820 878 2903 quamvis
900 2819 1011 2885 divino
1032 2840 1090 2885 ore
1109 2818 1175 2884 iusi

74 2966 118 3007 sua
134 2944 253 3011 habent
277 2944 386 3034 πάθη.
426 2946 472 3010 Id
492 2954 593 3030 caput
610 2944 672 3009 luit
690 2944 820 3031 priscas
841 2945 1051 3031 disciplinae,
1080 2948 1173 3031 cujus

73 3068 202 3153 reliquias
220 3092 284 3157 per
301 3070 403 3135 multa
417 3070 583 3137 volumina
604 3090 736 3155 sparsas
761 3069 876 3135 hocin
895 3070 982 3135 libro
1000 3069 1175 3135 ordinatim

74 3214 247 3279 componere
283 3196 436 3261 constitui
466 3236 510 3247 ,..
548 3198 674 3281 μικρὰς
707 3192 875 3280 στράγγας
907 3188 971 3260 ein'
1001 3188 1173 3263 Ὠκεανοῦ.

74 3318 182 3385 Initium
210 3320 391 3406 quaerendi
420 3320 596 3385 attulerunt
625 3318 768 3385 celebres
778 3318 873 3432 ⁴illae
898 3318 939 3384 de
962 3318 1088 3405 origine
1110 3321 1173 3385 lin-

75 3463 140 3525 guae
166 3446 274 3531 deque
288 3446 447 3530 analogia
469 3456 502 3510 et
522 3446 684 3512 anomalia
715 3445 955 3532 disputationes
975 3432 1173 3530 permultas

76 3578 176 3635 aetates
197 3570 354 3635 acerrimo
380 3565 489 3636 studio‘
512 3550 730 3637 continuatae.
774 3569 972 3655 imparilitas
993 3558 1103 3635 autern
1121 3570 1174 3637 vel

76 3692 311 3764 inordinatione
332 3696 564 3780 vocabulorum
586 3696 729 3762 sentitur
757 3696 810 3760 vel
833 3696 868 3759 im
888 3695 1099 3773 formatione3
1126 3696 1173 3765 illi
1373 3669 1375 3684 Ι

78 3817 216 3903 subjectae
239 3830 316 3887 sunt
335 3821 459 3907 figurae
483 3822 721 3909 eloquritionis‚
743 3821 819 3887 huic
841 3822 1029 3909 passionem
1051 3832 1173 3887 utram-

79 3964 126 4025 que
152 3956 255 4013 autem
287 3940 509 4015 sollertissime
543 3960 724 4015 tractarunt
756 3947 967 4013 Grammatici
1002 3949 1173 4032 analogiae

81 4087 194 4138 anonas
221 4075 389 4159 generales
419 4074 639 4160 relinquentes
669 4074 921 4141 Grammatistis.
973 4072 1109 4140 Illorum
1137 4072 1173 4135 in

80 4214 187 4261 numero
204 4202 323 4290 primas
342 4193 469 4267 obtinet
479 4200 617 4287 Didymi
635 4195 830 4285 explanator
842 4198 1062 4272 Herodianus,
1079 4196 1173 4279 cujus
