2825 4809
118 372 168 439 DE
185 366 300 433 ALIIS
324 362 562 433 SYNCOPAE
585 364 862 435 GENERIBUS.
888 366 927 434 C.
938 368 968 434 1.
985 371 1010 454 ξ.
1020 369 1050 434 8.
1078 373 1157 447 385

80 554 141 622 scuti
162 549 245 641 βλημι
268 574 299 616 v.
326 551 370 616 ad
394 552 517 617 Buttm.
543 572 577 637 p.
603 550 653 616 71.
694 551 742 618 Τὸ
772 548 877 620 ἴστων
903 551 1055 642 σννιιοπῆ
1084 554 1157 625 ἐστι

78 659 120 725 τοῦ
136 652 265 722 ι’ίντοιοαν
284 653 394 741 Epim.
411 653 440 719 I.
456 652 530 719 398.
554 652 645 737 quod
666 674 788 719 nomen
804 652 1000 741 Sylburgius
1019 654 1061 720 in¹
1074 656 1156 723 EM.

77 758 130 833 381,
140 754 183 820 54.
199 776 255 839 pro
275 747 434 842 ἀποκοπή
450 755 599 843 reponit3
622 754 676 819 alii
693 755 735 819 ad
756 756 927 843 snallngen
948 779 1157 825 numerorum

77 856 173 945 delapsi
189 864 259 920 sunt
278 858 389 934 κακῶς
406 858 556 941 λέγοντες
575 858 703 934 δοινοῖς
721 861 871 944 χρῆσθαι
892 857 970 938 τοδς
985 854 1159 938 Ἀττικοὺς

76 954 128 1025 elul
141 959 364 1041 πληθυντικῶν
381 956 541 1026 ποιείτων
559 952 631 1024 ἄντί
648 960 708 1024 τοῦ
726 957 940 1039 ποιείτωσαν,
957 963 1160 1029 τυπτέσθων

74 1054 127 1127 ίντί
149 1062 203 1125 τοῦ
228 1060 481 1127 τοπτέσθιοσαν.
526 1052 621 1124 Ἀλλ’
656 1054 825 1144 λδιιόματολ
858 1058 925 1127 εἱσι
954 1066 1060 1127 ταῦτα
1091 1064 1160 1127 τῶν

70 1155 196 1227 Ἀττικῶν
223 1160 323 1225 Exco.
353 1158 461 1226 oram.
489 1161 551 1229 IV.
579 1160 653 1225 200.
684 1155 766 1225 λ’τιον
794 1157 892 1244 (ἄντί
916 1163 999 1245 τοῦ)
1031 1156 1160 1228 ἴτωσαν

73 1255 258 1347 διιιιιίτερον
279 1260 358 1328 Sch.
380 1261 503 1328 Aescb.
525 1263 621 1327 Eum.
635 1263 687 1327 32.
730 1262 875 1329 Periecti
897 1261 1020 1350 passivi
1036 1261 1159 1329 Gram-

73 1361 154 1426 matici
172 1384 235 1427 non
253 1386 355 1427 unum
371 1364 507 1429 modum
529 1378 694 1452 syncopae
718 1363 927 1450 subjecerunt
947 1364 1008 1429 sed
1027 1386 1161 1429 omnest

72 1458 274 1549 ὁπαθητικὸς
294 1464 542 1550 παρακείμενος
562 1462 620 1533 δ’τε
642 1465 727 1533 κατὰ
747 1464 866 1544 πάθος
888 1464 959 1533 ἐστὶ
977 1488 1160 1550 προπαρο-

72 1560 172 1642 ξύνεισι
179 1612 187 1642 ,
217 1558 411 1653 ὡρμημένος
434 1562 597 1652 ὥρμενος,
631 1568 826 1652 δεδεγμένος
854 1567 1010 1651 δέγμενος
1037 1564 1160 1631 Ohoer.

71 1664 157 1730 inPs.
181 1665 231 1729 44.
263 1658 456 1735 ἀνεδίδοντο
490 1667 548 1734 καί
579 1667 664 1734 κατὰ
695 1667 864 1755 σογιιοπῆν
893 1660 1047 1733 ἆνέδτντο
1079 1667 1162 1733 EM.

72 1766 126 1843 103,
146 1768 172 1831 λ.
197 1767 335 1848 δέχαται
359 1767 444 1833 κατὰ
466 1769 636 1856 σογιιοπῆν
659 1768 778 1836 διττοῦ
803 1769 979 1850 δεδίχαται
1005 1767 1084 1845 259,
1105 1767 1161 1833 36.

70 1865 176 1933 δέδεντο
202 1866 236 1935 ἒν
264 1874 421 1958 συνκοπῇ
454 1868 549 1935 δέκτο
580 1869 638 1935 καὶ
669 1869 791 1951 δέχθαι
817 1868 929 1955 Epim.
952 1868 981 1933 I.
1006 1869 1085 1947 111,
1106 1870 1164 1935 24.

71 1966 199 2057 ἐβέβλητο
222 1966 310 2036 κατὰ
331 1968 504 2059 σομκοπὴν
526 1968 646 2057 ἔβλητο
669 1970 750 2035 ΕΜ.
772 1969 852 2046 200,
875 1971 905 2034 3.
937 1970 1055 2037 codem
1081 1992 1164 2036 vero

68 2068 122 2133 loco
148 2069 282 2135 affirmat
313 2093 381 2136 non
414 2072 573 2157 syllabam
603 2095 621 2139 e
649 2071 760 2137 medio
793 2069 956 2136 sublatam
984 2071 1044 2137 sed
1074 2072 1163 2137 arsin

68 2167 158 2235 lactan
177 2192 249 2237 csse
276 2174 467 2260 βεβλῆσθαι
490 2173 575 2241 κατὰ
602 2168 781 2262 ἀφαίρεσιν
801 2176 861 2259 τῆς
883 2160 926 2257 βε
950 2175 1103 2260 βλῆσθαι
1129 2182 1166 2239 et

68 2271 340 2355 259,41.δεδέχθαι
353 2272 410 2339 καὶ
421 2267 494 2339 ιιατ>
505 2268 686 2363 ἀφαίρεσιν
697 2277 756 2340 τοῦ
765 2273 1018 2355 διπλασιασμοῦ
1028 2272 1162 2357 δέχθαι.

66 2373 138 2439 Haec
154 2373 253 2439 verba
282 2382 357 2439 sunt
384 2384 417 2439 et
444 2374 599 2462 ineptiae.
645 2375 749 2457 Quod
768 2374 964 2440 Athenaeus
991 2387 1101 2440 narrat
1126 2375 1165 2441 in

66 2476 147 2559 epulis
166 2475 353 2553 Arcadum,
378 2476 479 2561 quum
500 2499 604 2543 coena
624 2486 861 2564 apponeretur,
888 2476 1032 2543 convivis
1056 2477 1165 2542 accla-

64 2586 161 2649 matum
178 2600 250 2643 esse
276 2570 313 2643 εὗ
337 2574 521 2657 δείπνειας,
545 2577 763 2644 Casaubonus
786 2600 828 2643 ex
849 2575 1066 2664 deturparetur
1087 2599 1163 2643 cor-

62 2690 176 2764 ruptum
190 2688 316 2755 censet,
337 2676 669 2765 Schweigbaucserus
692 2692 725 2746 et
745 2679 810 2744 hoc
831 2680 905 2744 loco
921 2678 1164 2746 Grammaticae

63 2780 207 2847 arcadioae
230 2780 371 2845 indulsit
392 2790 425 2845 st
443 2781 570 2868 recepit
590 2782 625 2845 in
647 2782 723 2859 alio,
746 2803 813 2866 quo
831 2781 928 2846 codd.
944 2780 1165 2846 accusativum

63 2874 229 2960 εὐδειπνίας
253 2881 425 2969 praebent,
440 2883 617 2949 Dindorfio
639 2884 796 2970 placitum
816 2883 850 2947 in
866 2882 967 2948 Thes.
1013 2882 1083 2949 Sed
1103 2904 1164 2947 ne·

62 3002 109 3065 que
127 2981 189 3049 boc
207 3006 334 3049 nomen
361 2982 439 3049 alibi
467 2984 587 3071 legitur
615 3007 725 3071 neque
751 2983 966 3072 φιλοτησίας,
995 2981 1087 3068 quod
1115 2982 1168 3047 vir

62 3082 156 3149 doctus
182 3086 213 3151 ei
243 3085 388 3164 confert,
421 3086 485 3151 nisi
514 3088 667 3171 adjuncto
695 3087 805 3172 aliquo
833 3085 944 3151 verbo.
997 3083 1165 3201 Equidem

61 3183 208 3265 διίπνειας
236 3188 432 3305 optativum·
452 3188 634 3275 praesentis
662 3210 735 3254 esse
763 3188 949 3274 suspicatus
978 3207 1052 3249 sum
1079 3186 1166 3252 assi·

60 3285 193 3353 nulatum
215 3288 342 3355 aoristo
365 3290 457 3354 utin
477 3290 585 3355 verbis
608 3290 776 3376 barytonis
799 3282 971 3371 ολερτάζειε
994 3297 1055 3353 etc.
1071 3309 1103 3353 v.
1121 3286 1166 3401 ad

59 3384 159 3453 Buttm.
181 3389 258 3455 262.
1160 3416 1166 3423 ’

125 3491 186 3555 His
211 3491 368 3577 adjiciam
390 3491 455 3557 alia
477 3491 609 3559 scholae
631 3502 815 3557 commenta
835 3513 920 3575 quae
941 3512 1051 3576 neque
1073 3498 1168 3557 ante·

60 3590 231 3659 cedentibus
255 3616 393 3681 prorsus
415 3593 533 3659 similia
555 3604 630 3659 sunt
655 3614 764 3678 neque
784 3592 826 3656 iis
848 3614 933 3677 quae
958 3593 994 3657 in
1015 3592 1176 3679 proxima?

60 3702 134 3774 parte
152 3696 391 3762 tractabrmtur.
434 3696 548 3761 Unum
570 3708 620 3761 cst
641 3696 710 3761 avis
732 3716 853 3760 nomen
874 3691 1028 3782 μδρφνος
1049 3694 1086 3761 ἐν
1107 3698 1171 3765 τοῦ

58 3796 231 3909 μοροφόνος
263 3800 415 3884 σονκοπῆ
448 3802 515 3864 τῶν
544 3792 604 3865 cluo
637 3822 675 3865 οο
706 3798 787 3863 ΕΜ.
812 3796 894 3874 591,
919 3797 972 3861 21.
1015 3796 1170 3862 Alterum

58 3895 169 3978 majoris
194 3898 327 3965 abollae
352 3895 551 3984 αλσοητῆρι.
576 3892 797 3983 Ἀρίσταρχος
821 3893 1041 3985 αἰσυμνητῆρι
1064 3921 1169 3963 οιονει

58 3991 301 4091 οἱσιονομητῆρι
329 3998 440 4067 Schol
462 3998 534 4065 BL.
558 3984 663 4065 adll.
686 4000 822 4091 XXIV
844 3999 918 4065 347.
943 3996 1008 4064 hoc
1034 4008 1102 4075 est,
1130 4007 1169 4064 ut

58 4096 175 4183 opinor,
201 4106 318 4189 τροπῇ
347 4104 405 4167 τοῦ
434 4128 445 4167 ι
477 4096 525 4179 τίς
551 4127 570 4166 v
598 4100 656 4169 καὶ
683 4104 835 4189 συγκοπῆ
862 4102 927 4165 τῶν
955 4097 1015 4165 δύο
1045 4124 1084 4165 oo
1109 4098 1174 4167 καλ

56 4204 226 4277 μεταθέσει
252 4206 312 4270 τοῦ
338 4228 356 4269 ν
381 4200 439 4269 καί
463 4228 506 4286 μ,
537 4201 598 4268 hac
628 4204 715 4269 onim
739 4202 793 4267 via
820 4224 939 4289 aspera
962 4188 996 4265 ct
1019 4200 1176 4269 flexuosa

57 4290 201 4363 ad*-
110 4328 190 4387 ονμν
213 4305 413 4391 pervenitur.
457 4305 549 4388 Exp
536 4329 707 4392 μακαριος
729 4304 869 4392 primum
889 4298 1022 4388 μάκαρς
1047 4303 1173 4371 factum

98 4406 134 4445 no
141 4408 195 4449 nse
182 4410 233 4455 eu,
252 4408 325 4448 Pano
327 4410 343 4448 1.
916 4403 959 4469 25
