2825 4809
136 321 192 386 DE
200 314 453 387 PROSTHESI
463 315 526 384 ΕΤ
537 317 802 433 APHAERnSI.
814 319 854 388 C.
862 320 960 388 v111.
976 325 1002 406 ς.
1015 323 1045 387 1.
1070 325 1142 402 158

79 507 127 570 alia
142 500 234 575 rerba,
254 521 334 583 quae
358 522 520 585 nusquam
540 501 747 588 reperiuntur
763 503 827 568 nisi
845 503 1010 591 duplicata
1026 503 1143 594 πέφνε,

78 595 445 683 κααδύν,’έμττεπαλιύν,
465 603 625 689 τεταγών,
647 599 838 684 λελάκοντο,
864 603 1059 689 κεχάροντο,
1082 629 1143 674 πε-

76 703 215 799 puiades
235 709 267 764 et
285 722 352 766 non
372 701 528 788 pauciora
545 702 674 788 auique
683 702 806 770 lormae
823 717 1018 790 opportuna.
1054 703 1142 772 Cau·

76 826 126 870 uu
148 799 233 885 hujus
260 800 476 868 schematismi
503 803 585 869 ΕΜ.
612 805 690 882 322,
711 803 764 870 66.
794 804 904 870 reddit
931 805 992 872 sed
1019 804 1143 884 falsam,

75 901 236 966 honericum
257 899 438 968 ἐκλέλαθον
457 914 612 990 repetens
637 927 657 970 a
682 905 849 989 praesenti
871 927 1068 990 syracusano
1091 907 1145 974 λι-

74 1002 160 1081 λύθω,
181 1000 267 1086 quod
292 1024 392 1086 quum
423 1003 523 1090 alpha
550 1004 687 1091 longum
710 1004 829 1074 habeat
857 1005 941 1072 sicut
965 1005 1145 1091 perlectum

75 1103 161 1187 ipsun,
180 1102 297 1186 systole
316 1125 454 1188 quoque
470 1104 657 1191 effingenda
681 1116 759 1184 erat,
782 1127 847 1190 qua
867 1104 979 1174 Sehol
1003 1106 1071 1174 Od.
1083 1105 1144 1174 VI.

74 1203 125 1268 303.
142 1200 373 1286 subjunctivum
402 1201 573 1273 κεκύθωσι
602 1205 768 1291 explicare
801 1217 953 1276 conatur:
985 1204 1024 1274 τὸ
1055 1203 1146 1292 ὑγιές

75 1301 124 1367 ἐστι
149 1298 343 1385 (κεκεύθωσι
370 1297 439 1370 διεδ
476 1309 537 1372 τού
568 1307 674 1390 μέσου
701 1305 951 1393 παρακειμένου
981 1303 1145 1392 κέκευθα)

74 1395 124 1468 δια
140 1401 273 1490 συστολὴ
290 1402 596 1492 παρηκολούθησεν
618 1401 664 1483 ὡς
684 1407 720 1474 έν
741 1410 789 1494 τῷ
812 1405 920 1494 φύξις.
958 1405 1028 1474 Sed
1039 1405 1146 1472 Geor·

74 1501 125 1584 gius
133 1499 254 1568 Curtius
275 1502 312 1568 in
332 1502 416 1568 libro
436 1504 517 1570 scite
537 1516 570 1570 et
594 1506 762 1591 eleganter
782 1505 905 1592 scripto
926 1507 987 1574 ue
1006 1507 1147 1589 Bildtmq

74 1604 113 1666 δη
138 1601 284 1686 lespera
318 1605 385 1671 aad
410 1605 503 1671 Medi
536 1608 581 1670 im
611 1605 734 1672 Gsicch.
765 1627 798 1672 υ.
831 1607 902 1676 Lot.
937 1605 1058 1693 p.150
1075 1627 1146 1691 aeq.

72 1702 145 1766 nula
166 1702 201 1768 in
225 1703 313 1770 hano
342 1705 534 1770 senteutiam
566 1705 714 1792 disputat
738 1705 948 1794 anadiplosin
983 1707 1012 1772 si
1039 1706 1147 1772 minus

73 1803 187 1870 omnibus
215 1815 250 1870 at
277 1815 367 1872 certe
392 1805 558 1892 plerisque
591 1817 649 1873 aut
676 1807 950 1892 significationem
971 1806 1149 1872 laetitivam

72 1907 265 1989 autquandam
275 1906 449 1993 emphasin
459 1907 584 1974 afferre.
610 1907 699 1972 Illud
709 1906 861 1972 convenit
871 1905 1001 1972 duobus
1010 1905 1149 1972 Homeri

71 2005 148 2071 verbis
164 2008 316 2088 λελαχεῖν
333 2018 367 2074 et
387 2009 554 2085 λελαθεῐν,
575 2007 636 2074 sed
656 2006 747 2093 apud
757 2005 956 2092 posteriores
971 2005 1051 2072 haee
1062 2005 1149 2072 idem

73 2116 159 2170 nuent
175 2106 264 2191 quod
284 2129 355 2172 non
377 2117 474 2172 aucta
496 2130 527 2173 v.
550 2108 595 2172 ad
614 2111 738 2174 Buttm.
760 2106 834 2172 232.
856 2105 911 2172 fin.
923 2105 953 2192 ⁴)
975 2117 1009 2172 et
1029 2107 1073 2172 ad
1091 2106 1148 2192 Aj.

73 2230 94 2290 p.
112 2208 151 2272 91.
171 2209 253 2274 siout
275 2203 406 2296 ἔφραδε
434 2209 494 2293 (ad
513 2211 635 2274 Buttm.
657 2208 747 2292 318.)
775 2217 807 2272 et
833 2207 1004 2296 πέφραδε,
1033 2211 1150 2293 πορεῖν

71 2314 267 2396 σπισορεῖν,
304 2317 338 2374 et
359 2309 450 2395 apud
470 2311 653 2374 Homerum
672 2308 783 2394 ipsum
803 2305 978 2375 λαθέσθαι
999 2319 1032 2373 et
1053 2309 1151 2376 λελα-

70 2408 177 2476 θέσθαι.
217 2409 402 2493 Quumque
427 2409 530 2474 multa
558 2409 624 2475 sint
649 2409 750 2476 verba
771 2408 935 2495 duplicem
955 2419 1151 2496 potestatem

69 2509 162 2586 sortita,
182 2510 221 2578 dc
242 2510 367 2595 quibus
387 2510 408 2575 l.
431 2533 460 2576 o.
483 2510 606 2577 dietum
627 2521 692 2587 est,
713 2509 778 2574 illis
800 2531 932 2594 quoque
955 2509 1150 2596 duplicatio·

67 2609 104 2674 nis
119 2611 160 2674 ris
184 2611 331 2677 lactitiva
358 2633 474 2698 parum
501 2609 743 2696 comprobatur.
786 2612 861 2676 Huc
886 2609 1074 2676 accessione
1094 2630 1153 2674 vo·

68 2708 158 2776 cabula
175 2711 357 2801 aliquando
379 2711 636 2797 significantiora
653 2711 724 2776 fieri
744 2730 817 2777 mea
839 2731 971 2795 quoque
992 2707 1154 2776 sententia

67 2810 121 2886 nic
143 2813 198 2877 sed
219 2812 263 2876 ad
290 2833 363 2876 eam
388 2811 643 2876 confirmandam
662 2833 731 2878 non
753 2821 826 2876 utar
847 2810 1019 2877 homericis
1043 2832 1153 2876 exem-

67 2910 113 2994 plis
130 2934 207 2998 quae
229 2922 289 2977 aut
312 2912 412 2977 semel
422 2912 630 2976 inveniuntur
644 2921 681 2976 ut
701 2907 912 2992 ἂμστετταλιύυ
928 2920 960 2976 et
970 2910 1156 2976 hesiodium

67 3013 205 3100 μέμαρπτ,
227 3014 325 3097 cujus
346 3034 389 3077 ne
410 3022 500 3078 certa
523 3013 657 3096 quidem
677 3011 840 3098 scriptura
862 3020 927 3087 cst,
955 3020 1013 3075 aut
1033 3008 1156 3093 alioqui

66 3113 187 3178 auctiva
207 3113 323 3211 specie
346 3113 536 3200 discrepant
554 3121 592 3176 ut
612 3109 828 3188 τετυκέσθαι,
855 3107 1043 3177 κεκάδοντο.
1087 3107 1157 3176 Sed

67 3213 152 3295 potius
170 3213 215 3278 ita
237 3213 390 3279 existimo
411 3211 476 3279 hoo
497 3234 566 3279 non
586 3212 732 3277 nativum
754 3229 826 3275 esse
848 3209 960 3275 coristi
974 3208 1156 3274 incremen-

68 3324 117 3378 tum
139 3315 195 3380 sed
223 3337 244 3380 a
273 3314 383 3402 poetis
415 3314 605 3379 arcessitum
635 3314 687 3378 vel
715 3311 822 3376 hiatus
852 3309 1031 3397 effiagiendi
1059 3333 1159 3378 causa

67 3415 105 3478 sel
127 3414 165 3480 ad
191 3415 442 3503 producendam
463 3437 558 3505 ⁸quae
592 3413 754 3479 antecedit
782 3409 938 3497 syllabam
966 3411 1097 3478 brevem
1123 3422 1160 3477 ut

66 3515 145 3584 δέδαε
165 3517 199 3583 in
221 3527 365 3603 quatuor
378 3517 552 3602 Odysseae
568 3514 650 3580 locis
665 3511 724 3597 μὶν
743 3511 859 3590 δέδαε,
875 3505 1041 3600 Ἀθηναέη
1061 3511 1161 3580 δέδαε

68 3616 163 3683 eodem
186 3618 357 3684 intellectu
392 3640 460 3703 quo
491 3614 687 3682 Theocritus
722 3607 804 3676 dixit
827 3607 1029 3689 Ἱσττταλέδας
1054 3607 1161 3692 έδαεν,

67 3726 92 3778 et
110 3719 311 3804 potissimum
332 3719 376 3784 ad
399 3717 584 3804 explendos
609 3736 777 3792 numeros,
804 3734 905 3798 quare
932 3711 996 3778 alio
1017 3710 1092 3780 loco
1112 3712 1162 3780 le·

69 3884 91 3934 ολ
99 3884 302 3960 catasscopus·
324 3891 405 3960 φιλεῖ
416 3884 471 3958 γὰρ
484 3881 555 3956 μετὰ
569 3880 616 3940 τὸν
627 3884 690 3940 luet
700 3884 749 3938 καλ
761 3879 809 3936 τὸν
819 3877 872 3938 ert
885 3884 920 3936 κέ
930 3876 1086 3952 σύνδεσμος
1100 3879 1163 3934 ἔπι-

69 3971 196 4039 eloacam,
233 3974 293 4029 Sed
309 3973 428 4028 alterum
445 3969 555 4026 invenit
570 3968 727 4041 Hesychius
753 3961 886 4040 Τετύχησι
904 3963 987 4041 τύχη,
1004 3967 1162 4036 eodemque

69 4052 141 4110 utitur
150 4057 289 4114 Maximus
298 4076 328 4114 v.
341 4059 400 4114 577.
413 4054 552 4126 τειύχοιεν
562 4055 690 4110 Maneth.
703 4052 757 4108 111.
769 4053 829 4108 299.

126 4142 154 4211 t)
170 4142 336 4200 Ἐκὶέλαθου
352 4161 407 4216 pro
427 4139 593 4204 ἐξελάθοντο
619 4139 729 4194 invenit
745 4137 902 4210 Hesychius
921 4143 951 4190 et
969 4132 1166 4204 imperfectum

70 4222 225 4284 taetram
237 4249 287 4301 pro
300 4233 339 4291 clf
353 4225 443 4298 λήθην
454 4218 525 4298 ἦγεν
536 4225 669 4298 positum.
