2825 4809
262 302 341 375 182-
630 297 952 369 DISSERTATIO
987 301 1016 368 I.

263 484 366 550 XIII.
388 482 463 551 351.
483 481 596 550 σελίσιν
616 482 725 550 altera*
738 484 897 552 defleetit=
925 483 964 553 td
993 480 1136 573 ὀρόθυνε
1162 490 1242 570 τινὲς
1268 497 1344 581 παρὰ

263 586 301 654 τὸ
331 579 401 669 doto
430 580 490 650 καὶ
517 579 612 652 etro
640 578 685 652 ἵν’
713 575 736 675 ᾗ
766 583 1004 664 ἐνθουσιωόιός
1034 584 1145 673 ὥρμα·
1172 582 1292 672 ι’ίμεινον
1316 597 1343 664 οὲ

260 683 467 773 παράγωγον
489 675 586 764 εἶναι,
607 684 709 770 idque
731 685 937 752 confirmatur
954 685 1135 754 interventu
1154 689 1238 754 verbi
1252 691 1287 756 ab
1301 716 1344 758 ea·

262 788 338 853 dem
363 786 466 874 stirpe
490 785 580 850 ducti
606 784 719 873 ἐρέθιυ
747 783 902 874 ἐρεθίζω.
950 788 1015 854 His
1045 790 1216 856 adnectunt
1241 794 1344 858 tertium

260 885 489 968 δνσπαλίζειν,
523 886 614 970 quod
646 908 689 952 ex
725 887 833 954 δονεῖν
860 896 894 951 et
919 886 1060 956 πάλλειν
1086 891 1267 976 oopulatumv
1288 916 1344 960 esse

259 992 382 1067 volunt,
404 988 464 1055 sed
484 984 624 1073 simplex
645 1008 724 1070 esse·
744 987 889 1054 decernit
910 987 1022 1056 Sohol.
1044 990 1085 1056 Il.
1106 991 1166 1058 IV.
1185 992 1252 1056 472.
1276 995 1343 1060 ὀονιῦ

259 1091 428 1173 δονοπίζω
454 1091 660 1176 πλεονασμῷ
685 1085 897 1172 δονοπαλίζιυ
923 1089 993 1156 καὶ·
1009 1095 1163 1180 συννοπῇ
1185 1092 1325 1174 δνσπαλλζ

258 1191 306 1272 ὣς
326 1188 478 1260 πυκτεύω
492 1189 697 1270 πυκταλίζω.
740 1191 864 1256 Verum
881 1190 954 1255 hoo.
966 1191 1113 1272 όνοπίζω
1134 1193 1225 1258 nimis
1244 1193 1346 1260 redolet

257 1294 415 1362 fabricam
434 1290 696 1378 etymologicam.
739 1289 856 1376 Itaque
875 1290 940 1358 huo
960 1292 1122 1369 redimus,
1141 1293 1266 1358 verbum
1282 1294 1343 1358 illud

257 1421 278 1461 a
305 1395 438 1460 nomine
464 1392 608 1478 quodam
634 1388 805 1478 δνοπαλής
831 1393 883 1456 vel
909 1389 1078 1470 δνόπαλος
1104 1387 1273 1458 (Ιειὶνσλυιυ
1289 1416 1343 1460 esse

256 1494 452 1564 consociatis
482 1491 611 1558 duobus
638 1491 807 1576 quatiendi
836 1492 1079 1577 vocabulis⁵⁸).
1132 1493 1245 1564 Cetera
1268 1494 1343 1579 hujus

255 1619 376 1670 causae
402 1593 598 1660 odminieule
630 1593 735 1678 primo
766 1603 918 1660 oontaotu
946 1593 1140 1660 concidunt:
1173 1591 1345 1683 ποιφύσσεο

255 1698 293 1768 ἓν
320 1700 383 1767 τοῦ.
414 1700 527 1784 φυσᾷν
556 1692 613 1760 καὶ
644 1698 739 1762 πνεῖν
765 1695 847 1758 Hes.
876 1698 926 1781 τῷ
955 1691 1134 1762 ποιπνὺειν
1162 1692 1293 1780 illosum
1314 1695 1342 1762 od

254 1805 368 1868 ποιεῖν
386 1794 443 1864 καὶ
460 1791 576 1863 meista
591 1795 669 1861 seh.
680 1794 721 1860 Il.
731 1794 830 1862 XIV.
846 1795 917 1860 155.
933 1790 1111 1864 ἇσεάλλειν
1131 1795 1167 1864 s’a
1185 1800 1241 1864 τοῦ
1257 1791 1344 1864 dorsu

253 1897 313 1966 καὶ
333 1897 499 1966 ἅλλεσθαι
522 1898 617 1962 Eust.
638 1896 713 1972 437,
738 1896 788 1960 11.
800 1896 852 1976 ⁵⁴)
877 1890 1016 1977 αὖΐαχος
1032 1895 1130 1982 παρὰ
1148 1895 1186 1964 τὰ
1205 1890 1288 1962 αὔειν
1301 1895 1343 1962 tol

253 1994 359 2080 ἶάχιιν
388 1995 466 2064 Soh.
496 1997 536 2062 ΙΙ.
563 1997 666 2064 ΧΙΠ.
686 1998 741 2062 41.
769 1997 915 2083 illudque
945 1997 1117 2083 protritum
1140 1992 1299 2085 ἆγηλοιιῖν
1316 1995 1344 2061 s'r

252 2104 313 2166 νοῦ
340 2089 433 2183 ι’ἱγειν
459 2098 516 2165 καὶ
537 2095 701 2177 ἐλαύνειν,
732 2100 824 2183 quod
849 2097 1021 2186 peritiores
1043 2119 1118 2162 eum
1141 2097 1264 2164 nomine
1282 2093 1343 2182 ἃγος

253 2197 473 2285 compositum
503 2219 576 2262 esse
605 2197 734 2264 dooent.
784 2201 903 2285 Neque
930 2199 1004 2286 plus
1032 2199 1226 2266 firmamenti
1252 2208 1293 2266 est
1316 2198 1344 2260 in

252 2298 428 2383 adjectivis-
445 2292 612 2385 ἧλέμαιος
649 2309 683 2363 et
713 2298 916 2389 πρευμενής,
957 2322 1098 2386 quorum
1124 2300 1208 2366 illud
1230 2297 1344 2383 simplex
1384 2335 1385 2385 ᾗ

250 2400 363 2488 potius
384 2398 512 2469 videtur
534 2420 633 2482 quam
653 2420 696 2464 ex
719 2393 818 2487 ἠλεός
839 2413 872 2466 et
889 2397 1035 2485 μάταιος
1057 2411 1257 2478 concretum,
1280 2398 1343 2462 olte-

249 2524 321 2567 rum
351 2510 480 2566 constet
507 2499 641 2585 quidem
669 2521 711 2566 ex
734 2501 860 2568 duobus
883 2501 1031 2588 partibus
1052 2502 1112 2568 sed
1138 2525 1206 2569 non
1226 2502 1262 2566 iis
1280 2520 1345 2585 quas
1383 2547 1384 2572 2

249 2603 296 2668 illi
323 2611 468 2676 sumunt,
501 2605 613 2686 πρᾶος
643 2610 677 2666 et
708 2599 856 2688 εὐμενής.
908 2602 1024 2689 Epiois
1054 2603 1148 2669 lionit
1178 2597 1343 2690 πρηϋμενής
1383 2582 1384 2601 ¹

250 2705 377 2781 dieere,
409 2701 497 2766 unde
530 2711 581 2765 est
611 2700 802 2768 adverbium
832 2706 1034 2789 πραϋμενῶς
1065 2701 1168 2792 πράῳ
1200 2705 1245 2788 τῷ
1270 2700 1343 2784 μένει

244 2802 415 2891 χρώμενος
434 2803 518 2866 Hes.
538 2800 642 2866 Attici
662 2824 739 2867 vero
761 2811 881 2889 poetae
904 2803 960 2888 qui
982 2802 1226 2889 diphthongum
1240 2793 1285 2889 {po
1298 2822 1344 2864 ne·

247 2927 313 2990 que
332 2904 493 2989 integram
515 2901 691 2966 admittunt
711 2903 775 2968 nisi
798 2903 833 2968 in
848 2905 1033 2992 augmentis
1051 2904 1234 2980 verborum,
1255 2921 1344 2986 neque

247 3005 387 3074 diaeresi
408 3004 594 3080 diremtum,
620 3001 858 3068 substituenmt
879 3001 1067 3093 πρευμινής
1089 3015 1240 3091 correpta
1258 3001 1343 3068 vocali
1381 3021 1382 3024 ’

244 3118 282 3172 ut
306 3104 409 3194 γρηῢς
429 3103 631 3172 contrahitur
658 3103 694 3168 in
715 3108 824 3188 γραῦς,
851 3096 930 3191 ἠΰτε
951 3105 993 3170 iu*
1009 3098 1092 3171 εὗιε.
1137 3103 1344 3188 Quemadmo-

246 3209 324 3270 dum
346 3227 447 3290 seepe
467 3204 542 3284 ἴσος
563 3202 621 3272 καὶ
642 3202 762 3289 ὅμοιος
785 3204 902 3270 dieitur
925 3204 960 3268 in
982 3203 1146 3290 parathesi
1166 3205 1283 3270 Perall.
1304 3203 1344 3266 61.
1380 3215 1381 3249 ³

246 3307 293 3372 sie
315 3306 413 3369 etiam
436 3301 591 3385 ἶσόμοιος
611 3309 768 3388 αεουὶραι
791 3305 857 3371 (1ίοί
875 3305 983 3392 potnit
1001 3307 1061 3372 sed
1078 3329 1194 3394 parum
1210 3315 1346 3372 testatum

311 3542 358 3609 53)
374 3541 460 3595 Haud
473 3538 611 3594 dissimile
626 3540 739 3593 videtur
752 3539 810 3593 avis
826 3553 928 3592 nomen
940 3528 1097 3596 motueillu
1111 3543 1247 3610 (νίγνλος)
1265 3557 1281 3594 a
1296 3553 1345 3590 mo-

240 3629 334 3682 vendo
350 3635 379 3681 et
395 3625 518 3681 oillendo
532 3623 633 3689 diotae,
649 3626 731 3696 quod
744 3625 862 3678 verbum
875 3633 993 3695 apparet
1005 3626 1035 3681 in
1048 3643 1151 3696 graeco
1166 3630 1305 3696 κε’λλσυρσς
1314 3630 1343 3682 et,
1378 3667 1379 3679 ,

238 3722 273 3768 nt
284 3711 499 3768 Hemsterhusio
517 3711 630 3766 videtur
646 3703 977 3779 adHes.s.‘1lloinrsw‚
995 3709 1026 3762 in
1044 3712 1139 3766 verbo
1149 3706 1345 3782 κιλλσμαρύζυν

239 3800 296 3854 hoe
312 3805 357 3852 est
373 3800 477 3851 νίλλειν
493 3799 539 3848 καὶ
557 3792 738 3867 ιἰμαρὺσσειν.
764 3794 834 3849 Cum
851 3792 901 3848 illo
916 3795 1072 3866 comparari
1089 3803 1184 3868 potest
1199 3798 1267 3850 elea
1281 3797 1344 3864 pota

239 3891 269 3940 et
290 3888 376 3940 υλοσσ
391 3887 551 3958 provinca,
575 3880 646 3934 illud
665 3879 809 3935 Victoriae
833 3896 953 3945 nomen,
975 3879 1095 3933 alterum
1118 3880 1223 3935 herbae
1248 3891 1347 3947 semper

236 3969 363 4035 virentis,
381 3970 432 4023 sed
450 3969 505 4022 hoe
522 3969 553 4021 ἐκ
571 3968 620 4021 τοῦ
637 3963 723 4020 αὐτοῦ
741 3970 927 4035 συγκείμενον
945 3972 977 4019 ut
994 3964 1198 4021 σσὶἰυιιῠευλιιι.

307 4070 422 4141 54)‘Sie
440 4069 525 4126 etiam
536 4067 727 4125 Doederlinns
745 4066 1030 4138 dsdeup1.p.1tu
1045 4067 1121 4122 Adn.
1136 4062 1302 4140 δαρδάπτει
1314 4080 1344 4116 σι
1376 4085 1377 4110 o

236 4161 343 4229 δείρειν
355 4166 385 4213 et
397 4154 521 4212 λάπτειν.
546 4155 606 4210 Sed
623 4155 703 4208 ferae
721 4155 855 4224 praedam
873 4159 983 4222 neptem
999 4169 1058 4208 non
1075 4152 1234 4221 degluhunt
1251 4158 1280 4206 et
1296 4150 1346 4202 dno

235 4245 324 4297 verba
341 4246 479 4313 berytona
495 4244 533 4295 ad
550 4241 633 4295 istum
650 4241 765 4294 modum
782 4236 913 4309 oomponi
932 4254 989 4292 non
1008 4237 1110 4293 solent.
