2825 4809
173 399 238 464 DE
259 393 529 464 PROSTHESI
550 391 613 460 ΕΤ
634 389 900 460 APHAERESI.
935 391 974 458 Ο.
987 393 1066 461 VII.
1119 395 1191 469 115

159 584 224 647 ΙΧ.
243 582 291 648 Χ.
337 581 512 648 Consonae
525 568 552 647 ’ν
564 581 775 668 pleonasmus
795 577 1026 664 comprobatur
1043 577 1192 664 Oppiani

81 685 226 770 exemplo
249 681 317 748 tn«)
338 686 539 767 νηπεδανοῑς
557 685 711 760 μελέεσσι
732 677 868 742 dicentis
888 701 948 764 pro
969 678 1088 742 usitato
1110 678 1192 767 ἢπε-

81 789 196 862 διινοῖς.
246 785 293 848 Et
321 782 404 848 haec
429 784 590 868 adjectivo
617 803 686 845 non
717 779 830 844 dubito
863 777 942 864 quin
970 777 1013 842 ab
1034 773 1139 865 ἤπιος
1161 789 1194 843 et

79 882 195 971 νήπιος
215 885 361 949 derivata
384 885 464 961 sint,
488 885 575 949 inter
595 903 681 967 quae
703 879 811 944 differt
832 877 966 964 quidem
987 877 1112 962 aliquid
1133 879 1193 944 sed

79 1007 139 1048 non
161 984 360 1070 plus-quam
378 985 471 1049 mitia
493 995 526 1049 et
546 983 708 1048 imbecille
736 982 865 1046 differre
894 977 1010 1045 solent.
1057 978 1194 1067 Νήπιος

80 1085 129 1148 alii
157 1107 206 1168 ny
235 1084 473 1170 pleonasticum
500 1084 637 1161 habere,
659 1083 714 1148 alii
737 1106 777 1148 ex
797 1081 951 1167 negativo
973 1077 1012 1170 νή
1040 1090 1073 1145 et
1092 1081 1192 1147 verbo

79 1182 183 1250 εἰπεῖν
204 1185 258 1249 vel
281 1181 401 1270 ἠπύειν
423 1197 611 1252 contextum
630 1207 704 1250 esse
726 1184 848 1262 dicunt,
872 1207 937 1270 qua
951 1183 1077 1248 ratione
1093 1185 1192 1268 vulgo

77 1288 181 1368 insunt
202 1285 386 1370 explicatur
403 1297 437 1351 et
456 1284 586 1374 ἀβακύς
607 1285 703 1371 παρὰ
725 1285 764 1352 τὸ
786 1284 832 1374 μὴ
849 1281 971 1368 βάζειν.
1005 1283 1194 1370 Simplicior

76 1385 207 1469 quidem
239 1386 478 1471 dilucidiorque
504 1388 560 1452 illa
584 1387 713 1451 videtur
742 1385 914 1472 originatio
948 1385 1007 1450 sed
1035 1385 1193 1471 exemplis

75 1486 232 1550 destituta
253 1486 382 1571 estu).
437 1488 540 1570 Quod
572 1488 659 1552 enim
684 1498 830 1552 veterum
865 1485 964 1571 aliqui
993 1495 1126 1550 sumunt
1153 1483 1200 1551 eb'

23 1630 25 1635 .
78 1584 153 1672 ἡδύς
174 1589 377 1674 productum
400 1612 472 1654 esse
496 1589 632 1676 ἥδυμος,
655 1587 697 1652 ab
721 1587 785 1652 hoc
806 1573 965 1676 νήδυμος,
993 1607 1034 1651 ex
1055 1597 1194 1672 utraque

75 1701 165 1774 parte
185 1689 329 1754 vacillat.
373 1691 459 1755 Nam
483 1701 516 1754 et
542 1690 775 1774 adjectivorum
796 1689 830 1753 in
848 1676 900 1766 οξ
913 1688 1100 1754 exeuntium
1120 1689 1193 1754 nul·

76 1791 137 1854 lum
163 1790 233 1854 huc
261 1791 385 1855 inflecti
410 1791 697 1856 animadvertimus
732 1802 764 1854 et
796 1789 1007 1876 pleonasmus
1039 1777 1195 1855 literae}

76 1893 278 1958 Graecorum
312 1891 509 1957 doctissimis
543 1893 627 1957 adeo
659 1891 811 1956 insolitus
842 1891 931 1955 visus
958 1898 1069 1954 estut
1095 1890 1194 1954 Posi-

76 1993 191 2058 donius
221 1993 411 2058 Hesiodum
437 1993 683 2080 reprehenderit
713 1993 803 2077 quod
830 1989 957 2080 ἥδυμος
988 1991 1106 2056 dixerit
1136 1991 1195 2079 τὴν

55 2091 221 2180 “Oppius
242 2094 333 2172 λέξιν
349 2095 605 2180 παραφθειόος,
623 2093 832 2159 Aristarchus
856 2103 973 2170 autem,
997 2093 1054 2178 qui
1068 2093 1195 2158 Home-

76 2216 145 2257 rum
170 2194 286 2280 ipsum
312 2193 435 2278 ubique
463 2191 608 2282 νήδυμον
636 2195 807 2282 scripsisse
839 2205 1000 2271 censeret,
1033 2194 1069 2257 id
1096 2194 1196 2280 longe

75 2296 165 2360 aliter
177 2297 451 2381 interpretaretur
465 2295 523 2360 τὸν
540 2291 728 2374 ἀνέκδοτον,
751 2296 841 2381 quod
862 2295 1068 2383 amplectitur
1083 2296 1195 2360 nescio

75 2396 184 2479 quiin
205 2398 291 2462 EM.
313 2396 389 2473 420,
410 2397 463 2461 47.
487 2393 615 2481 ἥδυμος
635 2391 705 2464 ἀπὸ
734 2403 795 2464 τοῦ
823 2395 978 2484 νήδυμος.
1022 2397 1065 2460 Id
1086 2407 1196 2462 temen

73 2497 231 2562 refellitur
254 2497 379 2583 duplici
399 2497 542 2571 ratione3
564 2519 675 2562 name
698 2497 795 2562 verbo
820 2496 888 2563 δύω
911 2508 944 2561 et
964 2497 1110 2562 similiter
1130 2508 1196 2563 ter·

71 2599 203 2663 minatis
238 2598 399 2680 adjectiva
426 2597 461 2662 in
480 2584 583 2680 'vr-ff
600 2599 740 2684 produci
761 2598 927 2664 insolitum
939 2597 992 2681 ³⁰)
1017 2607 1049 2662 et
1071 2599 1098 2661 si
1120 2599 1194 2663 Ho-

71 2723 177 2764 merus
215 2699 304 2768 hinc
332 2699 479 2764 duxisset
509 2697 673 2785 νήδυμος,
707 2701 897 2786 ambiguum
927 2699 1059 2764 fecisset
1089 2710 1197 2765 utrum

72 2796 254 2868 ἀνέκδοτον
270 2799 336 2864 hoc
353 2799 659 2892 est-inexcitabilem
674 2823 716 2866 an
734 2797 907 2869 ἅνένδοιον
931 2801 1068 2887 intelligi
1089 2802 1196 2868 vellet.

70 2898 137 2964 Cur
168 2923 251 2966 cum
278 2900 434 2966 intentivo
459 2900 499 2987 νή
522 2902 741 2986 compositum
763 2925 834 2967 esse
856 2923 922 2967 non
945 2903 1051 2990 possit
1073 2903 1142 2967 dixi
1163 2905 1198 2968 iu

68 3001 170 3066 Proll.
200 3000 277 3065 165.
321 3003 439 3087 Itaque
457 3003 499 3066 ad
515 3003 604 3066 illam
624 3003 807 3088 pleonasmi
830 3005 989 3069 rationem
1010 3025 1199 3068 revocamur

68 3103 225 3184 quamvis
247 3103 342 3166 inviti
364 3114 397 3167 et
418 3103 545 3192 ἥδυμος
570 3102 610 3167 ab
635 3099 717 3191 ἡδύς
741 3106 919 3169 derivatum
943 3121 1015 3170 esse
1036 3104 1197 3169 credimus

67 3321 199 3374 eaquae
216 3298 368 3375 Μολύκριιι
388 3303 499 3358 dicitnr.
534 3301 594 3358 Alii
608 3312 774 3375 comparant
792 3303 871 3360 ὑδεῑν
889 3293 974 3367 dolor
990 3309 1097 3376 pudor,
1115 3307 1199 3377 ἕρπης

68 3386 204 3460 μύρμηξ,
232 3383 292 3448 οἶος
307 3385 409 3460 μόνος,
434 3387 509 3458 ἅρπη
527 3385 660 3460 prismei,
685 3386 738 3459 ἀκή
757 3409 869 3456 mucro,
894 3389 986 3463 μύλκη
1006 3391 1100 3462 algor,
1124 3389 1197 3455 τεύξω

67 3483 196 3538 mactus,
223 3479 305 3544 μίιος
325 3478 382 3528 uta
402 3474 509 3539 vimen,
535 3491 598 3546 nam
617 3491 677 3528 non
699 3475 823 3530 multum
847 3494 867 3530 ιι
885 3476 979 3532 salice
996 3479 1123 3533 altilium
1145 3497 1199 3533 usu

69 3560 168 3614 distat
188 3563 275 3612 vitea
293 3559 368 3613 Plin.

135 3647 190 3714 29)
214 3644 343 3700 Tertiam
363 3643 498 3717 proponit
517 3643 647 3698 Clemens
665 3643 788 3714 Paedag.
805 3645 828 3698 Ι.
847 3647 872 3698 5.
890 3663 920 3747 p.
935 3645 976 3699 39.
1002 3645 1053 3701 oda
1061 3648 1121 3751 plul
1146 3651 1201 3703 τῶν

69 3726 214 3804 ἀφρόνων
226 3729 256 3785 τὸ
272 3727 371 3798 νήπιος
385 3723 504 3784 uirum
519 3726 561 3798 (in
573 3729 665 3783 Paulli
678 3729 809 3801 epistola)
825 3727 954 3799 νηπύτιος
969 3731 1024 3807 γὰρ
1042 3753 1133 3803 ουτος,
1152 3731 1201 3803 νή·

68 3838 131 3879 πιος
146 3814 218 3872 δὲ
206 3837 221 3870 ο
237 3835 351 3881 νεηιιιος
367 3838 384 3882 η
370 3809 534 3871 νεωσι1”
517 3835 599 3882 ηπιος
615 3813 653 3876 oie
667 3811 747 3884 ἤπιος
764 3813 778 3870 ὁ
796 3813 979 3889 ἇνιαλόφριιν.
1016 3818 1199 3876 Thierschius

69 3903 200 3956 Gramm.
217 3903 242 3969 ξ.
254 3902 318 3956 200.
333 3902 399 3954 adn.
416 3903 454 3958 11.
470 3908 620 3973 utrumque
635 3919 699 3956 cum
714 3899 854 3971 particula
871 3907 904 3958 νέ
921 3903 1100 3975 conjunctum
1118 3889 1200 3978 putat

70 3990 121 4042 sed
136 3987 240 4054 νήπιος
257 3988 293 4040 nb
314 3987 373 4040 ἔνιοι
391 3985 524 4050 arcessit,
544 3982 674 4054 νηπύτιος
690 3987 725 4040 ab
745 3983 834 4040 ἀπύω.

138 4073 193 4140 30)
205 4065 365 4146 Σπύριμος,
383 4068 500 4144 κύδιμος
518 4078 548 4124 et
566 4070 623 4124 alis
634 4087 706 4142 quae
719 4071 837 4126 Stollius
853 4075 935 4129 affert
947 4076 985 4128 ad
996 4073 1101 4128 Antim.
1114 4095 1142 4146 p.
1156 4075 1198 4130 97.

70 4157 167 4212 aliena
187 4166 263 4212 sunt.
299 4151 436 4226 Νὴδομος
448 4155 624 4226 Goettlingio
642 4157 679 4210 ad
688 4156 799 4227 Theog.
815 4160 872 4212 171.
887 4177 922 4214 ox
940 4157 973 4226 νύ
991 4167 1019 4213 et
1033 4158 1114 4213 ἰδεῖν
1132 4177 1199 4214 con-

70 4244 174 4297 flatum
193 4243 314 4298 videtur.
357 4243 412 4296 Pro
430 4239 499 4309 oden
516 4241 611 4312 posuit
629 4241 710 4296 Psnl.
733 4241 833 4298 Silent
856 4245 990 4298 amun.
1011 4245 1069 4296 187.
1090 4237 1201 4358 νύύυιιιι

71 4326 256 4402 πορφύροοσι
274 4337 350 4383 etv.
365 4328 425 4381 431.
444 4324 556 4399 νύύυμιι
573 4333 711 4397 κυμαίνει

948 4393 992 4479 ga
