2825 4809
176 356 232 421 Du
251 351 598 434 Paosrnrsrur
619 351 887 423 APHAERESI.
911 349 950 420 C.
968 353 1047 422 VH.
1111 359 1163 432 90

84 561 166 624 eoque
183 538 303 621 nomine
322 560 390 602 non
411 537 492 603 illud
513 547 643 624 tempus
663 538 823 606 declarari
841 559 906 624 quo
925 537 1014 604 calor
1026 560 1062 604 re
1073 538 1160 604 iran-

82 653 124 727 gst
141 639 194 723 (sie
214 637 295 702 euim
314 648 440 704 veteres
461 639 600 704 Homeri
627 640 822 726 interpretes
854 640 1013 723 statuunt)
1043 640 1103 706 sed
1124 640 1162 706 id

83 749 245 826 prorutus
265 739 434 804 increscat
477 739 533 805 De
561 749 709 827 tempore
741 739 902 808 assendor
920 739 1082 826 antiquis;
1118 741 1163 808 de

81 856 162 926 etymo
174 863 236 905 non
249 840 361 925 liquet.
388 841 598 925 Adjectivum
613 839 781 921 εὐδείελος
792 842 848 927 qui
865 841 1084 928 compositum
1096 865 1159 929 pu·

81 952 160 1006 temnt
177 937 242 1007 ‹inl›
256 945 316 1008 ποῦ
336 935 373 1008 εὖ
387 944 446 1008 καὶ
463 946 523 1008 τοῖν
546 942 604 1028 ἕλη
625 938 644 1030 ἡ
669 944 840 1026 θερμασιά
860 942 1161 1012 Seh.0d.11.117.

80 1044 142 1108 hand
162 1041 255 1106 dubie
276 1042 323 1108 sie
345 1053 517 1106 senserunt
539 1043 628 1108 delta
647 1044 683 1107 in
699 1043 912 1110 commissura
929 1044 1161 1131 interpositum

79 1167 131 1208 erse
151 1144 308 1228 quomodo
337 1143 487 1209 nonnulli
520 1141 669 1212 ἐνδίεσαν
704 1165 765 1228 pro
800 1141 927 1212 ἐνίεσαν
962 1157 1161 1232 acceperunt

77 1245 132 1312 Sch.
150 1245 184 1310 ss.
203 1245 337 1322 XVIII.
363 1245 434 1310 162.
459 1245 519 1310 sed
543 1255 593 1310 est
614 1244 726 1330 potius
751 1265 826 1310 cum
846 1246 949 1330 δῆλος
969 1248 1160 1334 copulatum

77 1369 96 1436 r.
112 1346 238 1411 Nitzseh.
261 1347 305 1410 ad
327 1346 396 1413 Od.
418 1347 482 1412 IX.
504 1347 557 1410 21.
597 1344 635 1412 Si
656 1343 790 1429 Δολβαί
813 1342 951 1426 θύματα
977 1349 1060 1414 Hes.
1091 1371 1158 1415 nou

76 1458 130 1532 post
145 1448 410 1534 δολοφρονέουσα
431 1449 491 1512 sed
514 1469 574 1511 suo
595 1447 670 1512 loco
690 1446 835 1532 positum
858 1457 960 1525 esset,
988 1447 1072 1515 hano
1094 1450 1155 1514 do·
1185 1447 1189 1460 '

75 1548 147 1611 dean
165 1569 231 1612 esse
253 1547 398 1612 dicerem
418 1549 469 1613 vel
490 1548 649 1612 aeolicum
672 1547 929 1634 appellationem
946 1549 1087 1616 nominis
1102 1572 1156 1616 sa·

75 1648 189 1712 cdfirrlis
209 1641 317 1725 οὖλοί,
341 1649 429 1713 unde
452 1644 626 1732 ὀλβοὶχνιον
647 1648 686 1714 εδ
710 1652 830 1716 κανοῦν
851 1649 886 1718 ἐν
905 1637 931 1735 ti
952 1642 1156 1718 ἀπετίθεντο

76 1747 116 1827 rig
131 1744 219 1826 οὐλάς
242 1750 327 1814 ΕΜ.
350 1751 430 1827 257,
451 1749 504 1822 53.
527 1749 618 1832 quod
641 1747 718 1814 alibi
741 1744 897 1832 ὀλβδχιον
923 1759 957 1814 et
976 1743 1158 1837 δίβανήισν

73 1848 195 1927 scribitur,
215 1848 280 1915 hoc
307 1861 357 1915 est
376 1846 580 1934 οὔλοχοεῖον,
608 1872 685 1914 nam
706 1848 788 1914 haee
811 1849 921 1914 nativa
943 1859 994 1914 est
1014 1850 1155 1916 nominis

72 1950 149 2015 forna
163 1962 195 2015 ut
209 1958 439 2035 χρυσοχοεῖον.
477 1951 595 2034 Neque
618 1950 764 2014 diversae
788 1949 917 2014 dialecti
941 1959 991 2014 est
1005 1946 1156 2032 Ἀδαυῶς

32 2134 33 2137 ¹
75 2048 221 2137 ἕγρογὸριος
248 2054 338 2116 Hes.
370 2048 495 2138 quippe
522 2051 742 2138 compositum
769 2073 843 2116 cum
876 2049 1003 2120 aeolico
1032 2049 1156 2130 δεύειν,

72 2152 138 2234 cujus
154 2152 315 2238 vulgatior
334 2152 439 2217 forma
461 2164 512 2218 est
532 2150 650 2230 larissa,
672 2151 863 2228 thamutica,
887 2164 923 2216 ut
942 2150 1155 2218 Herodianus

71 2252 132 2328 dicit,
151 2248 246 2318 οἷίειν.
292 2253 449 2318 Forsitan
472 2254 589 2318 eodem
610 2253 772 2340 pertineat
794 2251 905 2333 Δίλαξ
926 2249 945 2340 ἡ
973 2247 1056 2338 δρία
1077 2251 1156 2321 Λά-

70 2377 140 2432 sorec
156 2351 292 2435 οῖ”Ιλαξ
316 2351 336 2443 ἦ
359 2361 478 2441 πρῖνος
498 2349 545 2431 ὡς
562 2351 721 2437 Ῥωμαῖοι
741 2354 798 2421 καί
821 2350 1032 2432 Μανεδόνες,
1065 2356 1156 2439 quod
1247 2367 1251 2378 '

71 2455 123 2536 quia
150 2466 222 2541 post
254 2454 422 2538 εἰίεθμός
450 2455 586 2540 legitur,
620 2455 780 2520 Musurus
808 2454 842 2518 in
867 2452 1005 2519 latinum
1034 2477 1155 2524 nomen

68 2549 118 2633 ίίεξ
131 2555 268 2634 mutavit,
295 2556 362 2622 ilex
384 2566 492 2621 autem
513 2571 547 2620 et
565 2563 686 2640 πρῖνος
708 2567 741 2621 et
761 2551 842 2641 οῖριά
872 2555 1057 2641 significant
1076 2581 1154 2645 spe·

68 2654 113 2719 des
139 2680 283 2742 quercus.
338 2657 460 2723 Adhuc
491 2680 558 2722 non
589 2657 683 2742 attigi
718 2655 856 2724 διοίσειν
888 2656 1092 2736 humelacere
1123 2670 1156 2726 et

67 2751 154 2823 ίοίνιιν
176 2759 364 2845 tepefacere
386 2746 644 2844 et'liqueiacere
667 2759 710 2824 de
733 2755 852 2842 quibus
874 2757 997 2844 duplex
1021 2769 1071 2826 est
1091 2759 1154 2826 du·

65 2854 158 2923 bitatio.
191 2861 281 2924 Nam
303 2859 332 2924 si
354 2856 474 2926 ίαίνειν
496 2883 571 2925 cum
593 2857 728 2938 ἰᾶσθαι,
749 2857 840 2942 quod
861 2860 904 2923 ad
928 2856 981 2938 ι’ός
1003 2861 1043 2928 τὸ
1065 2858 1154 2949 φάρ-

63 2983 141 3037 μονον
160 2961 308 3039 refertur,
335 2961 566 3046 cognationem
587 2958 686 3025 habet
710 2959 855 3044 quamvis
878 2960 1006 3026 diversa
1030 2958 1153 3026 vocalis

63 3079 198 3139 mensura,
235 3065 310 3129 sola
335 3061 562 3128 terminatione
590 3061 744 3126 convenit
772 3084 846 3126 curn
874 3058 1031 3140 διαίνειν,
1060 3060 1154 3145 cujus

62 3179 176 3228 consona
196 3166 306 3253 prima
335 3162 448 3229 haeret
473 3164 507 3227 in
537 3162 726 3248 synonymis
756 3159 859 3236 δαίνυ’,
889 3161 1002 3234 deluo,
1030 3156 1153 3246 διερός,

60 3253 298 3352 Ἐνδιέςένεδρον
319 3267 402 3332 Hes.
437 3265 475 3332 Si
494 3287 572 3330 vero
589 3263 707 3330 iisdem
719 3261 874 3348 stirpibus
885 3261 1041 3338 nituntur,
1063 3260 1153 3328 haud

61 3358 137 3427 facilis
158 3377 208 3430 est
233 3365 430 3452 dijudicatio
459 3377 568 3432 utrum
594 3365 658 3430 utri
683 3363 899 3450 praecesserit
928 3362 968 3428 of.
992 3362 1152 3428 Teehuol.

63 3461 105 3525 124
118 3486 162 3549 sq.
183 3462 281 3551 Ἔρις
302 3469 330 3533 si
352 3489 427 3532 cnm
450 3467 593 3552 ἐρεθίζω
614 3477 648 3531 et
670 3466 743 3532 aliis
765 3464 912 3552 agitandi
932 3462 1039 3530 verbis
1061 3485 1152 3530 oom-

61 3565 183 3646 ponimus
205 3579 240 3633 et
263 3591 471 3655 synonymon
495 3570 592 3656 δῆρις
620 3589 695 3633 eum
726 3565 801 3645 δάϊς
828 3562 931 3651 (μάχη
954 3561 1150 3652 saducaeos)

60 3660 134 3751 longe
153 3671 303 3756 dispares
330 3682 421 3736 ortus
446 3668 568 3734 habere
588 3667 750 3735 videntur.
793 3669 964 3732 Hactenus
994 3667 1151 3753 loquutus

60 3785 112 3831 um
120 3769 157 3834 de
171 3772 263 3836 delta
282 3772 374 3857 qnod
382 3771 500 3836 iisdem
516 3769 684 3836 vocabulis
703 3779 760 3834 aut
770 3769 885 3834 deesse
904 3779 962 3834 aut
977 3789 1151 3855 superesse

61 3866 188 3934 reditun
209 3881 282 3948 est3
301 3895 389 3936 nunc
412 3872 457 3937 ad
477 3873 533 3938 illa
551 3869 680 3936 veniam
697 3893 783 3956 quae
800 3871 835 3936 in
852 3868 1053 3936 derivatione
1071 3892 1151 3936 con·

60 3987 145 4035 unam
169 3985 227 4037 aut
248 3974 416 4060 accipiunt
438 3984 493 4040 aut
511 3973 662 4038 amittunt
687 3984 725 4038 ut
750 3969 862 4042 διώκω
889 3969 991 4054 ίιονὴ,
1021 3972 1155 4056 dequo.

61 4064 241 4152 dictumest,
274 4076 358 4142 δαίιο
380 4069 479 4155 αἶσα,
502 4075 531 4139 si
552 4075 686 4160 quidem
705 4085 828 4140 stamus
850 4083 995 4140 veterum
1008 4072 1150 4155 judicio,

60 4174 127 4249 quod
139 4179 345 4243 confirmatur
361 4177 606 4264 quodammodo
622 4176 867 4264 comparatione
888 4171 1058 4258 synonymi
1076 4172 1152 4248 μεί-

60 4289 136 4352 tttet
152 4284 294 4362 portior,
315 4288 420 4371 μοῖρα
432 4280 539 4346 Parca
560 4279 629 4345 sire
637 4279 749 4345 Morta
756 4302 765 4356 ;
789 4288 822 4344 et
844 4273 988 4342 omnium
1006 4271 1150 4340 certissi-

898 4375 916 4440 7
922 4376 940 4411 ί
