2825 4809
267 355 347 429 522
617 346 938 418 DISSERTA'BIO
970 348 1031 416 lV.
1110 378 1114 398 ι

269 536 310 603 τύ
333 530 512 622 ἀμήρυτον.
556 533 609 599 lbi
639 536 680 600 de
702 535 873 602 metathesi
900 533 1035 601 uerbum
1060 535 1173 600 nullum
1198 538 1325 606 sedidem

271 637 341 703 sive
364 635 561 721 scriptorum
584 635 653 702 sive
675 637 881 704 librariorum
904 659 995 702 error
1019 636 1146 702 obvenit
1164 636 1193 701 in
1210 640 1326 724 Hesychii

270 738 383 825 glossa
403 729 565 820 Βρύματα
586 739 782 826 μυρήματα,
813 739 841 804 si
872 739 1004 824 quidem
1024 739 1061 804 id
1084 736 1240 827 μηρύματα
1256 741 1326 826 signi-

270 840 358 917 licut,
382 847 415 902 et
437 836 474 901 in
498 831 862 928 Θηλύματα-ἷύλφιτα,
887 839 979 925 quod
999 839 1114 906 falsam
1132 839 1243 926 peperit
1259 843 1328 928 origi·

267 939 436 1006 nationem
465 931 534 1005 ἀπὸ
570 943 628 1006 τού
658 938 825 1028 θηλύνειν.
879 940 1080 1027 Saepissime
1114 951 1211 1005 autem
1237 940 1288 1006 iota
1309 956 1329 1008 et

268 1041 403 1130 ypsilon
423 1039 586 1107 transfusa
600 1051 685 1131 sunt.
717 1041 845 1108 Auctor
862 1042 904 1108 de
914 1040 1048 1108 Barbar.
1069 1064 1103 1126 p.
1117 1041 1182 1106 195.
1194 1043 1237 1106 ed
1246 1044 1329 1110 Valcl.
1367 1055 1368 1132 l

269 1140 358 1209 κατὰ
377 1136 561 1226 μετάθεσιν
588 1139 833 1228 βαρβαρίζουσι
859 1143 1010 1229 λέγοντες
1041 1142 1101 1209 τὸν
1121 1140 1229 1230 δίφρον
1247 1141 1331 1228 dulcor
1357 1137 1368 1158 '³

271 1243 330 1310 uui
353 1241 391 1309 τύ
414 1243 508 1331 φέρω
531 1241 705 1332 cadorum)
729 1241 786 1310 καὶ
800 1245 1032 1332 Μυτιληναῖον
1043 1244 1269 1329 Μινυληναῖσν·
1286 1238 1331 1310 tat

268 1344 335 1431 γὰρ
355 1339 523 1422 Μύτωνος
543 1347 603 1410 τού
624 1341 770 1410 κτίστου.
813 1344 909 1410 Ficta
937 1354 1013 1408 sunt
1045 1343 1176 1409 nomina
1202 1343 1330 1410 conditoris
1368 1296 1369 1388 l

263 1440 397 1511 Μύτων
428 1453 462 1509 et
490 1438 646 1522 Μύτιλσς
671 1444 787 1532 Steph.
821 1446 881 1511 sed
909 1445 990 1532 fingi
1017 1468 1086 1511 non
1112 1444 1274 1533 potuissent
1292 1446 1332 1510 nisi

269 1569 390 1614 nomen
417 1544 508 1612 urbis
536 1545 584 1613 sic
611 1556 648 1610 ut
675 1546 731 1612 ille
762 1547 842 1612 dicit
869 1546 967 1612 scribi
1000 1547 1132 1612 solitum
1153 1555 1245 1624 esset,
1266 1547 1332 1631 idque

267 1649 331 1715 viri
352 1647 441 1714 docti
464 1670 526 1736 pro
548 1648 650 1714 altero
672 1648 883 1714 restituerunt
904 1648 1052 1735 plurimis
1081 1649 1164 1716 locis
1191 1671 1249 1712 non
1263 1649 1333 1712 solun
1369 1664 1370 1700 l

268 1749 451 1828 Herodoti,
478 1748 684 1834 Thucydidis
711 1759 744 1814 et
766 1749 959 1837 supparium
986 1752 1046 1816 scd
1075 1751 1173 1816 etiam
1198 1749 1333 1814 inleiorun
1369 1771 1370 1774 ¹

269 1877 301 1918 v.
314 1851 468 1919 Dindorl.
484 1851 607 1917 Athen.
630 1852 739 1917 Praei.
761 1853 862 1918 XIX„
885 1851 1017 1938 ipsique
1034 1852 1160 1920 Suidae
1181 1851 1335 1934 tribuendm

270 1964 383 2022 censet
408 1953 601 2039 Bernhardy
625 1977 651 2019 s.
675 1949 842 2032 Ἀλκαῖος.
886 1954 1096 2039 Adjectivum
1122 1950 1235 2040 μντίλη
1259 1952 1285 2016 id
1304 1959 1335 2014 ut
1370 2029 1371 2048 Χ

270 2051 329 2134 αἲξ
350 2048 450 2142 ἀγρία
472 2055 573 2120 semel
594 2056 715 2141 legitur
728 2079 782 2143 ap.
798 2056 940 2123 Theocr.
965 2056 1025 2121 scd
1049 2055 1201 2122 codicum
1220 2075 1336 2118 consensu
1370 2049 1371 2054 ’

270 2179 412 2234 summm
442 2157 554 2222 Latini
575 2179 653 2223 vero
673 2159 804 2224 mutilus
827 2159 941 2224 dicunt
963 2157 1048 2224 sicut
1068 2157 1170 2223 Utica
1189 2177 1243 2241 pro
1257 2149 1337 2237 ’luluy

269 2254 425 2336 Μύτιλνς
449 2258 540 2345 quod
561 2259 771 2326 Herodianus
791 2260 887 2324 Mon.
909 2259 966 2336 21,
994 2260 1025 2324 3.
1049 2281 1126 2324 cum
1147 2255 1273 2332 πύτιλος
1288 2277 1339 2318 con·

263 2360 387 2444 jungit,
409 2370 466 2424 aut
485 2359 545 2425 viri
566 2381 687 2426 nomen
706 2371 767 2439 est,
791 2361 832 2426 de
857 2382 922 2447 quo
946 2360 1046 2428 modo
1071 2360 1151 2438 dixi,
1173 2367 1226 2423 aut
1239 2354 1340 2422 conchae

270 2460 362 2545 quod
389 2482 409 2525 a
430 2460 559 2527 Latinis
585 2462 674 2527 varie
701 2461 855 2528 scribitur
877 2462 1037 2539 mutulns,
1067 2461 1216 2548 mytilus,
1240 2457 1338 2532 mitulus,

269 2563 456 2648 germanice
476 2565 694 2632 llteomuscbel
714 2585 734 2628 a
754 2562 854 2629 verbo
873 2559 946 2648 μύω
967 2564 1056 2630 unde
1075 2559 1184 2645 μύαξ,
1206 2570 1240 2626 ut
1258 2582 1275 2624 a
1290 2579 1339 2623 con·

267 2664 366 2728 trario
402 2662 490 2753 χύμη
523 2665 638 2730 chama
670 2665 887 2740 Girumuscbel
917 2665 984 2730 sive
1018 2665 1109 2750 Guffe
1143 2663 1187 2728 ab
1215 2659 1341 2727 oscitando

267 2765 357 2830 unde
381 2757 625 2852 Ἐγχημιύμενοι
651 2762 867 2851 §nonnanes
894 2767 977 2833 Hes,
1008 2775 1042 2831 et
1075 2765 1242 2833 Gimsuclt
1266 2762 1345 2827 idest

266 2862 444 2951 χασμωδία
467 2866 590 2932 oscedo
612 2876 645 2932 et
666 2867 810 2952 Gienaffc
829 2864 974 2948 χάσκαξ,
1001 2890 1079 2932 nam
1099 2866 1243 2932 conchae
1262 2885 1309 2950 pro
1323 2882 1345 2923 re

267 2978 345 3032 nata
356 2977 390 3032 et
398 2962 561 3047 ydoneum
580 2976 614 3033 et
631 2962 761 3051 μύουσι.
807 2965 892 3034 Cum
913 2969 1044 3034 nominc
1066 2964 1168 3052 μύαξ,
1192 2967 1274 3052 quod
1290 2987 1348 3029 non-

267 3091 434 3154 nunquam
455 3067 553 3132 etiam
571 3068 723 3134 cochlear
745 3069 925 3154 significat,
957 3080 1133 3157 cognatum
1156 3080 1206 3134 est
1228 3065 1347 3151 μύστρον,

266 3167 426 3257 accello,
458 3171 706 3252 μυστιλᾶσθαι,
741 3192 825 3256 quae
856 3194 924 3237 non
957 3195 1031 3238 raro
1063 3171 1196 3236 vocales
1227 3169 1350 3233 alternant

268 3265 412 3355 μιστύλη
443 3280 504 3334 etc.
530 3293 561 3335 v.
591 3271 790 3358 Wesseling.
813 3273 856 3336 ad
877 3274 1004 3359 Herod.
1024 3274 1052 3339 1.
1084 3275 1156 3339 132.
1179 3282 1215 3336 ut
1244 3267 1349 3339 πίννλνς

265 3503 334 3574 μιιύν
346 3505 374 3559 in
385 3505 514 3575 (lheogn.
528 3505 570 3569 ³8,
585 3505 626 3558 10.
645 3513 779 3576 tanquam
795 3507 1055 3580 comprehensivum
1076 3513 1108 3560 ut
1126 3503 1245 3584 ἀχυρών.
1278 3503 1322 3557 Sed
1330 3499 1349 3552 id

266 3607 380 3662 quoque
392 3590 463 3644 nihil
482 3590 562 3645 aliud
573 3589 685 3646 videtur
698 3609 782 3662 quam
794 3591 934 3664 Epicratis
954 3600 1185 3664 cognomentum,
1206 3591 1279 3662 cujus
1295 3584 1348 3658 geni·

265 3676 339 3730 tirus
351 3675 381 3729 in
393 3677 476 3730 codd.
489 3677 632 3732 nonnullis
644 3677 790 3733 Demosth.
810 3679 869 3743 433,
888 3681 931 3734 21.
967 3682 1147 3752 Κυρημμύνος
1165 3677 1291 3734 scribitur
1305 3688 1347 3726 con·

265 3770 308 3818 tra
320 3763 447 3832 regulam
458 3761 525 3816 EM.
539 3763 559 3818 h
573 3779 599 3818 0.
617 3763 830 3834 Appellativnm
847 3759 965 3836 κηρύρια
982 3783 1069 3835 quum
1087 3763 1155 3820 alibi
1174 3771 1234 3820 tum
1250 3763 1278 3816 in
1292 3761 1349 3815 Prot.

264 3848 340 3904 Bibl.
362 3847 545 3904 CCLXXIX.
560 3851 624 3905 sut.
644 3849 780 3922 scriptum
798 3858 850 3917 est,
868 3855 1027 3924 Συλληβρία
1044 3850 1073 3904 in
1094 3848 1211 3906 Chionie
1226 3840 1347 3920 Episth·

266 3937 314 3988 169
328 3935 416 3990 Orell.
430 3953 483 4006 pro
496 3940 668 4009 Σηλυμβρία.

335 4046 379 4114 ll)
393 4045 593 4102 Valckenarius
612 4047 730 4118 corrigit
742 4051 837 4118 φρενιύ
850 4050 955 4120 (μίμνω,
973 4051 1024 4104 sed
1036 4049 1092 4103 hoc
1106 4066 1163 4101 non
1177 4043 1307 4118 reperitur
1315 4034 1350 4090 nisi

262 4133 339 4201 apud
351 4131 472 4186 novitios
491 4152 543 4205 pro
556 4137 643 4207 φέρω.
667 4134 720 4188 Ille
738 4133 858 4188 fortasse
872 4133 985 4206 scripsit
1003 4139 1081 4205 φέρω
1100 4139 1179 4209 cyneo
1199 4139 1232 4186 ut
1243 4121 1353 4184 modio

267 4233 298 4286 p.·
313 4217 370 4280 172,
387 4219 430 4272 24.
449 4224 517 4289 φρές
535 4217 564 4274 τὸ
582 4223 659 4290 φέρε.
688 4218 836 4273 Omittitur
853 4220 907 4274 hoc
924 4221 959 4274 ab
978 4220 1141 4275 Herodiano
1165 4222 1202 4272 de
1222 4216 1319 4272 Solocc.
1334 4225 1352 4278 p·

263 4302 326 4356 258.
342 4307 536 4377 βαρβαρίζουσι
547 4305 653 4378 dulcior
663 4306 790 4374 λέγοντες
802 4307 848 4358 καὶ
860 4308 1056 4374 Μιτυληναῖος.
