2825 4809
114 342 165 410 ou
181 336 295 405 auus
317 334 554 405 suueouuu
577 334 855 405 musanus.
882 334 922 403 c.
934 335 963 402 1.
979 340 1005 424 ς.
1014 338 1044 404 ι.
1072 338 1158 415 ηπ.

78 500 118 595 καλ
142 528 236 614 τροπῇ
265 526 321 591 τοῦ
347 509 373 613 ἦ
400 515 543 613 ἤρανον·
578 521 617 591 τὸ
650 520 881 611 πληθυντικὸν
909 516 1036 611 ἤρανα,
1074 518 1152 595 also·

77 624 193 714 οιιγιαπῇ
211 618 410 715 λη’-ἀποκοπῇ
431 616 497 715 ἦρα
515 624 629 694 schol
640 625 685 691 A.
700 626 744 691 ad
757 625 798 692 Il.
811 626 840 692 Ι.
851 626 927 692 572.
943 624 1061 693 Zonar.
1073 628 1154 695 810.-

76 732 113 795 lu
126 728 212 791 forma
225 725 447 811 judicantibus
470 725 652 815 ἐπιήρανος
670 726 850 793 derivatum
866 726 978 794 catab
996 728 1148 818 λπληροζ,

75 828 141 915 quod
158 827 231 893 ultra
250 828 404 915 progredi
422 828 599 895 nonlicet.
644 826 692 897 Τὸ
714 833 872 912 sualmis
894 827 927 897 oi
947 830 1009 912 μὲν
1028 854 1149 915 αυγκα·

73 927 122 1016 ,τήν
134 951 231 1018 φασιν,
248 926 280 999 oi
297 929 336 997 ds*
358 925 411 997 ὅτι
432 928 582 1015 κευθμός
600 927 704 1007 loxos
721 926 854 1016 εἴρηται
872 924 919 1009 ὥς
935 926 1157 1017 τιυομός*’)“

73 1032 112 1099 καλ
127 1028 327 1116 βα8υλιλμων
346 1031 556 1116 βαθιλλιιμος
576 1032 656 1101 soh.
678 1032 719 1096 Il.
735 1031 838 1097 XIII.
855 1032 909 1097 27.
934 1032 1021 1099 'Res
1043 1033 1149 1100 estin

73 1132 147 1199 oculis
162 1131 271 1218 posita
313 1132 453 1199 Dativos
474 1130 559 1229 κοιτί,
576 1131 676 1201 ποιαί
695 1143 757 1199 eto
774 1154 842 1199 non
858 1156 901 1199 ex
922 1129 1043 1215 νύνιαι,
1066 1137 1150 1203 παλ-

72 1238 133 1313 lut,
158 1234 272 1303 sodex
293 1234 450 1321 singulari
473 1234 558 1313 κυνί,
586 1232 687 1302 παιδί
712 1244 802 1301 ortos
824 1236 1006 1323 proculque
1027 1259 1048 1302 a
1068 1258 1147 1324 syn·

72 1358 130 1423 copo
152 1334 274 1402 habent.
322 1338 381 1403 Ad
405 1336 619 1424 explicandos
647 1336 850 1403 accusativos
879 1339 970 1419 κλεῖς
998 1349 1031 1405 st
1057 1331 1150 1427 ὅρνις

70 1438 274 1513 nescioutrum
302 1460 471 1527 syncopen
496 1438 662 1505 attulerint
687 1460 729 1505 an
756 1438 845 1505 illam
869 1435 1066 1529 ὁμοφωνίαν
1089 1445 1163 1531 τῆς·

71 1536 220 1627 αἰτιατικῆς
245 1545 312 1609 τῶν
337 1542 574 1627 πληθυντικῶν
595 1540 685 1630 πρὸς
705 1539 764 1629 τὴν
787 1537 1052 1623 iussoslussos,
1083 1566 1150 1629 qua

70 1641 162 1707 indocti
180 1640 312 1727 quidam
335 1643 518 1710 causativus
544 1642 671 1709 ioniuos
693 1640 827 1726 μάντις,
856 1637 940 1731 ὄφις
968 1646 1150 1731 expediunt

70 1766 89 1809 v.
104 1744 213 1811 Anscd.
241 1745 354 1812 Onon.
383 1744 425 1809 T.
447 1745 509 1813 IV.
534 1743 609 1811 358.
658 1742 729 1811 Sed
754 1766 823 1809 non
850 1746 1150 1831 praetermittuntur

69 1846 257 1933 comparativi:
279 1844 339 1936 τὴν
358 1844 511 1932 χερείονα
528 1842 715 1932 αἰτιατικὴν
740 1841 916 1936 συγκόψας
935 1845 1001 1935 ἔφη
1022 1843 1146 1938 χέρεια,

70 1948 266 2034 πληθυντικῶς
295 1947 337 2015 δὲ.
364 1945 407 2014 τὰ
436 1945 606 2035 χερείονα,
637 1944 772 2032 χέρεια·
806 1943 913 2027 οὕτως
938 1945 1151 2035 Ἡρωδιανός

38 2080 39 2087 ¹
68 2047 124 2113 scu
135 2048 168 2115 ll.
183 2049 211 2115 I.
223 2048 275 2115 80.
294 2045 404 2135 ὥςπερ
423 2046 574 2135 χερείονα
598 2047 655 2114 καλ
676 2046 711 2113 ia
732 2052 885 2139 αογκοπῇ
901 2049 1032 2135 χέρεια,
1060 2047 1148 2119 οὕτω

69 2150 173 2230 πλέονες
192 2150 248 2218 καλ
269 2151 371 2231 πλέες
391 2150 501 2238 Epim.
514 2151 542 2216 Ι.
563 2149 638 2215 338.
660 2158 693 2213 et
712 2147 786 2213 350.
808 2147 846 2215 τὸ
869 2148 978 2229 πλέας
998 2144 1071 2220 ἀπὸ
1090 2158 1149 2222 τοῦ
1225 2207 1228 2212 «

68 2246 178 2329 πλέονας
192 2252 430 2342 ,συγκέκοπται
456 2252 534 2320 Seh.
556 2253 628 2319 BL.
655 2250 700 2317 ad
724 2250 835 2316 11.11.
860 2250 933 2317 129.
963 2263 996 2317 et
1021 2255 1150 2323 Herod.

56 2350 310 2450 ,adxl.395.³³)
333 2354 453 2439 quibus
476 2354 628 2421 convenit
649 2351 886 2419 substantivum
908 2350 1068 2444 πλειότης
1087 2380 1150 2446 pro

66 2450 228 2541 αλειονότης
258 2479 291 2522 v.
321 2456 442 2521 Purall.
470 2457 526 2521 48.
581 2456 650 2523 Sed
681 2454 768 2519 hano
800 2476 970 2542 syncopen
1001 2458 1153 2543 rejiciunt

63 2554 246 2623 Buttmannus
275 2562 302 2643 ξ.
332 2557 385 2626 68.
413 2567 446 2623 et
472 2556 685 2623 Thierschius
712 2559 739 2640 ξ.
761 2556 839 2635 202,
860 2558 913 2621 22.
941 2582 1017 2623 nam
1036 2560 1151 2649 χέρεια

64 2657 99 2721 ul
117 2668 147 2723 ut
166 2682 252 2725 nuno
274 2658 426 2725 scribitur
446 2657 551 2746 χέρηα
580 2666 695 2722 natura
722 2658 899 2743 positivum
925 2680 998 2726 esse
1018 2684 1040 2727 a
1059 2673 1150 2731 recto

62 2755 136 2848 χέρης
159 2771 190 2827 et
220 2760 369 2827 similiter
395 2762 497 2848 πλέες
524 2782 592 2827 non
619 2760 783 2825 divorsum
810 2782 831 2825 a
852 2759 984 2853 πολέες.
1029 2756 1153 2832 Obstat

112 2929 152 3001 32)
162 2932 224 2986 Ηοα
240 2930 379 3002 ignotum,
398 2928 502 3001 scripto
518 2928 676 3001 proximum
693 2935 737 2983 est
751 2928 889 2999 χενίίμός,
904 2931 956 2984 sed
970 2933 1049 2988 deest
1061 2932 1153 2989 altera

64 3012 130 3068 forma
151 3014 293 3089 γευθμών.
337 3016 483 3071 Cauuouas
508 3034 525 3069 a
548 3012 689 3069 nonnullis
717 3012 757 3069 sic
781 3021 812 3067 ut
836 3014 1004 3071 Germaniae
1027 3018 1151 3091 populus

67 3096 153 3156 daucos
168 3102 327 3157 nominatos
345 3120 407 3157 esse
426 3098 577 3172 significari
593 3100 703 3155 videtur
721 3098 750 3152 in
768 3098 860 3170 Etym.
875 3100 964 3155 Paris.
984 3102 1013 3157 in
1026 3102 1153 3161 Crameri

63 3183 145 3242 lueod.
157 3188 219 3245 Par.
237 3190 271 3246 Τ.
285 3188 335 3245 IV.
349 3190 391 3242 55.
422 3184 573 3241 Καύκων
591 3185 623 3241 θ’
646 3186 769 3247 ἕλικας
784 3178 870 3254 βόας
886 3185 1016 3263 ἀποκοπῇ
1032 3191 1080 3243 καλ
1096 3187 1152 3262 (ἢ)

64 3277 176 3347 συντακῇ·
198 3268 405 3331 Καυκώνιον
425 3277 647 3345 πτολίεθρον
673 3269 741 3326 κατὰ
767 3270 912 3341 συγκοπὴν
930 3270 1100 3345 Καύκων,
1124 3285 1154 3331 ot
1268 3276 1272 3286 ’

63 3372 83 3425 p.
91 3359 123 3425 68,
132 3364 170 3417 24.
186 3355 345 3430 Καυκώνην
358 3359 424 3431 (sie)
439 3361 607 3431 πτολίεθρον
619 3360 667 3413 καὶ
680 3354 749 3413 κατὰ
763 3356 909 3428 αυγκοπην
920 3352 1051 3417 Καύκων.
1074 3362 1153 3417 lllud

64 3444 194 3501 Καυκώνιον
210 3451 381 3518 πτολίεθρον
400 3443 564 3500 Callimachi
584 3451 627 3499 est
643 3444 682 3498 H.
701 3442 732 3497 in
747 3442 809 3499 Iov.
826 3461 852 3497 r.
865 3445 908 3497 38.

113 3531 153 3601 33)
169 3532 249 3587 Idem
269 3534 387 3587 fortasse
405 3530 503 3585 statuit
520 3527 552 3586 κά
565 3526 633 3584 loica
650 3529 679 3583 iu
693 3528 815 3584 Theocr.
828 3528 936 3585 XXVI.
949 3532 993 3586 32.
1007 3549 1167 3605 αουιριιταγ
1287 3500 1291 3503 ⁵

63 3611 127 3670 tisun
141 3636 197 3674 csse
217 3637 254 3674 ex
272 3622 377 3673 λωίονα
396 3614 552 3686 concisum3
572 3616 761 3670 Buttmaunus
779 3632 847 3672 vero
862 3616 984 3670 Gramm.
999 3618 1023 3684 §-
1037 3620 1079 3684 68,
1090 3622 1152 3676 267.

64 3700 186 3767 positivum
207 3712 291 3780 putat
314 3710 431 3759 a'reeto
456 3699 537 3763 λώιος
559 3710 589 3755 et
611 3703 667 3757 hoo
689 3719 747 3756 nou
771 3700 918 3763 discordat
941 3721 1004 3757 cum
1025 3711 1155 3760 veterum

63 3785 170 3856 opinions
188 3809 203 3846 e
218 3795 343 3866 χερείων
361 3806 414 3863 par
432 3788 643 3861 metaplasmum
664 3789 771 3843 factum
788 3806 849 3843 ease
867 3796 979 3861 χορεῖος
997 3787 1035 3851 ὥς
1051 3789 1156 3863 ἀρείων

63 3867 145 3943 λρεῖος,
159 3880 263 3935 πλείων
279 3880 386 3945 πλεῖος,
405 3869 481 3951 (idua
497 3876 564 3951 ῥᾶυς
580 3874 644 3931 ΕΜ.
656 3876 716 3939 808,
729 3877 771 3929 tt.
784 3882 814 3930 et
826 3878 870 3942 82,
881 3878 924 3930 45.
937 3878 990 3931 ssd
1006 3877 1059 3931 hos
1077 3894 1154 3932 com-

63 3960 177 4025 parativos
194 3962 224 4018 in
243 3951 279 4025 o}
291 3962 373 4018 nobis
393 3979 451 4016 non
469 3960 637 4036 approbant.
665 3959 766 4032 xSaepe
785 3960 901 4031 quidem
920 3962 990 4037 ρᾶον
1008 3961 1068 4015 sive
1085 3964 1157 4036 ῥᾷον

64 4058 102 4111 pro
113 4045 201 4119 ῥιλδιον
217 4047 353 4121 scriptum
372 4055 415 4103 est
432 4049 483 4102 sed
499 4064 553 4119 par
569 4045 667 4100 vitium
682 4064 709 4101 v.
723 4048 761 4099 ad
773 4046 841 4101 Phr.
851 4048 912 4099 403.
926 4064 959 4101 ac
971 4046 1081 4117 plurale
1094 4050 1156 4123 ῥεῖα

64 4126 108 4183 sive
122 4135 166 4207 ῥέα
181 4152 197 4189 a
211 4144 291 4191 recto
304 4138 376 4211 ρεῖας
386 4135 504 4206 pendet,
521 4134 601 4203 quod
617 4131 710 4203 ipsum
726 4131 755 4185 in
772 4128 847 4207 ῥήιος
863 4130 978 4186 dissolvi
994 4132 1087 4203 potuit
1103 4136 1157 4189 sed

64 4212 104 4269 loc
119 4236 171 4275 uon
189 4220 296 4293 legitur
317 4227 432 4293 praetor
450 4218 572 4292 Oppiau.
593 4217 661 4291 Cyn.
675 4219 697 4274 I.
715 4220 773 4273 tol.
796 4214 874 4294 ρἡον
894 4218 922 4279 λς
940 4210 1077 4289 κάματον,
1089 4238 1155 4295 'pro

63 4315 107 4370 ‘1¹10
122 4305 204 4381 ῥηίον’
226 4307 415 4364 scribendum.
