2825 4809
153 343 206 410 DE
223 338 482 409 PROSTHESI
502 341 566 408 ET
586 341 864 424 APHAERESI.
887 338 926 407 O.
942 342 1021 414 VII·
1081 349 1131 424 95

74 551 118 615 qne
133 525 299 593 necessitate
329 526 504 592 adstrictus
528 548 590 614 pro
618 521 817 613 ἀμφιγνοεῖν
837 525 1003 592 substituit
1026 521 1133 614 ἀμφι-

72 637 139 700 roco.
173 629 233 697 sed
248 628 338 694 inter
353 622 452 696 dicero
476 638 510 692 et
530 624 648 713 ἄγνοια
671 639 797 696 tanum
823 629 958 697 interest
977 639 1134 715 quantum

72 735 129 797 inter
146 729 298 795 inscientia
325 738 358 794 et
386 729 542 807 amentia,
571 730 631 796 etsi
660 730 741 796 haec
769 753 869 818 saepe
896 731 1072 796 indiscrete
1099 743 1134 796 et

72 830 218 899 creberrime
237 853 256 894 a
280 829 419 896 librariis
440 831 578 897 confusa
605 844 682 898 sunt
706 855 737 898 v.
759 833 910 920 Lennep.
940 832 983 897 ad
1002 831 1133 900 Pbslur.

71 936 113 1019 Ep.
135 931 250 996 LXIX.
281 931 355 997 215.
386 934 552 999 Benseler.
583 935 627 1000 ad
657 935 760 1001 Isocr.
792 936 919 1021 Areop.
944 933 1017 1000 369.
1061 934 1135 1000 Neo

72 1036 157 1099 ninere
175 1033 334 1098 intervallo
357 1023 521 1118 disjuncta
542 1045 619 1101 sunt
636 1031 782 1104 ἀπόνοια
798 1047 831 1102 et
845 1030 1020 1121 ἀπόγνοια,
1043 1033 1134 1121 quod

72 1135 146 1201 Schol
173 1135 271 1200 Thuo.
304 1135 370 1200 111.
400 1136 452 1202 85.
485 1138 570 1204 inter
599 1135 770 1224 οημαώδη
799 1139 898 1204 refert
929 1136 1006 1222 quia
1035 1136 1136 1222 vulgo

71 1230 216 1319 ἀπόγνωσις
232 1234 368 1312 dicitur3
387 1236 467 1302 item
488 1235 622 1306 ούννοια
639 1249 671 1303 et
686 1236 850 1325 σύγγνοια,
874 1260 939 1324 quo
951 1236 1136 1324 Sophocles

71 1357 108 1421 pro
131 1333 287 1422 συγγνώμη
323 1359 401 1401 usus
435 1350 494 1405 est.
537 1339 641 1407 Verbi
672 1346 780 1425 γνοεῖν
809 1339 933 1405 nullum
961 1338 1136 1424 vestigium

71 1448 154 1503 cnut·
169 1437 249 1504 Nam
276 1441 368 1524 quod
382 1441 551 1506 Musurus
579 1441 682 1508 edidit
711 1446 742 1506 Γ
737 1446 870 1529 ccciccc
898 1447 1035 1528 γνῶναι,
1066 1463 1135 1508 uon

70 1539 135 1603 iuin
153 1540 219 1604 cod.
240 1541 398 1629 scriptum
426 1553 475 1609 est
504 1542 564 1609 sed
592 1542 744 1609 Γνοιίοαι
764 1547 895 1628 γνοῦαι,
926 1543 1015 1628 quod
1044 1543 1137 1610 eliter

70 1640 151 1726 corrigi
171 1653 276 1729 potest
296 1645 424 1730 γνοίησι
449 1645 541 1732 γνοίη
571 1656 609 1710 ut
632 1644 886 1731 Παραφθαιήαι
912 1641 1134 1729 παραδράμοι

69 1763 87 1803 r.
106 1742 243 1827 Spitzner.
276 1745 321 1808 ad
352 1746 392 1810 Il.
420 1746 468 1812 X.
495 1746 569 1811 346.
612 1745 685 1811 Nec
719 1741 853 1830 γνώσκω
881 1743 1043 1811 invenitur
1071 1745 1135 1812 nisi

68 1843 278 1928 reduplicaticne
299 1858 431 1912 auctum
458 1847 510 1912 vel
537 1846 699 1913 ordinaria
727 1858 763 1910 ut
786 1845 978 1932 βιβριόσκιο,
1012 1847 1064 1912 vel
1097 1869 1136 1912 eu

70 1965 123 2027 quae
145 1941 366 2028 ἇναδίπλωσις
395 1946 590 2034 γράμματος
612 1958 761 2024 vocatum
793 1949 835 2013 de
864 1969 930 2032 quo
957 1947 992 2012 in
1023 1947 1136 2014 ultima

68 2044 131 2129 hujus
141 2047 369 2115 dissertationis
387 2060 479 2138 parte
497 2051 682 2116 disseretur.
716 2050 801 2118 Cum
821 2045 926 2136 ἀγνώς
937 2059 997 2114 etc.
1016 2070 1136 2135 operae

69 2160 99 2210 est
114 2150 239 2216 conierre
255 2149 454 2239 ἕγδούπησι,
478 2149 688 2238 ἆλίγδουπος,
704 2152 938 2236 μελίγδοοπος,
961 2150 1038 2235 quin
1054 2150 1136 2216 baec

68 2271 158 2335 quoque
182 2265 256 2317 ante
289 2275 418 2338 gamma
444 2253 567 2320 habent
593 2254 739 2319 vocalem
767 2262 800 2316 et
828 2251 921 2337 quia,
955 2273 1136 2336 quaecum

68 2373 156 2434 gruna
174 2365 313 2441 cognata
337 2367 387 2420 est
404 2356 498 2420 litera
517 2354 638 2442 kappa,
661 2365 798 2442 apparet
817 2354 851 2419 in
868 2351 1019 2418 affinibus
1036 2359 1135 2432 νοεῖν,

67 2461 159 2532 κινεῖν,
176 2453 311 2535 κτύπος.
342 2459 472 2523 Nullius
489 2456 610 2523 voculis
627 2457 852 2522 antecessione
870 2455 1047 2521 emollitum
1064 2451 1137 2540 γνό-

65 2573 112 2635 γος,
130 2556 210 2639 qnod
229 2558 381 2624 rhetores
403 2559 593 2647 posterioris
615 2558 729 2624 aetatis
755 2558 950 2634 asciverunt,
975 2557 1138 2621 diversum

65 2655 223 2737 aprimicivo
245 2660 351 2746 νέφος
371 2683 474 2746 genus
500 2659 599 2725 habet
623 2659 685 2725 n'ec
708 2661 845 2725 eandem
867 2657 1138 2745 significationem

65 2755 101 2817 scd
116 2759 238 2844 propius
261 2761 307 2824 ad
331 2759 455 2849 κνέφας
475 2762 601 2828 accedit
628 2762 759 2826 mutatis
790 2760 998 2827 antistoeehis
1026 2759 1139 2846 kappe

65 2866 84 2914 st
97 2878 212 2939 gamma.
256 2861 416 2930 Similiter
437 2873 560 2942 cetera,
583 2884 668 2950 quce
690 2885 818 2950 gamma
838 2863 872 2928 in
894 2861 1055 2950 principio
1077 2861 1136 2925 ha·

65 2952 120 3035 lent,
139 2960 175 3026 ab
194 2963 245 3041 iis,
267 2987 355 3049 quae
375 2987 443 3031 non
464 2963 595 3044 habent,
618 2978 675 3031 sut
694 2967 801 3051 figure
822 2965 985 3032 differunt
997 2972 1053 3028 aut
1078 2961 1135 3025 ali-

64 3078 105 3138 quo
118 3050 355 3147 significationis
369 3069 474 3133 flexu:
497 3062 659 3152 ’Ἀγλιθες
674 3067 712 3147 ἐξ
726 3057 771 3134 ὧν
789 3063 808 3154 ἡ
824 3065 952 3154 κεφαλὴ
976 3068 1036 3130 τοῦ
1059 3085 1137 3129 ouo·

63 3155 132 3240 ρόδοο
150 3161 336 3250 σύγκειται·
359 3168 396 3234 τὸ
421 3163 542 3236 δἀὐτὸ
564 3169 622 3237 καί
642 3161 1135 3254 γέλγιθεςΑοεαᾶ.ΒοΙςΙι.327.

64 3261 82 3318 Γ
80 3259 162 3343 crode
181 3262 198 3331 ὁ
224 3263 493 3357 ἓπικεκαμμὲνην
515 3266 597 3352 ἔχων
617 3269 676 3358 τὴν
697 3270 787 3358 ῥῖνα·
813 3265 913 3359 (λοβόν
928 3269 992 3355 γὰρ
1009 3266 1047 3334 τὸ
1064 3265 1138 3333 ἐπι·

63 3363 157 3441 γλμαὲς
175 3365 258 3455 παρ’
277 3365 445 3435 Αἰολεῦσι
470 3374 583 3460 τροπῇ
601 3371 660 3436 καί
681 3371 893 3457 πλεονασμῷ.
932 3365 1140 3456 Ἡρωδιανὸς

64 3452 256 3551 ἕνἘλέγχοις
282 3469 399 3536 Orion.
421 3472 482 3550 41,
512 3471 541 3534 8.
577 3469 658 3536 ΕΜ.
680 3473 759 3550 242,
782 3473 812 3536 2.
846 3469 964 3557 quibus
987 3467 1140 3554 adjuncta

63 3575 113 3626 Ναὶ
129 3565 236 3655 ῥαιβός
259 3580 294 3635 et
315 3568 442 3659 ῥοικός,
471 3584 536 3638 tam
557 3573 654 3638 simili
675 3573 760 3637 inter
780 3595 815 3638 ss
836 3581 998 3660 potestate
1020 3582 1057 3635 ut
1079 3592 1138 3636 ne·

65 3663 150 3731 scietur
168 3682 276 3736 utrum
296 3673 515 3740 Archilochus
542 3674 578 3738 in
604 3673 661 3739 Fr.
690 3673 755 3740 IX.
784 3675 973 3757 (XXXIII.
995 3671 1138 3755 Liebel.)

65 3761 143 3847 ῥοιιός
171 3775 339 3863 scripserit
369 3799 411 3842 an
443 3771 569 3863 ῥαιβός.
618 3771 802 3862 Ἐξέλεψεν
842 3775 1022 3862 ἐξέγλυψαν
1054 3775 1136 3838 Hes.

65 3875 197 3981 utdunque
218 3877 260 3941 de
283 3876 397 3942 avibus
420 3899 481 3943 ova
501 3877 749 3943 excludentibus
780 3877 839 3942 sed
865 3881 989 3963 piabere
1015 3875 1140 3962 signifi·

66 3981 157 4038 utone
176 3978 281 4064 magis
310 3979 396 4043 cum*
413 3980 526 4049 λέπειν
548 4001 646 4066 quam
670 4002 745 4046 cum
772 3978 951 4068 yiipew’)
979 3975 1138 4063 congruit.

66 4115 359 4145 *Qu—*n*-

111 4209 254 4275 ⁹)G1uma
274 4223 316 4270 est
333 4233 465 4287 graecum
483 4213 567 4278 λόπος
590 4225 619 4272 et
635 4216 760 4272 indidem
779 4215 852 4275 liber·
873 4215 994 4287 (cortex)
1017 4229 1140 4271 consona

66 4287 179 4353 truncate
191 4310 221 4355 ut
233 4299 306 4372 γάλα
317 4303 370 4368 lec,
382 4309 583 4382 γραΐοςναναο,
597 4297 661 4374 riphe
673 4304 785 4375 gibbus.
