2825 4809
246 386 271 455 2
586 377 797 443 PATHOL.
819 377 1017 443 PROOEM.

245 560 424 647 farragine,
448 583 547 653 quarn
568 560 805 629 Valckenarius
828 562 933 626 edidit
953 559 1033 643 περὶ
1053 562 1287 646 βαρβαρισμοῦ
1307 560 1355 622 in-

247 663 403 750 scriptam
409 688 418 740 ;
442 664 476 727 in
497 662 561 729 hac
587 664 673 728 enim
694 675 924 729 enumerantur
945 660 1148 749 aphaeresis,
1171 660 1356 725 metathesis

198 844 210 863 Ι
247 766 396 851 aliaeque
422 787 540 832 vocum
569 765 803 832 conversiones
824 765 933 831 licitae
959 764 1157 847 illicitasque
1189 784 1266 848 pag.
1287 761 1356 825 194.
1408 758 1411 762 ’

245 867 463 952 Eundemque
480 889 576 931 usum
593 868 751 953 loquendi
771 878 930 953 sequutus
943 864 1154 929 Theodosius
1170 863 1206 927 in
1216 863 1357 929 Gramm.

246 990 280 1055 p.
301 969 354 1033 40.
382 990 449 1033 non
478 966 638 1032 dubitavit
665 969 882 1055 pronunciare
906 962 1114 1051 εὑρίσκονται
1135 962 1360 1051 βαρβαρισμοὶ

248 1068 283 1136 ἓν
301 1074 373 1147 τοῖς
394 1076 551 1155 ποιηταῖς
569 1064 750 1153 διμέτρητοι
769 1068 889 1145 οἵτινες
908 1067 1051 1150 γίνονται
1070 1064 1165 1131 &erc
1183 1063 1360 1147 pe'tpov2).

246 1170 333 1235 Aliis
360 1169 483 1255 placuit
509 1168 755 1234 schematismos
780 1170 887 1235 dicere
914 1178 947 1232 et
969 1164 1299 1231 mctaschematismos
1324 1173 1364 1225 ut

248 1271 471 1355 Quintilianus
493 1270 637 1346 Ι.8,14.
656 1275 770 1353 poetis,
792 1275 868 1355 quta
886 1272 1070 1353 pleramque
1089 1278 1188 1346 metro
1211 1269 1364 1331 insanire

246 1386 412 1458 mycalae,
441 1374 518 1439 adeo
540 1374 716 1454 lpnoseitcr
735 1383 773 1438 ut
796 1374 878 1437 citio
899 1371 971 1452 ipso
991 1372 1063 1435 aliie
1088 1373 1124 1434 in
1145 1371 1282 1433 cennius
1303 1386 1364 1448 cp-

243 1478 467 1561 pellolionlbns
488 1477 714 1551 nominantem
739 1475 959 1556 nectaplarmos
981 1474 1063 1536 enim
1083 1480 1112 1535 et
1131 1472 1365 1534 sebanottsmos

246 1590 277 1645 et
299 1580 455 1643 ιολαηοια
474 1592 644 1652 αοιοιοαις
673 1596 739 1661 quo
761 1574 834 1640 loco
860 1572 960 1637 verba
988 1585 1017 1639 et
1044 1574 1274 1638 setenete'rmos
1302 1569 1365 1633 dc-

246 1679 346 1744 lenda
362 1686 473 1743 censet
488 1671 715 1761 Spaldingius,
737 1676 815 1761 quia
831 1675 921 1763 apud
932 1672 1171 1740 Grammaticos
1187 1668 1367 1736 Putschia-

245 1790 308 1846 hos
330 1778 394 1845 hoc
414 1796 536 1844 nomen
557 1796 624 1843 non
645 1779 783 1863 legatur.
817 1779 1042 1845 Veruntamen
1063 1770 1370 1857 habemusPolybii

246 1882 391 1947 libellum
411 1880 491 1965 περὶ
512 1884 758 1965 σχηματισμοῦ,
786 1880 820 1943 in
841 1903 908 1964 quo
933 1888 1052 1943 tractat
1073 1877 1233 1961 systolen,
1259 1883 1368 1937 meta-

246 1984 355 2049 thesin
374 1982 522 2069 aliasque
538 1980 729 2045 affectiones
740 1982 791 2067 ⁸);
806 1981 870 2047 hoc
888 1991 997 2046 autern
1013 2001 1134 2045 nomen
1148 1978 1196 2043 sic
1211 1975 1371 2041 describit

247 2083 560 2171 μετασχηματισμός
576 2082 647 2148 ἐστι
667 2083 789 2160 λέξεως
802 2082 971 2170 συνήθους
986 2080 1113 2169 κίνησις
1131 2080 1254 2161 μέτρου
1266 2074 1372 2166 χάριν

248 2185 306 2253 καὶ
329 2187 547 2269 κατασκευῆς,
568 2204 656 2267 quae
679 2192 729 2248 est
747 2184 907 2248 tralaticia
928 2182 1110 2249 affectionis
1132 2180 1284 2246 definitio.

332 2283 457 2353 Verum
487 2306 554 2349 non
587 2285 693 2350 solum
724 2286 766 2349 de
795 2287 1015 2373 appellatione
1048 2286 1236 2370 discrepant
1266 2282 1373 2365 hujus

245 2386 360 2453 aridae
382 2398 415 2453 et
440 2387 616 2472 exsanguis
640 2387 907 2452 nomenclaturae
928 2387 1164 2473 compositores
1186 2384 1245 2449 sed
1268 2384 1378 2448 etiam

246 2490 291 2554 de
311 2503 458 2553 nummo.
488 2487 625 2575 Trypho
648 2488 682 2553 in
702 2489 793 2553 Mus.
817 2488 897 2555 Crit
919 2487 1076 2555 Cantabr.
1099 2488 1141 2552 Τ.
1161 2488 1190 2550 Ι.
1212 2486 1264 2551 33.
1290 2485 1377 2549 uni-

248 2606 376 2657 versam
389 2590 556 2655 materiam
568 2590 735 2655 distribuit
749 2591 930 2676 generatim
947 2588 1032 2657 καιά
1049 2588 1088 2654 τὸ
1105 2584 1214 2654 ποσόν
1231 2596 1264 2650 et
1281 2588 1381 2652 κατὰ

248 2693 288 2758 τὸ
310 2688 420 2759 ποιόν.
464 2690 557 2755 Illius
579 2693 723 2777 gesserit,
746 2714 812 2777 quo
835 2692 997 2776 quantitas
1018 2699 1174 2764 mutatur,
1198 2688 1315 2751 decem
1339 2700 1385 2751 et

249 2803 325 2859 octo
355 2791 483 2879 species
513 2792 677 2879 simplices
705 2806 875 2860 recensent
900 2796 1012 2860 Draco
1034 2817 1068 2878 p.
1092 2791 1164 2856 155.
1191 2800 1223 2855 et
1244 2789 1384 2855 Gram-

247 2894 387 2961 maticus
415 2892 580 2981 Gregorio
608 2896 781 2981 adjunctus
810 2920 844 2984 p.
865 2895 954 2962 675„
969 2916 1093 2980 eaeque
1121 2894 1249 2979 species
1282 2892 1388 2959 κατὰ

247 2994 404 3083 συζυγίαι
424 3007 677 3084 componuntur,
703 2998 782 3083 quia
803 3022 920 3065 novem
942 2997 1125 3081 adjectione
1147 2997 1389 3083 (πλεονασμῷ

247 3095 489 3186 ἢπροςθήιιῃ)
515 3098 714 3178 efficiuntur,
743 3100 880 3165 totidem
907 3099 990 3164 aliae
1014 3098 1196 3164 delectione
1223 3096 1390 3186 (ἐνδείᾳ)

320 3297 350 3366 2)
367 3296 559 3361 Quintilianus
576 3302 600 3356 1.
615 3304 639 3367 5,
652 3304 683 3355 ld
696 3320 740 3373 sq.
757 3301 787 3355 in
803 3300 983 3356 barbarismis
1000 3310 1129 3356 numerat
1144 3299 1290 3358 literarum
1308 3320 1397 3359 mu-

251 3382 401 3449 tationem,
420 3384 600 3452 divisionem,
616 3386 841 3457 complexionem
855 3395 885 3441 et
897 3387 964 3441 alias
980 3386 1144 3443 affectiones
1156 3406 1229 3458 quae
1241 3387 1336 3442 etiam
1353 3389 1400 3446 in

250 3469 367 3525 vocibus
385 3470 470 3541 vulgo
489 3471 652 3545 approbatis
670 3470 857 3543 reperiuntur.
892 3474 954 3527 Nec
971 3472 1087 3527 dubium
1105 3473 1173 3545 quin
1184 3473 1400 3533 Herodianus

253 3554 396 3625 ceterique
415 3554 463 3627 qui
482 3561 545 3627 περὶ
564 3560 757 3629 βαρβαρισμοῦ
774 3554 948 3627 scripserunt
967 3576 1167 3631 nonnunquam
1185 3558 1214 3613 in
1232 3562 1310 3615 hanc
1331 3582 1402 3619 re-

252 3642 365 3713 gionem
386 3642 558 3695 deverterint
579 3660 662 3714 quam
685 3662 737 3697 nos
758 3643 977 3715 peragrabimus.
1020 3645 1100 3699 Idem
1119 3653 1321 3717 argumentum
1358 3651 1405 3708 in

93 3735 101 3743 '
158 3713 166 3761 ⁸·
251 3726 366 3799 Didymi
378 3728 552 3800 aliorumque
563 3728 768 3783 commentariis
780 3734 844 3796 περὶ
854 3723 966 3800 φθορᾶξ
978 3729 1036 3785 sive
1048 3738 1262 3803 παρεφθορυίας
1269 3736 1408 3801 λέξεως

249 3828 305 3885 per
324 3811 502 3868 econionem
521 3822 670 3869 tractatum
691 3832 752 3869 esse
774 3814 931 3885 colligimus
955 3837 992 3873 ex
1014 3837 1048 3873 eo
1068 3821 1147 3890 quod
1165 3819 1260 3874 Schol.
1280 3820 1407 3882 Dion.

252 3916 281 3971 p.
297 3900 357 3953 043.
377 3898 445 3955 dicit
463 3899 492 3955 τὸ
509 3898 580 3957 οὕτω
598 3896 773 3977 παραφθοριὶ
791 3903 847 3955 lou
863 3905 911 3957 τοῦ
929 3900 1021 3966 οῧιιος.
1056 3904 1148 3975 Hujus
1167 3904 1282 3975 generis
1301 3926 1410 3967 non-

252 3985 332 4045 nulla
343 3984 448 4041 inserta
459 3995 524 4041 aunt
536 3987 634 4043 libello
648 3987 697 4060 qui
706 3988 870 4043 Herodiano
882 3988 1045 4045 inscribitur
1054 3995 1119 4061 περὶ
1131 3994 1232 4053 λέξεων
1241 3989 1386 4069 ἦμαριη

251 4076 355 4143 μένων.
391 4072 499 4143 Hisque
517 4074 616 4129 similia
634 4073 792 4145 ἠλογρμένα
806 4083 943 4129 vocantur
959 4084 991 4129 ut
1008 4075 1123 4146 genitivi
1139 4073 1252 4151 δουρός,
1266 4084 1413 4148 γουνό

253 4158 361 4213 Herod.
376 4157 455 4213 Mon.
469 4160 516 4224 34,
531 4161 573 4215 30.
589 4154 671 4216 εὔαδε
687 4160 784 4231 Apoll.
798 4160 871 4215 Adv.
886 4163 945 4214 509.
961 4168 1015 4216 etc.

323 4244 353 4313 3)
366 4242 617 4303 LicentiusSchol.
623 4246 724 4301 Horat.
731 4246 754 4301 1.
765 4245 824 4301 Sat
830 4246 868 4301 Π.
878 4248 936 4300 113.
947 4265 1094 4320 syncopen
1107 4246 1239 4320 adjectivi
1251 4250 1395 4311 solida
1410 4283 1412 4288 ·

255 4331 354 4387 coldus
366 4332 483 4403 figuram
497 4334 638 4405 appellat3
653 4332 718 4389 ΕΜ.
735 4336 794 4399 tot,
807 4334 850 4387 38.
866 4337 1024 4407 κερτομέων
1036 4338 1129 4407 σχῆμα
1142 4331 1407 4409 nupseris-‘letor
