2825 4809
565 141 584 184 Ι

134 304 191 376 DE
206 241 474 372 PARATHESI
490 299 553 372 ΕΤ
572 297 848 372 semerom.
871 299 911 371 0.
922 300 969 370 11.
985 302 1012 391 ξ.
1019 303 1052 373 4.
1079 303 1154 384 573

72 491 184 579 saepius
197 487 364 578 reperitur
388 488 562 578 participio
591 488 625 554 in
650 489 759 555 locum
782 487 933 574 adjectivi
959 491 1155 560 succedente

57 596 149 670 έλκος
167 590 276 658 λευκὸν
298 590 518 679 ἐρευθόμενον
538 612 578 660 εκ
599 594 698 659 rubro
720 594 860 663 albicans
883 592 993 660 Noun.
1015 593 1153 663 XXIX

69 696 126 762 102.
147 692 231 778 quod
251 692 350 782 vulgo
377 692 600 780 λευκέρυθρου
625 693 744 758 dicitur
764 693 962 780 composite3
990 699 1079 762 νῶτα
1101 721 1154 777 χι-

65 801 152 872 ιιδνος
180 795 319 880 γλαυκὸν
350 793 555 880 ἐρευθόμενα
587 795 628 860 Ρ.
652 794 767 862 Silent.
791 793 874 860 Tab.
902 796 1021 861 Mnnd.
1045 797 1074 863 Ι.
1101 797 1153 863 85.

64 897 151 963 laam
172 892 300 983 φαιδρὰ
322 892 569 984 φαληριόωνυες
586 897 631 961 11.
647 895 721 962 231.
740 896 844 982 χρωτὶ
863 897 966 974 μέλαν
986 895 1155 983 στίλβοντα

63 995 216 1084 Soph.11.
238 996 311 1060 222.
335 1003 367 1062 et
388 996 440 1062 all.
463 997 505 1062 ad
525 997 581 1082 Aj.
603 1021 638 1084 p.
660 997 712 1063 95.
755 998 821 1062 His
845 998 933 1064 addo
958 1000 1063 1065 varias
1091 999 1153 1066 oir-

63 1089 363 1194 cnitionuni'species
379 1093 485 1186 ὠχρὸν
501 1095 693 1186 έρευθήενιι
706 1100 907 1186 μεμιγμένον
922 1093 1027 1179 ὄνθος
1037 1101 1153 1168 Silent.

60 1201 200 1288 Soph.lI.
212 1201 287 1266 217.
302 1197 341 1268 τὸ
358 1196 516 1286 ὕπωχρον
533 1193 613 1282 μετ’·
627 1198 843 1289 ἐρυθήματος
856 1201 994 1267 Luciam.
1008 1201 1152 1269 Charon.

59 1308 78 1389 ξ.
92 1305 134 1370 11.
155 1295 261 1383 ὄνθος
283 1299 316 1370 έν
336 1307 384 1390 τῷ
407 1303 545 1387 φοινικῷ
566 1295 814 1389 ὑποπόρφυρον
833 1302 948 1370 Diosc.
962 1304 1028 1370 HI.
1044 1306 1073 1371 7.
1089 1306 1151 1392 (9.)

55 1401 219 1490 δαόκιῤῥον
243 1403 278 1470 έν
299 1405 345 1490 νῷ
366 1399 484 1482 μέλανι
505 1401 566 1469 IV.
587 1399 658 1465 154.
671 1400 776 1486 (157.)
799 1403 900 1491 polle
919 1402 1075 1493 ὕπωχρος
1095 1407 1154 1474 καὶ

56 1505 84 1572 έν
111 1509 154 1592 τῷ
188 1507 341 1592 δαφοινῷ
377 1499 533 1582 πελιδνός
569 1501 724 1568 Philostr.
757 1505 837 1573 Jun.
870 1505 974 1593 Imag.
1004 1510 1046 1576 V.
1078 1508 1151 1578 869.
1190 1492 1202 1502 ⁶

55 1607 120 1692 (118
136 1607 223 1690 Jao.)
259 1606 328 1676 Sed
347 1604 510 1690 hincjam
531 1605 610 1670 satis
634 1616 773 1692 apparet
791 1617 911 1692 quanta
930 1609 966 1674 in
985 1608 1051 1676 hoc
1068 1633 1152 1696 quo,
1254 1603 1269 1702 Ι.
1318 1609 1323 1617 ,
1360 1596 1367 1607 ,

56 1733 106 1795 quc
122 1731 240 1795 genere
258 1708 355 1774 fuerit
372 1706 481 1794 graeci
499 1706 657 1772 sermonis
674 1706 808 1774 ubertas
828 1719 861 1776 et
876 1711 1024 1776 varietas.
1053 1711 1153 1778 Nunc

52 1835 113 1878 vero
134 1833 269 1898 operam
289 1833 394 1876 meam
415 1808 581 1876 conferam
602 1810 645 1874 ad
663 1811 852 1877 numeralia.

121 1918 145 2000 t.
159 1917 190 1980 4.
225 1913 452 1981 Crtrdinalium
473 1914 722 1998 conjugatorum
743 1914 884 2001 primum
906 1912 1022 1982 ένδεκα
1041 1915 1151 2001 Apol·
1245 1913 1249 1919 ’

50 2017 141 2082 lenius
163 2019 262 2105 Synt.
282 2015 400 2094 11105,
422 2015 496 2082 200.
517 2015 552 2080 in
571 2015 695 2081 incerto
715 2016 870 2102 relinquit
890 2013 956 2084 εἴτε
977 2013 1015 2082 έκ
1033 2039 1151 2104 παροι-

49 2117 162 2198 θέσειος
186 2117 227 2188 δν
255 2116 323 2187 εἴτε
348 2117 383 2185 ἐκ
410 2116 599 2195 συνθέσεως
626 2115 781 2195 honest,
814 2139 950 2196 censeo,
979 2128 1087 2184 utrum
1108 2141 1151 2186 ex

48 2221 186 2307 apposito
217 2217 260 2290 ἓν
283 2218 365 2288 δέκα
392 2219 513 2285 factum
540 2219 582 2282 sit
609 2228 646 2284 ut
674 2216 710 2285 ‘lv
734 2220 834 2293 νιένεε
861 2239 934 2296 ενα,
965 2216 1025 2286 δύο
1050 2220 1149 2290 πέντε

46 2335 160 2406 aptota,
184 2345 273 2408 quae
294 2320 489 2388 Aristoteles
511 2319 623 2386 Probl.
645 2319 725 2388 XV.
747 2322 779 2386 3.
803 2320 945 2409 eiempli
966 2343 1066 2387 causa
1085 2321 1149 2386 lin·

44 2423 98 2508 git,
125 2447 165 2490 an
193 2447 212 2491 e
241 2423 425 2510 composito
452 2417 589 2489 δυόδεκα
620 2421 743 2488 omissa
768 2433 805 2489 ut
832 2423 867 2488 in
896 2423 1019 2514 χέρνιψ
1044 2424 1149 2490 vocali

43 2526 223 2592 connexiva.
268 2527 346 2592 Hoc
366 2525 473 2592 minos
496 2525 604 2612 placet
622 2525 850 2613 reputantibus
871 2546 1040 2611 syncopen
1060 2525 1150 2594 illam

41 2629 202 2714 perpaucis
226 2627 420 2716 permissam
443 2649 517 2694 asse
539 2638 572 2694 et
598 2627 755 2694 obroletis
778 2624 946 2692 vocabulis
972 2626 1148 2713 ipsumque

39 2729 193 2798 numerale
212 2722 266 2810 εἷς
285 2753 353 2796 non
373 2729 527 2818 componi
548 2728 612 2794 nisi
633 2751 712 2796 casu
734 2728 868 2814 obliquo
891 2724 1052 2814 ἑυοειδής,
1075 2723 1149 2796 ἑνο-
1204 2746 1207 2751 ’

39 2831 143 2914 ποιός,
171 2828 324 2911 iaderae,
352 2827 508 2916 ένίγοιος,
522 2831 619 2898 tillud
647 2841 755 2898 autem
782 2830 897 2898 ἕνδεκα
927 2840 1077 2896 constare
1105 2851 1148 2896 ex

39 2933 155 3001 duobus
179 2933 283 3000 rectis
302 2923 350 3011 εἷς
372 2933 439 2998 sive
458 2931 493 3000 ἓν
515 2935 570 3002 καὶ
592 2932 684 3002 δέκα.
728 2933 903 2998 Praeterea
925 2929 1072 3018 synthesi
1092 2953 1145 2997 re-

37 3035 350 3124 pugnatconversio
375 3035 516 3123 partium
538 3035 618 3102 δέκα
644 3027 706 3115 εἷς,
727 3031 889 3115 δικαμέα,
918 3033 999 3100 δέκα
1022 3030 1057 3098 έν
1078 3033 1147 3099 sive

35 3140 140 3209 δεκαέν
173 3149 214 3206 ut
249 3134 406 3216 δεκαδύο,
443 3138 629 3222 δεκατρεῖς,
664 3136 831 3222 quomodo
864 3134 1062 3222 posteriores
1094 3135 1145 3200 lo·

35 3252 182 3324 quantur,
215 3250 251 3306 et
275 3239 474 3306 interuentus
498 3239 635 3326 copulae
656 3233 888 3317 ένοςκαίδεκα,
914 3236 1004 3322 quod
1024 3236 1147 3302 Pollux

31 3341 54 3407 Ι.
73 3343 123 3410 55.
146 3365 258 3410 unum
278 3351 315 3407 ut
330 3338 537 3410 δυοκαίδεκα
561 3349 730 3406 accentum
754 3339 875 3406 habere
897 3339 1033 3405 dicit·in
1053 3349 1146 3405 ante·

31 3445 205 3530 penultima
220 3443 385 3532 positum3
404 3426 663 3508 red‘neoessario
682 3441 836 3507 dividitur
852 3441 1029 3507 accedente
1045 3442 1147 3508 altera
1255 3436 1265 3452 ⁸

29 3535 260 3634 conjunctione
282 3541 331 3612 ἑνί
350 3569 386 3611 ιε
406 3543 463 3610 καὶ
486 3543 566 3610 δέκα
588 3533 676 3612 ἔτἐσι
696 3545 798 3610 Paus.
811 3544 873 3612 IV.
888 3546 939 3623 17,
953 3543 984 3611 6.
1028 3545 1147 3630 Neque

28 3659 127 3717 tamen
148 3671 271 3716 rursus
295 3645 475 3736 parathesis
499 3645 563 3711 dici
583 3656 693 3734 potest
717 3647 796 3732 qnia
818 3645 935 3714 ένδεκα
956 3667 1016 3733 per
1037 3647 1147 3712 omnia

26 3773 140 3839 genera
169 3765 206 3820 et
234 3771 332 3818 casus
362 3749 490 3814 ducitur
515 3748 575 3814 sed
599 3759 650 3815 est
672 3749 833 3836 quaedam
860 3747 1033 3834 singularis
1059 3749 1144 3834 figu-

24 3857 116 3936 ratio,
148 3869 259 3942 qune'
272 3849 407 3939 propria
436 3851 649 3916 numeralium
679 3861 797 3917 natura
827 3860 1009 3916 excusatur.
1060 3848 1146 3915 Cum

23 3957 134 4028 ἕνδεκα
157 3955 320 4024 convenit
338 3950 481 4020 δυόδεκα
504 3952 571 4018 sive
590 3945 750 4033 δυώδεκα)
773 3952 862 4017 unde
881 3949 1011 4018 deiciam
1031 3961 1146 4016 natum

23 4069 82 4136 est;
111 4061 176 4124 aad
204 4058 271 4122 illi·
284 4076 415 4142 quoque
440 4063 558 4142 poetae
584 4053 732 4120 inserunt
755 4053 908 4140 copulam
933 4062 1069 4118 accentu
1092 4053 1146 4117 vel

22 4161 72 4224 uni
92 4161 247 4248 copulae
267 4157 421 4244 imposito
442 4156 494 4222 vel
517 4178 576 4244 per
592 4167 662 4222 tres
681 4179 780 4223 voces
799 4155 919 4220 diviso:
944 4152 1145 4222 δυοκαίδεκα

22 4260 209 4358 Πάμφιλος
245 4259 321 4349 τρία
353 4263 448 4328 ποιεῖ
480 4258 539 4328 καί
570 4257 657 4328 κατὰ
687 4254 880 4348 παράθεσιν
908 4252 1143 4350 ἀναγινώσκει·
