2825 4809
251 343 327 413 sao
597 338 918 438 nissnassmo
945 340 1011 406 111.

252 524 327 607 (ser.
351 517 558 607 πανώδυνος)
581 525 664 588 Hos.
689 543 764 588 cum
781 515 1031 609 ἆλγεσίδωρος,
1060 523 1245 615 βελεηφόρος
1265 555 1321 602 enm
1375 556 1376 561 ¹

249 618 543 709 fletsoosxoqq'ol).
586 624 717 690 Eodem
734 624 834 689 modo
857 623 1026 688 dilatatum
1046 635 1096 690 est
1110 626 1203 693 Panis
1222 633 1320 718 epithe-

249 734 307 790 ton
330 717 548 812 ἆρνεοθοίνης
568 725 671 790 Anth.
691 724 756 789 nisi
776 746 853 790 cum
874 718 1006 811 ἆρνειός
1027 726 1181 794 cohaeret
1220 733 1321 819 qued-
1375 786 1376 789 ,

248 831 361 909 θυμος
381 835 415 890 et
435 820 651 913 νηλεόποινος
672 826 700 890 si
722 849 797 892 cum
816 821 917 914 νηλής
936 828 1118 913 composita
1137 842 1220 908 suut,
1243 837 1322 899 vocali
1375 820 1376 891 l

249 925 431 1004 abundant3
458 949 535 991 nam
564 927 724 1012 adjectiva
750 929 785 992 iu
812 915 855 1016 {p}
880 929 1036 994 exeuntia
1060 917 1084 995 d
1113 931 1238 1018 simplex
1258 937 1319 998 saci·

249 1029 345 1115 piunt
357 1023 597 1116 ἆληθόμανιις,
611 1022 843 1116 ἅκριβολόγος,
862 1022 1099 1116 decipiamus,
1113 1025 1321 1119 ἅσθενόῤῥιζος,
1375 1070 1376 1127 p

249 1123 495 1214 ἑπελόμισθος,
520 1122 742 1215 εὗσεβόφρων,
763 1127 1091 1219 περιφερόγραμμος,
1108 1131 1321 1221 πληροσέληνος,
1375 1136 1376 1191 l

246 1223 435 1315 ὑγιοποιεῖν
463 1240 525 1296 etc.
558 1231 620 1294 sed
651 1229 733 1295 nihil
766 1231 905 1318 impedit
935 1232 1112 1317 quominus
1142 1255 1211 1298 cum
1238 1230 1324 1320 quta

249 1331 456 1414 conjunctum
478 1341 619 1418 putetur.
662 1332 911 1416 Adjectivorum
940 1336 1104 1400 secundae
1136 1334 1322 1400 declinationis

186 1449 191 1456 ·
247 1453 348 1496 uuum
370 1426 506 1516 αἰσχρός
526 1433 685 1498 Manetho
710 1443 825 1517 quater
851 1433 958 1520 epsilo
988 1436 1129 1501 suffulsit
1150 1431 1323 1519 oioxqsosep

248 1528 321 1619 δής,
352 1527 614 1617 αἶσχρεόμυθος,
646 1529 909 1622 αἰσχρεορήμων,
942 1533 1204 1625 αἰσχρεόφημος,
1234 1534 1321 1618 quibus

248 1633 389 1698 editores
411 1632 611 1700 substituunt
632 1657 737 1720 aeque
757 1635 873 1721 ignota
893 1634 1064 1723 αἶσχριο-
1080 1639 1134 1703 vel
1153 1636 1236 1721 quod
1250 1636 1323 1720 louge
1375 1678 1376 1727 3

246 1744 390 1824 praestat
403 1731 577 1816 cinxe0-.
596 1735 807 1803 Substantiva
825 1738 973 1821 ejusdem
987 1738 1112 1826 ordinis
1130 1738 1317 1823 perlmtrantes
1375 1770 1376 1775 κ

246 1838 312 1902 duo
340 1836 615 1923 deprehendimus
637 1838 842 1904 metallorum
871 1838 1101 1924 principalium
1120 1840 1245 1903 nomina
1262 1860 1322 1922 quae

244 1939 279 2004 in
315 1937 461 2024 synthesi
493 1939 587 2004 metri
619 1961 719 2004 causa
750 1940 879 2026 epsilon
912 1940 1077 2006 asciscunt
1108 1935 1324 2024 χαλκεοθώραξ,

244 2035 537 2126 χρυσεοσάνδαλος.
582 2041 676 2105 Haec
697 2051 806 2105 tamen
825 2043 1038 2107 Hermannus
1059 2041 1103 2105 ad
1124 2039 1326 2107 Phocumlll.
1375 2050 1376 2059 ’

245 2164 319 2207 cum
342 2135 499 2222 χάλκεος,
530 2135 667 2225 χρύσεος
694 2143 879 2228 composita
908 2165 982 2208 esse
1010 2143 1141 2220 statuit,
1173 2164 1233 2226 quo
1256 2139 1326 2226 pleo-
1375 2142 1376 2189 ἓ

243 2265 375 2308 nasmus
399 2251 564 2306 amovetur
587 2243 647 2306 sed
673 2243 868 2308 insolentiae
887 2256 968 2310 nota
987 2267 1055 2309 non
1076 2243 1213 2319 tollitur3
1236 2239 1328 2307 Graeci

244 2344 330 2410 enim
355 2341 517 2427 fingendis
551 2343 740 2429 hujusmodi
771 2344 938 2429 adjectivis
972 2345 1178 2410 substantiva
1204 2341 1329 2408 adhibent
1375 2324 1377 2455 l

243 2439 478 2532 σιδηρόνωτος,
501 2439 721 2524 trituratus,
743 2441 926 2525 ξυλόπους,
955 2441 1192 2534 τριχόφυλλος,
1216 2444 1328 2530 e'lepcr
1375 2460 1376 2533 q

242 2540 414 2621 τόκωπος,
437 2539 651 2632 λιθόγληνος,
675 2541 965 2633 πορφυρόκαυλος,
986 2541 1231 2632 κηρόχρωςίθ),
1252 2536 1329 2631 dold-
1375 2540 1376 2621 l

241 2669 339 2732 χρους
363 2665 430 2708 non
453 2639 663 2730 ῥοδεόχρους,
693 2646 784 2730 qnod
810 2658 910 2732 poeta
938 2647 1134 2712 christianus
1163 2642 1328 2732 importavit
1375 2640 1376 2699 3

241 2766 303 2810 nee
322 2732 550 2830 ῥοόινόχρούς,
585 2745 638 2810 cui
660 2746 778 2810 similia
795 2750 954 2813 nonnulla
976 2749 1066 2836 apud
1087 2747 1260 2834 scriptores
1275 2741 1331 2807 vul·
1375 2752 1376 2831 l

241 2867 336 2932 geres
358 2845 511 2930 leguntur
529 2847 816 2928 βυβλινοπὲὄιλος,
840 2846 1096 2936 πιννινότριχος,
1118 2843 1329 2933 κιτρινόχροθς»
1375 2834 1376 2923 l

241 2941 470 3032 κιτρινοειδής,
493 2943 741 3035 πρασινοειδής,
767 2945 1030 3038 κοκκινοβαᾳνῇς,
1056 2949 1256 3033 antiquiores
1272 2963 1332 3008 vero
1375 2946 1377 3021 l

241 3068 276 3110 se
299 3044 505 3131 adstringunt
526 3045 693 3129 adjectivis
715 3071 854 3133 quoium
873 3059 990 3114 neutra
1016 3050 1219 3115 substantive
1239 3047 1331 3111 dicm-
1375 3038 1377 3095 l

241 3156 293 3210 tur
313 3156 350 3210 ut
372 3145 411 3212 τὸ
435 3142 540 3233 ἴρινον
566 3148 726 3231 unguenti
754 3173 874 3215 nomen
902 3151 991 3216 unde
1011 3151 1219 3216 Philoxenus
1245 3147 1332 3230 dithy-

238 3247 424 3313 santorum
447 3246 586 3332 scriptor
607 3244 812 3333 ἶρινόμικτυς
831 3252 1031 3338 composuit,
1062 3241 1332 3334 lassstsvossapis

241 3358 272 3414 et
299 3343 528 3435 ὑσγινοβαφής
553 3349 712 3435 Xenoph.
749 3348 963 3439 μηλινοειδής
991 3351 1163 3440 Theophr.
1195 3373 1258 3437 quo
1280 3368 1332 3414 non
1375 3372 1377 3523 q

1375 3592 1376 3645 l

1375 3832 1376 3863 l

309 3619 336 3684 9)
351 3617 408 3671 Pro
421 3611 616 3691 θρασεομάχης
628 3617 705 3671 Pind.
726 3618 808 3674 metri
827 3637 910 3674 ceusu
928 3627 1085 3675 correctum
1103 3627 1148 3675 cst
1169 3612 1331 3693 dpaosprisc·

239 3723 294 3772 νος,
310 3720 362 3775 pro
376 3705 581 3772 γελγεοπωλεῑν
592 3703 660 3758 Hes.
681 3705 881 3776 γελγοπωλεῖν,
900 3722 954 3759 nec
972 3722 1040 3759 sana
1059 3704 1192 3758 videntur
1210 3707 1331 3771 τελέαρχος

237 3797 266 3845 et
277 3793 421 3860 τελεαρχία
439 3791 515 3860 apud
527 3789 671 3857 Plutarch.
690 3788 740 3842 ubi
758 3807 853 3861 neque
865 3785 1058 3863 ταγμάταρχος
1071 3790 1247 3860 significatur
1257 3801 1330 3856 neque

237 3871 408 3946 τελωνάρχης
419 3877 469 3928 sed
480 3873 610 3930 viocmm
623 3874 669 3929 vel
688 3874 743 3928 vici
754 3874 896 3946 magister.
920 3873 1167 3945 Νεικεογεννεστής
1178 3874 1225 3929 vel
1236 3881 1265 3926 nt
1274 3872 1329 3923 Kar·

236 3960 343 4016 stanius
362 3958 473 4030 scripsit
487 3956 708 4031 νεικεογεννητής
725 3959 830 4030 legitur
841 3958 870 4014 iu
888 3961 1014 4016 obscuris
1027 3960 1211 4032 Empedoclis
1225 3955 1331 4013 verutus

238 4048 294 4102 135.
312 4047 397 4115 (stt.)

307 4132 351 4199 to)
365 4131 412 4185 Sic
424 4132 508 4186 etiam
524 4129 616 4184 Latini
629 4129 821 4200 Germanique
839 4133 1025 4192 auricomus,
1051 4133 1182 4202 scripsi,
1201 4123 1331 4199 poldlsuu-

235 4219 294 4285 rtq,
313 4215 449 4287 wshufip.
474 4217 591 4271 Liueam
602 4215 703 4269 transit
713 4209 866 4287 Λαῖνόχειρ
879 4213 1039 4290 σκληρόχειρ
1054 4215 1120 4269 Hes.
