2825 4809
242 388 265 463 6
583 376 795 449 PATHOL.
818 363 1016 446 PROOEM.

240 572 365 641 Verum
388 569 470 633 haec
491 567 659 633 nominum
685 566 907 632 technicorum
932 562 1079 629 confusio
1102 583 1200 647 quam
1221 559 1340 625 licenter

241 681 391 760 ¹uagetur,
423 692 490 735 non
516 692 601 735 unus
633 670 692 736 erit
722 669 851 734 dicendi
881 669 983 733 locus.
1027 665 1222 731 Universum
1245 673 1340 728 autem

240 796 410 839 numerum
430 772 473 837 ad
492 772 673 837 breviorem
695 792 853 835 summam
872 769 1059 854 redigemus
1081 766 1168 829 arsin
1186 764 1341 852 aphaeresi

242 873 466 959 subjicientes,
502 872 710 959 anadiplosin
741 870 924 959 prosthesi‚
960 869 1091 956 ellipsin
1123 877 1156 932 et
1184 866 1341 958 ecthlipsin

242 976 405 1053 exaeresi,
428 974 674 1061 diplasiasmum
696 974 796 1061 capiti
820 974 861 1038 de
882 970 1084 1060 peremptosi
1104 968 1266 1057 inscripto.

326 1114 352 1197 ξ.
374 1112 405 1177 2.
449 1110 619 1197 Expositis
651 1109 837 1175 nominibus
871 1118 904 1174 et
933 1105 1108 1193 generibus
1139 1103 1342 1180 affectionum,

241 1200 327 1303 quae
346 1236 365 1276 a
381 1212 608 1279 Grammaticis
631 1212 749 1277 tradita
769 1221 858 1289 sunt,
882 1210 1028 1294 sequitur
1043 1206 1190 1292 quaestio
1210 1206 1343 1292 perdiffi-

241 1315 311 1381 cilis
329 1316 409 1401 quid
428 1316 470 1380 sit
491 1313 616 1391 πάθος.
660 1315 702 1379 Id
722 1312 842 1379 Graeci
861 1312 993 1396 quidem
1009 1310 1098 1374 nullo
1116 1308 1189 1373 loco
1207 1306 1345 1371 distincte

242 1426 275 1480 et
299 1417 472 1502 explanate
499 1414 656 1480 definiunt
683 1415 730 1479 sic
757 1425 793 1478 ut
817 1413 954 1499 intelligi
977 1412 1084 1500 possit
1104 1410 1161 1475 ubi
1184 1409 1277 1474 cardo
1302 1408 1346 1472 rei

240 1527 391 1595 vertatur,
416 1516 475 1581 sed
497 1539 583 1581 nunc
603 1540 646 1580 na
647 1516 712 1617 tivo
736 1526 909 1637 opponunt
929 1524 966 1578 ut
986 1511 1184 1600 Apollonius
1208 1511 1247 1575 de
1266 1510 1347 1575 Adv.

240 1614 313 1683 592.
341 1614 465 1705 φυσική
495 1618 583 1685 ἔστιν
610 1616 643 1684 ἒν
669 1620 718 1703 cui
745 1614 779 1682 oi
810 1612 901 1699 (ἀντὶ
928 1620 989 1681 τοῦ
1014 1609 1139 1699 ταί)
1121 1640 1140 1699 η
1169 1606 1349 1688 ἀπόστασις

240 1722 301 1785 τοῦ
322 1745 340 1785 τ
363 1710 423 1785 οὐκ
446 1719 479 1785 ἐν
501 1716 626 1799 πάθει,
653 1741 741 1782 nunc
763 1716 912 1781 rationali
937 1727 974 1780 ut
995 1713 1245 1781 Choeroboscus
1264 1712 1348 1777 Dict.

242 1818 313 1885 731.
336 1818 374 1887 τὸ
397 1818 517 1903 δέχθαι
545 1819 600 1886 καὶ
626 1818 663 1885 cd
686 1820 836 1906 βλῆσθαι
866 1813 1067 1884 πεπονθότα
1092 1810 1190 1881 εἰσίν·
1213 1813 1249 1878 εδ
1275 1808 1351 1880 ανά-

241 1921 339 2005 λογοτ
361 1914 469 1987 αιἰτιδν
491 1921 649 2001 δεδέχθαι
673 1918 728 1984 καὶ
749 1919 955 2004 βεβλῆσθαι,
977 1926 1010 1981 et
1030 1914 1285 2000 frequentissime
1306 1918 1351 1999 aqi

241 2020 373 2099 ἕντολεῖ,
394 2025 440 2106 τῷ
461 2014 633 2107 ὁλοκλήρῳ
654 2019 768 2107 Apoll.
779 2020 866 2083 Adv.
878 2018 951 2083 573.
967 2016 1132 2084 Choerob.
1145 2014 1227 2082 Can.
1240 2014 1308 2090 155,
1322 2016 1352 2078 2.

241 2132 301 2187 etc.
326 2121 388 2185 Illa
406 2120 455 2186 Cl.
470 2120 657 2189 Sacerdotis
676 2120 780 2185 finitio
799 2121 832 2184 in
843 2123 916 2184 Art.
927 2120 956 2184 I.
972 2121 1001 2183 1.
1020 2144 1053 2207 p.
1065 2119 1117 2183 29.
1136 2119 1354 2199 utetaplasmus

139 2245 141 2257 ·
241 2234 290 2289 cst·
306 2224 401 2287 dictio
420 2222 511 2287 aliter
532 2224 706 2303 composita
726 2243 821 2305 quam
839 2224 923 2288 debet
946 2225 1037 2287 metri
1056 2222 1104 2286 ccl
1122 2222 1240 2285 decoris
1259 2238 1357 2283 causa

242 2332 274 2388 et
287 2320 461 2390 Diomedis
479 2322 526 2386 11.
538 2321 675 2399 tatae.
693 2326 916 2406 metaplasmus
937 2335 980 2387 est
1003 2324 1242 2405 transformatio
1262 2340 1356 2403 quoe-

240 2424 314 2489 dcm
342 2426 418 2489 recti
446 2426 592 2506 solitique
620 2427 774 2490 sermonis
807 2430 842 2489 ia
872 2426 1005 2490 alteram
1033 2426 1163 2505 speciem
1189 2426 1281 2486 mctri
1309 2422 1360 2485 oct

240 2526 360 2590 decoris
388 2544 502 2621 τουτο,
539 2524 712 2611 dupliciter
739 2535 865 2612 peccat.
843 2525 1064 2589 tPrimum
1093 2522 1178 2587 enim
1206 2522 1298 2587 metri
1327 2532 1362 2585 et

241 2625 368 2689 decoris
400 2606 489 2690 nulla
520 2636 569 2689 est
599 2636 650 2689 ra
650 2650 682 2691 10
716 2626 750 2689 in
778 2625 945 2691 vocabulis
978 2625 1175 2712 quotidianis
1205 2628 1363 2708 χρυσοῦς,

240 2722 385 2814 πατρός,
416 2724 509 2793 ε’σται
534 2737 566 2792 et
588 2727 675 2805 aliis,
706 2751 791 2813 quae
820 2728 854 2793 in
879 2729 986 2793 soluta
953 2726 1155 2793 roratione
1177 2725 1269 2790 aliter
1294 2724 1365 2789 dici

238 2851 305 2893 non
328 2838 468 2914 possunt
496 2838 529 2893 et
556 2840 664 2895 tamen
691 2826 727 2893 in
749 2854 883 2895 numero
909 2830 1098 2894 affectorum
1119 2827 1297 2902 habentur3
1332 2836 1370 2891 et

238 2929 427 3015 longissime
451 2929 544 2995 abest
565 2954 584 2994 a
605 2929 773 2996 vocabulis
790 2954 874 3016 quae
896 2930 930 2994 in
949 2932 1037 2995 nullo
1057 2953 1178 3017 genere
1199 2928 1369 2994 sermonis

239 3031 409 3096 mutationi
427 3031 571 3097 obnoxia
590 3041 665 3097 sunt
681 3044 718 3097 ut
739 3032 940 3119 μεσημβρία,
959 3030 1140 3115 οἰκτιμμός.
1186 3029 1292 3116 Cujus
1315 3031 1373 3094 rei

240 3132 465 3199 observatione
491 3134 603 3199 nititur
630 3134 686 3198 illa
717 3133 879 3197 distinctio
901 3134 1012 3220 Epim.
1034 3134 1062 3198 Ι.
1087 3134 1137 3197 71.
1167 3128 1374 3218 ἀνδρός-τὸ

239 3230 357 3354 ποὶθος
381 3231 607 3313 πλεονασμός·
632 3240 696 3301 τῶν
721 3234 758 3301 δὲ
783 3239 907 3301 παθιῦτ
935 3234 976 3299 τὰ
1002 3234 1064 3315 μὲν
1091 3228 1255 3319 ἀναγκαῖά
1281 3230 1377 3311 ἐστι,

239 3332 280 3398 τὰ
308 3330 407 3401 dd*
368 3360 424 3412 ου,
454 3359 525 3399 οιου
548 3329 622 3399 κατ’
649 3335 748 3417 ἒμου,
776 3330 893 3421 iusim
924 3333 1039 3401 καταῖ·
1063 3334 1103 3401 τὰ
1130 3328 1212 3401 dc'
1193 3338 1378 3417 αναγκαῖα

240 3433 354 3501 διὰ
319 3460 377 3522 την
400 3430 597 3514 σύνταξινί
574 3458 618 3511 ως
645 3434 808 3513 εὐταΐιθα,
837 3435 899 3501 hoc
922 3447 972 3502 est
999 3434 1056 3502 διὰ
1079 3434 1137 3523 τὴν
1160 3430 1383 3513 ἀσυνταξίαν

166 3612 168 3617 s
240 3542 340 3603 τοῦτ
368 3534 424 3602 καὶ
451 3539 512 3601 τοῦ
535 3561 564 3622 ρ.
609 3536 719 3620 Hujus
747 3546 855 3601 autem
880 3538 1083 3603 necessitatis
1109 3560 1177 3602 non
1202 3560 1273 3601 una
1304 3561 1385 3603 nec

240 3638 378 3725 simplex
394 3645 444 3701 est
458 3646 508 3700 rat
508 3635 551 3701 io.
584 3637 694 3701 Mutat
648 3637 816 3716 tationum‚
832 3662 913 3724 quas
929 3639 1129 3705 concinnitas
1147 3638 1262 3724 exigit,
1280 3638 1386 3704 aliae

241 3761 314 3805 cum
335 3738 416 3824 ipsis
438 3736 605 3802 vocabulis
626 3748 722 3804 natae
742 3749 825 3817 sunt,
846 3740 1036 3823 συμβάλλω,
1058 3737 1177 3826 τριχός,
1200 3741 1389 3820 δέδεγμαι

240 3878 281 3889 -
306 3862 389 3926 quae
419 3838 511 3903 aliter
537 3839 618 3925 fingi
644 3864 712 3905 non
739 3852 935 3929 potuerunt;
972 3841 1054 3906 aliae
1082 3863 1159 3905 vero
1188 3839 1390 3906 vocabulis

240 3994 572 4009 m

240 4084 361 4134 aetatem
373 4095 430 4132 non
442 4078 560 4131 multum
573 4080 743 4133 antecedens
756 4082 851 4149 κίχλας
863 4073 1024 4148 ὑψιπετήεις
1036 4079 1161 4134 AchJV.
1171 4081 1231 4135 tao.
1247 4079 1285 4134 C.
1295 4078 1398 4134 Mei-

241 4164 325 4219 nekio
340 4164 370 4219 in
379 4164 560 4221 Exercitt.ad
567 4165 670 4219 Athen.
679 4165 700 4219 I.
712 4182 741 4235 p.
751 4167 791 4218 tt.
804 4167 875 4223 haec
884 4164 961 4237 quasi
975 4168 1011 4219 ad
1024 4175 1118 4221 rectos
1127 4183 1208 4221 casus
1224 4165 1310 4219 in—
1321 4162 1399 4235 5ης,

240 4245 288 4319 ἧος
305 4252 469 4317 referenda,
486 4251 553 4305 mibi
567 4250 673 4305 usitatis
686 4254 899 4306 accommodata
914 4252 1052 4318 videntur,
1066 4256 1102 4309 de
1114 4268 1170 4327 qua
1182 4252 1399 4311 diversorum

242 4348 355 4395 cunum
366 4336 557 4414 homophonia
572 4336 661 4397 dicam
677 4338 726 4396 ubi
742 4337 913 4397 inordinata
926 4338 1058 4399 incurret.
