2825 4809
119 322 172 389 Du
189 316 306 385 ALIIS
326 314 567 384 SYNOOPAE
589 314 1057 433 (ammaonte.
1085 325 1164 399 :aaa¹

80 502 176 595 τὴνδὲ
205 497 361 585 Φόρζιριν
386 498 586 587 licaiacus
599 502 631 587 ⁹)
660 502 702 567 ci.
728 502 813 568 XII.
834 502 908 570 649.
959 504 1030 573 Sed
1053 507 1159 574 Grae·

79 628 164 674 eorum
191 624 315 688 quoque
344 600 513 667 hominnm
539 602 753 689 looommque
780 605 943 671 vocabula
970 607 1161 675 mirabiliter

78 707 253 793 interpolata,
288 714 458 791 correpta,
493 702 688 789 amplificata
721 728 794 771 esse
825 706 861 771 in
892 707 995 773 Proll.
1028 732 1061 795 p.
1086 711 1158 776 147.

76 810 129 875 282.
143 806 208 871 004.
227 804 442 870 demonstravi
462 804 621 891 exemplis
643 805 803 892 plurimis,
822 830 907 893 quae
925 809 1035 873 omnia
1055 833 1077 874 a
1098 832 1158 897 pa-

75 908 210 994 thologias
232 906 351 971 finibus
378 916 504 971 remota
527 905 646 973 babeo.
693 909 747 973 Ea
772 910 908 996 propria
933 910 995 975 fuit
1020 913 1158 977 materia

74 1012 197 1077 librorum
220 1006 392 1073 Nicanoris
418 1017 452 1072 et
476 1007 613 1073 aliorum
638 1009 695 1094 qni
721 1008 984 1094 Μοτανομασίαι
1008 1011 1159 1100 inscripti

75 1112 184 1192 suast)
211 1110 427 1197 similiumque
454 1110 535 1197 περὶ
559 1114 699 1197 φθορᾶς
725 1109 794 1175 sive
815 1111 1080 1199 παριοθοραίας
1101 1113 1158 1181 λε’·

74 1217 132 1293 laag
149 1224 219 1279 etc.-

131 1315 222 1380 Aliud
239 1313 290 1379 his
309 1312 460 1379 omnibns
476 1311 640 1377 diversum
654 1330 760 1394 genus
775 1334 952 1399 syncopae,
972 1336 1039 1399 quo
1056 1338 1155 1383 voces

73 1428 206 1505 separatae
226 1416 498 1502 compinguntur,
520 1410 669 1479 nonnulli
692 1410 920 1479 sibi‘invenire
941 1414 1002 1481 visi
1024 1419 1156 1483 suntin

72 1520 195 1607 particula
221 1518 428 1583 adhortative
455 1516 551 1581 dedra
581 1513 675 1599 quasi
705 1535 746 1577 ex
775 1508 867 1599 δεῦρ’
897 1510 949 1580 i'as
976 1529 1154 1597 conuecta,

72 1623 110 1686 sed
131 1620 266 1707 potiores
304 1628 454 1683 auctores
484 1614 695 1702 imperativos
732 1606 793 1699 it'ys
821 1625 854 1679 et
888 1611 986 1702 ἄγετε
1021 1615 1155 1708 ἀγριῖιι

72 1745 168 1787 eausam
188 1721 289 1787 fuisse
313 1720 433 1785 docent
454 1740 512 1783 cur
531 1717 629 1782 etiam
651 1715 842 1781 adverbium
868 1720 982 1804 δεῦρο,
1010 1722 1039 1785 si
1065 1723 1154 1789 idem

70 1822 251 1909 conpluribus
274 1822 506 1907 imperaretur,
530 1819 574 1883 ad
594 1817 840 1883 similitudinem
857 1821 983 1885 numeri
1001 1823 1154 1909 plurativi

69 1926 213 1990 traductum
236 1925 281 1989 sit
301 1946 331 1987 v.
353 1922 466 2010 Apoll.
487 1921 575 1985 Adv.
597 1919 671 1985 553.
693 1920 812 1985 Lehrs.
834 1920 878 1985 ad
895 1923 1023 1989 Herod.
1044 1948 1078 2010 p.
1100 1924 1152 1991 92.
1194 1924 1205 1952 ²

67 2026 129 2091 adn.
148 2026 186 2091 ad
204 2028 329 2091 Buttm.
351 2024 425 2090 344.
451 2032 484 2088 et
504 2021 578 2086 297.
606 2020 667 2086 sub
694 2016 757 2086 Τό.
775 2058 818 2069 -
841 2016 937 2089 'Fore
957 2048 1036 2089 num
1058 2048 1099 2091 ex
1118 2026 1154 2105 ἐς

67 2122 127 2191 ite
148 2127 363 2214 compositum
391 2125 448 2202 sit,
478 2146 579 2210 supra
603 2122 851 2209 disputavimus.
896 2126 975 2192 Jam
996 2130 1152 2194 enarratis

66 2228 180 2293 omuibus
205 2227 383 2315 generibus
418 2234 559 2313 apparet
586 2246 753 2310 syncopae
781 2226 879 2290 trium
905 2226 1071 2294 literarum
1093 2254 1152 2296 ex·

65 2329 181 2415 emplum,
195 2330 253 2395 'cui
268 2330 368 2416 plane
386 2328 551 2393 confidere
567 2325 743 2413 possimus,
762 2326 887 2391 nullum
904 2327 1011 2393 afferri
1023 2343 1155 2417 praeter

40 2428 207 2513 ,ιέιραχμον
236 2442 270 2496 et
303 2430 393 2517 quod
422 2430 469 2494 illi
496 2429 562 2494 fide
590 2428 778 2515 proximum
798 2429 859 2494 sed
880 2452 901 2493 a
922 2430 1152 2500 Grammaticis

40 2542 42 2559 ³
63 2531 234 2611 praeteritum
246 2542 300 2597 est
311 2526 505 2619 κράταιγος·
527 2540 667 2615 quatuor
682 2539 792 2593 autem
806 2529 972 2595 literarum
988 2532 1152 2599 delectum

62 2652 89 2693 ns
105 2654 158 2696 uuo
182 2634 318 2719 quidem
338 2632 498 2698 vocabulo
521 2631 735 2697 demonstrari
761 2653 872 2718 posse.
916 2633 994 2697 Hoc
1014 2636 1152 2721 negotio

62 2740 188 2801 transacto
210 2735 400 2821 quaestioni
421 2733 613 2821 propositae
635 2733 715 2797 satis
742 2733 865 2801 lactum
896 2735 1000 2800 videri
1022 2747 1152 2822 poterat

61 2832 103 2895 uisi
119 2837 280 2921 paululum
302 2858 398 2901 curae
423 2844 577 2922 posceret
596 2844 751 2900 accentus
774 2845 809 2900 et
830 2838 976 2923 spiritus.

118 2939 139 3020 l.
158 2938 187 3003 3.
229 2939 420 3003 Literarum
450 2936 709 3003 imminutionem
742 2937 936 3024 plerumque
966 2939 1052 3003 banc
1084 2940 1150 3004 vim

61 3032 203 3103 habereut
226 3050 380 3105 accentus
404 3062 424 3103 a
445 3040 619 3125 postremis
636 3039 873 3105 vocabulorum
901 3039 1053 3125 syllabis,
1083 3040 1148 3105 nisi

61 3137 115 3219 quid
136 3140 248 3220 obstet,
271 3140 315 3205 ad
331 3140 493 3228 principia
510 3142 701 3218 revolvatur,
724 3152 851 3208 veteres
867 3165 936 3207 non
952 3142 1150 3227 generaliter

61 3238 161 3319 quidem
185 3244 319 3309 edicunt
349 3241 409 3307 sed
433 3264 533 3328 saepe
554 3265 616 3330 per
637 3243 846 3309 occasionem
867 3266 929 3309 nos
956 3243 1149 3310 admonent:

60 3339 86 3403 al
101 3342 147 3408 διὰ
162 3348 220 3412 τοῦ
238 3330 292 3413 οἷα
297 3342 384 3409 κατὰ
401 3338 516 3422 πόθος
537 3342 696 3430 γενόμενα
721 3339 874 3424 ὀξύνεται
889 3342 1150 3431 (παροξύνεται)

60 3430 197 3537 όαζχρόα
223 3448 304 3511 Arc.
336 3445 490 3523 100,12.
519 3441 537 3511 ὁ
566 3442 687 3533 φλοιός
709 3439 878 3525 ὀξύνεται,
908 3441 1093 3529 ἀποβαλών
1114 3446 1152 3513 δὲ

61 3540 117 3609 ulo
141 3546 320 3633 βαρύνεται
351 3540 398 3624 ὦς
422 3546 461 3612 τό
490 3542 601 3627 χνόας,
633 3539 725 3630 ῥόος·
748 3545 838 3612 οὕτω
860 3546 899 3615 δὲ
918 3546 955 3613 ἐκ
978 3549 1037 3611 τοῦ
1054 3541 1152 3630 χροιά

61 3632 156 3728 vizaio
176 3644 304 3731 γίνεται
327 3646 384 3713 καὶ
407 3646 444 3713 ἐκ
465 3650 523 3714 τοῦ
546 3641 624 3733 ῥοιά
647 3644 712 3732 ῥόα
732 3646 792 3713 καὶ
812 3645 850 3713 ἐκ
869 3651 930 3715 τοῦ
952 3639 1047 3735 διιρή
1072 3647 1150 3735 δέρη

60 3740 192 3825 llust.94,
211 3750 241 3815 1.
261 3748 382 3834 quibus
398 3749 476 3815 addi
490 3758 619 3837 poterat
641 3744 713 3829 ζειαί
735 3748 807 3829 ζέα,
830 3743 917 3815 ποιά
937 3743 1024 3832 πόα,
1047 3766 1151 3831 quan-

98 3933 136 4000 ’0)
148 3938 207 3989 Χνιῖ
219 3934 235 4002 ἡ
249 3942 367 4004 Φοινίκη
379 3952 476 3990 verum
494 3941 523 3988 et
534 3933 679 4005 proprium
699 3941 745 3987 est
757 3932 882 4003 regionis
895 3948 1013 3997 nomen,
1033 3928 1153 4014 Χαναάν

63 4011 185 4071 dilatatum.

113 4104 147 4171 10)
162 4106 223 4161 Ηοο
239 4106 352 4161 nomine
371 4103 551 4161 eontinentur
568 4102 651 4158 etiam
667 4095 1058 4175 ἁίοιιγαιοὛόη-Σᾶρδεις,
1075 4098 1151 4171 Ἀρι-

61 4190 317 4261 “tutte—matres,
336 4184 523 4265 Τόρταμος-
534 4187 724 4267 Θεόφραστος,
741 4182 1075 4262 Ἀριστοτέλης-Βάττος
1093 4193 1148 4242 etc.

61 4284 80 4323 t.
91 4272 171 4348 Steph.
189 4296 210 4333 a.
229 4274 324 4353 Πόρος
340 4275 466 4347 etms,
485 4276 767 4349 et'polyonymorum
785 4290 894 4345 genera
910 4271 997 4326 varia.
