2825 4809
234 335 310 414 492
584 326 903 402 DISSERTATIO
934 331 996 403 IV.

234 522 319 588 lecta
342 519 444 604 Spplii
468 539 529 605 pro
550 519 656 605 Psylli
675 518 711 582 in
736 518 833 585 codd.
854 519 1008 584 Martian.
1032 518 1115 607 Cap.
1136 520 1196 588 VI.
1219 541 1244 586 o.
1264 521 1323 588 671.

233 645 268 712 p.
289 621 363 687 547.
392 619 443 686 ed.
471 621 587 707 Kopp.
614 639 741 703 ιριροισ
765 619 852 686 Plin.
873 619 1044 688 XXXIV.
1068 621 1118 686 13.
1149 621 1326 706 Spyctorioo

234 725 270 791 in
294 723 397 789 Inscr.
428 723 520 806 eujus
549 720 588 802 C.
615 720 837 788 Schneiderus
868 721 1013 787 meminit
1043 721 1078 786 in
1106 721 1246 789 Gramm.
1266 722 1325 788 511.

233 825 286 892 vel
306 845 403 891 casua
423 822 509 888 fudit
529 822 580 887 vol
597 824 800 889 consuetudo
819 825 973 911 corrupit.
1017 823 1086 892 Sed
1103 829 1190 891 ascio
1205 825 1326 892 Vossius

233 936 322 995 recte
344 948 418 992 oum
439 946 558 1011 graeco
582 918 674 1012 ἀξίνη
696 928 873 1012 conjugare
888 926 1016 992 videtur
1034 927 1117 991 sicut
1132 927 1253 991 viscum
1269 949 1328 992 cum

235 1025 316 1110 ίξάς.
361 1027 533 1095 Consonus
552 1026 785 1094 vocabulorum
805 1051 997 1116 graecorum
1017 1027 1142 1093 medias
1163 1028 1226 1094 hoo
1246 1031 1327 1096 modo

234 1129 351 1198 mutari
375 1130 559 1216 exemplum
583 1129 716 1195 unicum
742 1141 792 1196 est
818 1141 850 1200 et
875 1155 941 1197 non
965 1131 1180 1197 certissimum
1201 1133 1329 1216 φοῦσκος

235 1227 443 1318 &enutriatur
462 1234 545 1298 Hes.
567 1232 670 1297 idest
691 1231 805 1322 φοξός.
849 1235 988 1322 Duplici
1008 1231 1262 1320 transgressione
1280 1257 1328 1298 no-

234 1335 334 1401 tabile
352 1343 402 1400 est
418 1355 539 1400 nomen
555 1332 747 1398 nuoularum
767 1333 808 1402 τά
827 1334 991 1402 πιστάκια
1011 1345 1043 1400 et
1060 1329 1234 1425 ψιττάκια,
1255 1336 1328 1419 cujus
1391 1341 1392 1350 ’

235 1458 382 1503 consona
407 1437 512 1523 prima
541 1435 685 1502 continet
714 1435 818 1521 sigma
840 1459 881 1502 ex
905 1437 1066 1524 principio
1093 1437 1255 1502 secundae
1278 1437 1329 1522 syl·

236 1538 330 1605 labae
362 1538 572 1614 translatum3
607 1559 683 1601 nam
719 1537 900 1602 semiticum
935 1550 985 1603 est
1018 1539 1116 1604 bistoo
1152 1538 1220 1602 sive
1246 1542 1330 1620 pistor
1391 1615 1392 1622 ρ

235 1662 265 1706 r.
284 1640 408 1706 Niolas.
431 1641 474 1704 ad
495 1639 627 1726 Geopp.
651 1637 692 1702 Τ.
712 1638 776 1704 III.
797 1638 870 1704 666.
915 1637 1034 1706 Graeci
1057 1638 1255 1723 antiquiores
1273 1645 1330 1722 βιτ-

234 1738 336 1808 τάκια
366 1750 399 1806 et
426 1737 587 1828 φιττάκια
618 1741 794 1828 appellant.
847 1739 965 1806 Cetera
994 1729 1174 1826 quomodo*¹
1192 1763 1212 1803 a
1237 1739 1329 1826 primis
1391 1747 1392 1824 J

235 1843 367 1929 linguae
389 1841 572 1907 architectis
595 1843 812 1928 pronunciata
834 1841 911 1922 sint,
936 1853 1072 1930 propter
1096 1841 1198 1927 etymi
1220 1841 1330 1926 ignora·

236 1944 360 2011 tionem
382 1943 522 2010 discerni
543 1965 611 2009 non
635 1954 755 2032 potest.

320 2050 346 2132 6.
367 2048 399 2113 2.
437 2045 664 2112 Consonarum
680 2045 876 2132 simplicium
891 2044 999 2110 nullae
1016 2044 1058 2109 ad
1073 2043 1332 2130 transponendum
1391 2037 1392 2059 ¹

236 2156 303 2213 tam
324 2157 471 2236 promtae
493 2171 591 2234 quam
613 2147 892 2213 semivocales't
844 2171 878 2211 m
880 2157 992 2232 terque
1013 2147 1073 2211 has
1094 2146 1272 2211 mobilitate
1289 2169 1331 2210 ex·

236 2249 324 2316 cellit
350 2249 422 2316 rho.
461 2250 600 2314 ”Hinc
590 2249 653 2334 igit
653 2273 712 2314 ur
721 2250 870 2336 exempla
888 2249 981 2372 petit
956 2247 1192 2333 rGregorius
1220 2244 1331 2313 488.‘
1308 2273 1332 2313 οι

226 2341 339 2428 ’Ίωιες
362 2355 505 2436 χρῶνται
526 2357 601 2429 ταῖς
620 2351 861 2437 μεταθέσεσιν
884 2347 955 2416 ἔστι
978 2349 1016 2417 δὲ
1032 2341 1332 2434 μετάθεσιςάταιῆ

237 2450 275 2518 τὸ
298 2454 434 2571 πρῶτρν
454 2456 618 2532 στοιχεῖον
639 2455 698 2536 τῆς
725 2447 814 2527 ἰδίας
840 2451 1007 2538 συλλαβῆς
990 2448 1164 2539 ςγίνηται
1192 2447 1295 2533 δεύτερ
1298 2473 1331 2526 οι,
1391 2532 1392 2536 ¹

239 2546 425 2636 άιρατιιτάς
447 2545 692 2637 άταρττιτάςὸ),
727 2545 808 2637 iisd
835 2546 986 2635 δεύτερον
1008 2547 1191 2637 πρότερον,
1220 2548 1331 2634 κραδία,

236 2651 412 2737 τέτρατος,
434 2648 606 2736 κρατερός.
647 2653 742 2718 Haec
771 2674 831 2739 pro
862 2651 986 2717 affectis
1020 2653 1140 2717 cedunt
1166 2651 1244 2737 quia
1262 2673 1333 2716 con·
1391 2630 1392 2668 ¹

236 2754 344 2818 munis
365 2776 444 2817 usus
466 2748 655 2838 probavit'
638 2748 808 2837 στρατιάς,
831 2750 970 2837 καρδία,
993 2754 1169 2838 τέταρτος,
1201 2763 1233 2820 et
1221 2752 1334 2818 tetiam
1384 2735 1392 2814 ί

238 2854 316 2939 quia
333 2853 414 2919 haec
429 2854 692 2918 convenientiora
710 2864 786 2918 sunt
802 2853 918 2940 etymis
935 2851 1062 2938 τρέποι,
1087 2859 1147 2942 κῆρ
1167 2856 1235 2921 sive
1259 2856 1332 2938 κέαρ,

235 2953 401 3040 τέτταρες.
444 2955 499 3020 De
519 2955 632 3020 ultimo
654 2977 695 3020 ex
718 2957 787 3021 solo
809 2979 873 3021 usu
888 2955 1067 3040 judicatum
1090 2979 1167 3022 nam
1190 2959 1333 3022 Homerus

237 3057 310 3145 ipse
337 3080 398 3145 pro
426 3079 634 3122 numerorum
660 3057 786 3123 ratione
812 3057 916 3122 variat
941 3079 1009 3122 non
1031 3058 1137 3123 solum
1160 3057 1334 3142 adjectivum
1382 3043 1392 3133 i

236 3157 398 3243 κρατερός
424 3169 457 3224 et
476 3157 654 3244 καρτερός,
687 3159 866 3224 sedetiam
886 3182 1005 3224 nomen
1027 3160 1148 3246 κράτος
1171 3169 1205 3226 et
1225 3156 1333 3244 κάρτος.
1383 3153 1392 3176 '¹

237 3259 278 3323 In
300 3282 362 3324 usu
382 3283 459 3326 vero
481 3260 689 3326 dominantur
712 3262 778 3327 duo
808 3259 870 3325 sibi
893 3262 1053 3328 contraria
1074 3258 1198 3346 κράτος
1221 3271 1251 3326 et
1270 3283 1333 3344 καρ-

237 3360 349 3447 τεριίς,
379 3384 439 3448 pro
463 3386 528 3448 quo
552 3363 728 3449 scriptores
758 3361 926 3429 deterioris
954 3373 1051 3428 notae
1078 3359 1241 3450 κρατερός
1267 3360 1333 3426 asoi·

237 3474 353 3528 verunt
372 3463 474 3548 idque
496 3464 592 3528 etiam
614 3488 634 3528 a
653 3464 791 3530 librariis
810 3466 933 3552 passim
948 3467 992 3530 ad
1009 3465 1139 3531 Atticos
1156 3465 1334 3530 transfusum
1391 3457 1392 3480 ¹

239 3576 290 3632 est
317 3589 347 3631 v.
376 3566 502 3632 Duker.
531 3567 575 3630 ad
603 3566 708 3632 Thuc.
738 3567 799 3634 lv.
831 3568 903 3632 129.
957 3566 1170 3632 Herodianus
1202 3589 1275 3632 vero
1303 3565 1333 3682 (ιθ
1383 3596 1387 3685 ρ

237 3666 396 3734 Dichron.
418 3667 491 3734 363.
515 3667 566 3733 ed.
588 3667 706 3733 Lehrs.
730 3668 793 3733 hoo
814 3669 920 3755 primo
947 3668 1022 3733 loco
1052 3667 1163 3753 ponit,
1192 3687 1333 3752 καρτερος

238 3770 427 3858 hyperthesi
450 3769 601 3834 affectum
623 3770 712 3834 dicit.
753 3770 822 3836 Sed
838 3769 982 3834 affinium
1001 3768 1109 3854 aliqua
1125 3769 1160 3832 in
1177 3790 1236 3835 suo
1256 3765 1333 3852 quid·

208 3943 212 3947 ,
238 3897 303 3960 que
336 3871 450 3938 ordine
484 3880 631 3959 perstant
665 3862 772 3956 κάρτα
807 3867 938 3958 κάῤῥιοι
961 3909 1003 3918 —-
1029 3866 1149 3956 κρατάς
1180 3866 1331 3956 κρείσσων.

237 3979 290 4044 Ac
318 3976 346 4041 si
376 3997 488 4040 verum
519 3982 569 4038 est
599 3972 689 4059 quod
718 3972 935 4060 suspicamur,
968 3973 1085 4039 horum
1110 3973 1251 4039 omnium
1277 3989 1333 4036 esso
1391 3965 1392 3990 ¹

308 4216 336 4280 5)
351 4205 476 4282 Ἀκαριιά
494 4212 582 4266 Parca
601 4226 674 4280 quac
695 4209 781 4278 vulgo
803 4209 927 4280 Atropos
954 4218 1069 4265 vocatur
1092 4229 1118 4265 v.
1140 4209 1243 4264 Techn.
1262 4227 1287 4279 p
1300 4205 1331 4256 id·

1382 2949 1392 3032 ί

1383 3685 1392 3756 ι,

1383 3812 1392 3874 ¹t

1385 4067 1392 4144 t

240 4299 367 4354 Eandem
385 4299 506 4353 sortasse
526 4295 664 4368 significat
679 4294 836 4367 Hesychius
852 4294 971 4352 Ἀιιιτοῡ
990 4296 1165 4370 (Ἀταριισῦς)
1181 4296 1301 4368 χαλεπῆς
1383 4313 1386 4345 ι

1383 4280 1386 4312 ι

1381 4362 1386 4401 ι

1381 4404 1386 4722 Ῑ

1206 4797 1210 4805 ,
1246 4711 1386 4808 ..ί
