2825 4809
230 349 280 429 aa
595 344 916 419 orssnausmo
946 348 981 450 s⁸

229 536 310 603 EM.
334 534 405 613 141,
426 533 478 601 55.
499 533 552 599 cui
574 556 658 621 quae
680 534 819 601 accessit
834 534 927 603 litera
946 534 1039 601 deest
1055 556 1237 622 synonymo
1252 534 1348 603 ralu-

229 634 318 721 μών·
340 640 431 721 ripae
456 656 536 721 quae
555 638 694 703 mutulos
720 639 886 713 suscipent,
908 640 1013 704 nostri
1035 639 1201 704 telamones
1222 647 1346 711 cocant,

234 736 348 805 Graeci
375 733 536 817 ὅτλαντας
563 737 688 806 Vitruv.
712 736 773 805 VI.
798 738 839 801 10
861 738 931 823 (7),
954 737 985 803 6.
1012 736 1054 802 ab
1080 738 1198 803 eodem
1222 749 1347 802 utrum·

232 859 297 925 que
312 836 411 905 verbo
427 858 492 925 quc
509 832 611 917 ι’ίολος
633 848 665 904 et
686 835 914 926 delapsam).
951 834 1133 925 Ἀκραγγὲς
1151 841 1291 905 παιδίον
1307 836 1344 905 cd

232 932 285 1007 ἀεὶ
304 940 421 1007 ’κλαῖον
443 939 500 1006 ναὶ
521 932 680 1021 ὀξύχολον
699 940 779 1005 ΕΜ,
801 948 858 1003 aut
874 939 963 1004 idam
978 939 1121 1005 declarat
1141 938 1233 1025 quod
1247 964 1348 1025 κραο·

231 1034 388 1125 γαοτοιόν
404 1050 547 1105 assumto
564 1037 663 1127 alpha
680 1039 723 1105 ad
742 1040 1030 1106 conformationem
1044 1040 1135 1105 vocis
1150 1037 1346 1117 necessario,

231 1138 283 1205 vel
305 1138 506 1223 δοςβάϋκνον
528 1143 669 1224 improbe
692 1144 882 1219 οῐαοιοαιοις
912 1140 1056 1227 gryphas
1079 1139 1173 1219 κύνες
1191 1137 1347 1226 ἀκραγεῖς

232 1240 428 1328 Aeschylus·
442 1240 564 1307 dixisse
585 1240 714 1307 videtur
733 1254 838 1309 οιαεοι
864 1252 902 1307 ut
931 1241 1145 1328 distingueret
1171 1263 1192 1305 a
1213 1239 1346 1305 canibus

232 1340 434 1408 latrantibus.
478 1344 534 1411 Sic
563 1344 649 1409 enim
678 1352 797 1429 poetae
819 1343 975 1408 audacius
998 1342 1153 1408 translata
1173 1342 1346 1430 explanare

234 1442 340 1508 solent
361 1443 514 1530 apposito
537 1444 698 1529 ejusmodi
720 1442 877 1531 epitheto,
896 1443 986 1529 quud
1006 1444 1064 1522 rei,
1085 1442 1175 1507 unde
1195 1440 1347 1506 translata

116 1630 119 1633 ,
233 1554 318 1622 sunt,
342 1543 561 1622 disconvenit,
590 1557 627 1609 ut
655 1566 749 1609 arcus
773 1539 1346 1634 1011111111φόρμιγξὲἰχορδος,1αα-

232 1644 292 1713 liar
314 1655 408 1712 atrox
430 1644 551 1725 δίπους
572 1646 701 1723 λέαινα,
727 1644 799 1731 apis
822 1640 903 1731 ὄφις
921 1642 1093 1733 πτερωνή,
1114 1644 1222 1735 fumus
1244 1640 1348 1711 lime-

234 1772 294 1833 ρος
314 1740 406 1830 lipare
433 1757 466 1812 et
492 1746 556 1812 alia
576 1768 734 1832 oxymora
753 1769 784 1811 v.
806 1744 975 1833 Aglaoph.
998 1745 1071 1811 839.
1114 1743 1281 1811 Warnick.
1304 1744 1347 1809 ad

233 1846 359 1935 Tryph.
382 1870 415 1935 p.
430 1848 501 1915 133.
523 1846 669 1913 Meinek.
682 1847 771 1911 Hist.
788 1845 882 1913 Com.
903 1846 1042 1932 518.³⁸)
1085 1846 1150 1910 His
1171 1854 1247 1911 ante
1267 1868 1345 1911 ocu·

232 1948 282 2015 los
304 1948 421 2037 positis
444 1970 505 2036 pro
528 1970 563 2015 se
588 1949 728 2034 quisque
746 1948 912 2033 expendat
927 1946 1026 2036 alpha
1041 1947 1233 2013 intentivum
1250 1969 1348 2033 quam

233 2050 358 2118 lubrico
381 2051 416 2117 in
437 2051 647 2117 fundamento
668 2050 811 2115 locatum
834 2049 886 2114 sit.

317 2156 342 2237 ς.
365 2152 396 2217 5.
439 2150 495 2217 Ab
516 2150 572 2215 illo
592 2149 693 2235 igitur
718 2148 817 2235 alpha
838 2149 929 2235 qnod
949 2150 1186 2238 pleonasticum
1209 2148 1349 2213 dicimus

232 2253 284 2319 vel
310 2251 545 2339 euphonicum,
582 2251 659 2337 quia
690 2249 871 2337 simplicem
902 2252 993 2318 vocis
1027 2263 1174 2317 naturam
1200 2250 1349 2337 pleniore

138 2376 142 2379 ·
234 2376 316 2420 sono
336 2352 529 2420 circumlinit
550 2350 717 2439 ceteroqui
734 2352 876 2418 otiosum
903 2363 941 2417 ut
969 2346 1113 2435 ιἰἕοταχος
1141 2361 1202 2415 etc.
1230 2350 1348 2415 distin-

233 2455 362 2543 guimus
383 2453 587 2521 formativum
608 2455 698 2541 quod
719 2452 886 2519 vocabulis
908 2454 1068 2519 concinne
1087 2452 1265 2519 formandis
1287 2475 1349 2518 ne-

182 2592 188 2599 ·
233 2556 409 2624 cessarium
437 2567 487 2622 est
511 2564 548 2621 ut
576 2550 715 2644 ἀχανής,
746 2568 780 2623 ct
798 2558 840 2624 ab
861 2568 1001 2642 utroque
1020 2556 1151 2647 tertium
1172 2554 1351 2640 quoddam,

234 2680 300 2743 quo
329 2656 443 2723 itidem
470 2667 508 2723 ut
534 2656 690 2745 privativo
721 2669 756 2727 et
786 2660 971 2747 copulativa
998 2658 1047 2724 vis
1068 2657 1159 2723 vocis
1184 2656 1353 2741 subjectae

233 2760 457 2827 commutatur.
500 2758 589 2825 Huic
612 2780 688 2825 vero
710 2760 898 2845 subjicimus
917 2762 998 2826 duas
1016 2760 1154 2847 species,
1177 2758 1353 2823 ablativum

178 2906 180 2910 -
234 2860 301 2927 sive
324 2860 550 2945 disjunctivam
574 2861 811 2947 praepositioni
833 2857 904 2929 ἀπό
925 2885 993 2927 non
1014 2860 1203 2938 absimilem,
1227 2868 1260 2925 et
1277 2882 1355 2924 eam

233 2985 331 3050 quam
353 2959 629 3050 paremphaticam
651 2960 759 3028 dicere
788 2984 891 3048 cogor
919 2963 996 3049 quia
1020 2984 1087 3029 non
1108 2984 1206 3025 unam
1228 2970 1353 3025 certam

233 3062 503 3151 significationem
530 3059 639 3128 habet'
653 3062 742 3128 unde
759 3063 972 3130 'denominari
1008 3064 1115 3151 possit
1144 3061 1203 3127 sed
1231 3062 1353 3125 multas

232 3165 412 3250 variasque.
456 3162 550 3229 Illius
571 3163 636 3228 vim
657 3163 737 3229 mihi
758 3187 936 3252 agnoscere
959 3164 1072 3230 videor
1092 3163 1127 3228 in
1153 3161 1260 3227 verbis
1284 3157 1357 3242 ἆμ-

231 3272 378 3351 βροτεῖν,
409 3258 605 3349 ἆβροτάζειν
634 3274 666 3330 et
695 3262 874 3350 ἁμαρτεῖν,
902 3288 1041 3353 quorum
1072 3263 1268 3351 principium
1300 3272 1357 3327 est

231 3363 338 3452 μα’ριο
360 3364 495 3449 ejusque
517 3362 746 3431 inclinamenta
765 3364 895 3454 ἔμμορα
912 3378 945 3434 et
961 3365 1128 3454 εἵμαρται.
1162 3365 1251 3430 Hinc
1267 3386 1354 3450 pro-

231 3465 419 3534 ficiscuntur
439 3470 558 3549 μοῖρα,
576 3463 691 3551 μόρος,
713 3464 823 3555 μοροή
849 3464 869 3554 ἦ
892 3466 1007 3555 μορίς,Ι
1021 3466 1204 3553 ἕοίμορνος
1224 3466 1355 3554 partia-

230 3566 309 3644 rius,
339 3560 465 3652 μοριός
494 3564 560 3630 sive
587 3563 711 3651 βροτός
737 3567 897 3647 mortalis,
932 3565 1090 3652 εἱμαρνός
1117 3589 1178 3657 pro
1208 3565 1356 3653 μαριύς.

233 3667 363 3753 Quibus
393 3664 543 3733 omnibus
578 3668 758 3735 eommunis
792 3679 842 3735 est
876 3669 1070 3756 significatio
1100 3670 1217 3761 partis,
1249 3670 1358 3735 sortis

282 3941 327 4006 35)
340 3936 469 3995 Indidem
485 3940 605 3997 fortasse
624 3932 722 4001 ἄντλος
738 3936 824 3995 labor·
840 3945 869 3995 at
888 3937 986 4004 ἀντλία
1003 3937 1134 3993 machina
1152 3954 1324 3995 aerumnam
1338 3958 1363 3995 a

231 4029 326 4094 τλῆναι
336 4026 468 4091 tolerare,
479 4026 591 4090 tollere,
610 4027 685 4081 nude
697 4025 823 4094 tollcno;
843 4024 958 4079 Vossius
976 4026 1014 4079 ad
1029 4025 1104 4088 Fest,
1121 4024 1218 4081 tullios
1232 4042 1362 4107 quoque

230 4110 297 4169 hinc
307 4109 467 4170 nominatos
477 4119 573 4169 censet
586 4112 664 4181 quod
676 4127 778 4181 aqum
788 4128 898 4167 sursum
910 4110 1020 4167 tollant

282 4214 328 4283 35)
341 4212 446 4269 Cantus
462 4220 580 4269 vocatur
598 4215 698 4286 νέκταρ
718 4212 887 4284 ἐναρμόνιον
901 4213 986 4278 Anth.
999 4210 1063 4266 VII.
1083 4228 1112 4265 n.
1125 4212 1168 4267 20.
1188 4205 1267 4285 πόμα
1284 4210 1366 4266 ἀοί-

230 4298 315 4379 διμον
325 4296 405 4361 Pind-
417 4298 498 4359 Nem.
506 4298 559 4361 111.
575 4296 632 4361 135,
644 4301 725 4359 λίθος
734 4304 871 4372 μουοαῖος
881 4298 958 4353 VIII.
967 4300 1011 4355 aa.
1026 4289 1108 4375 οὖρος
1119 4292 1230 4368 εὐκλεής
1237 4296 1288 4356 VI.
1303 4300 1360 4360 te,
