2825 4809
101 347 165 418 οο
179 333 455 419 Ῥοοοοοοοο
476 345 537 414 οο
561 343 837 419 οοοοοοοοο.
861 345 900 416 ο.
913 346 978 415 nr.
995 304 1026 435 's
1038 342 1070 415 5.
1092 354 1142 429 so
1149 351 1179 428 ιἰ

59 537 89 604 4.
112 534 150 604 τὸ
171 535 264 622 παρὰ
286 535 372 602 πολὺ
395 538 523 618 μᾶλλον
546 527 566 624 ἢ
590 534 691 604 πολύ·
716 535 775 602 sed
804 535 867 602 hoe
897 557 1030 622 quoque
1053 536 1167 603 dubito

60 663 101 706 an
121 638 334 705 demonstrari
354 660 421 704 non
446 638 562 726 possit.
604 639 690 706 Num
716 639 751 705 in
776 638 886 704 miultis
913 639 994 705 loeis
1024 662 1166 726 praepo-

59 741 133 806 sitio
164 741 248 806 adeo
274 740 354 806 nihil
382 741 426 807 ad
453 741 724 830 significationem
755 742 880 808 confert
907 750 943 806 ut
972 741 1042 807 sine
1070 765 1169 808 sensu

60 843 145 908 demi
173 842 292 931 possit:
323 847 422 910 τοῦτο
451 841 777 929 οοῖς-*χροομέοοις
802 841 1008 926 aspersorio
1040 846 1169 927 psillos

59 942 224 1025 ἐνδέχεται
245 937 409 1032 utpote-
419 943 583 1031 Hippoer.
606 945 692 1013 Viet.
714 946 813 1010 Aeut.
837 967 869 1030 p.
892 943 944 1010 64.
966 944 1007 1010 Τ.
1029 943 1067 1010 ll.
1091 944 1170 1030 (395

56 1045 171 1128 noes.)
197 1041 357 1132 ἐγγυτέρω
379 1043 729 1133 supasoto‘Longin.
754 1045 863 1115 XVll.
886 1047 916 1114 3.
940 1070 973 1133 p.
998 1045 1048 1112 74.
1072 1045 1167 1126 παρὰ

58 1145 145 1215 πολὺ
172 1147 286 1233 (vulgo
310 1143 508 1234 παραπολί)
534 1143 678 1232 ἀμείνων
705 1149 843 1215 Luoisn.
865 1149 954 1216 Diui.
970 1135 1061 1213 Mar.
1085 1147 1166 1217 XV.

57 1251 87 1314 3.
111 1250 187 1318 Jov.
213 1248 314 1334 Trsg.
338 1253 363 1334 ξ.
377 1248 429 1316 35.
453 1259 509 1314 sut
530 1272 591 1336 pro
613 1245 698 1318 κατά
719 1251 864 1337 positum
885 1261 936 1318 est
954 1250 1041 1316 utin
1060 1250 1166 1315 Thus.

57 1350 78 1416 l.
102 1373 129 1416 e.
153 1350 335 1437 παραπολὺ
357 1351 408 1418 vel
436 1361 472 1416 ut
497 1351 756 1431 nunesoribitur
778 1352 873 1440 παρὰ
899 1350 987 1420 πολὺ
1015 1348 1170 1441 ἐνίκησαν

58 1451 219 1538 similique
243 1452 345 1520 Paus.
367 1450 421 1520 ΙΙΙ.
446 1453 501 1532 18,
529 1455 560 1522 3.
595 1453 691 1542 παρὰ
718 1452 808 1522 πολὺ
835 1451 1011 1539 γενομένης
1036 1455 1095 1541 τῆς
1120 1455 1168 1518 νί·

56 1575 131 1644 κρς·
154 1564 208 1620 sut
229 1553 500 1640 significationem
517 1555 683 1643 propriam
708 1556 814 1642 (ultra,
838 1555 926 1633 eitra,
949 1556 1091 1641 praeter)
1113 1577 1166 1622 re·

55 1657 137 1724 tinet
162 1667 194 1721 et
214 1657 421 1742 grammatice
446 1657 580 1743 quidem
601 1681 674 1725 eum
696 1659 856 1743 adjectivo
878 1657 1047 1735 cohaeret,
1072 1657 1169 1722 intel·

54 1760 143 1824 leotu
164 1769 273 1824 eutem
295 1758 337 1823 ad
358 1781 479 1826 nomen
503 1760 639 1826 refertur
664 1773 701 1826 ut
722 1759 905 1846 ποροπολὺ
925 1762 985 1846 τῆς
1006 1751 1171 1848 ἀληθείας

55 1857 188 1947 εἴρηται
214 1859 370 1926 Philostr.
392 1862 473 1927 Her.
503 1885 536 1948 p.
559 1864 630 1929 702.
653 1865 708 1929 fin.
730 1862 772 1927 id
803 1872 853 1929 est
874 1861 962 1927 πολὺ
988 1858 1082 1947 παρὰ
1111 1857 1169 1948 τὴν
1266 1866 1269 1872 ’

55 1955 220 2048 ἀλήθειαν
244 1967 317 2028 weit
343 1966 484 2030 sordes
517 1965 673 2033 Wutrteit
694 1968 826 2048 oorbey,
859 1974 892 2030 et
918 1964 1035 2047 Synes.
1058 1961 1166 2048 Epist.

52 2062 259 2132 LX11.206.
281 2065 325 2129 A.
347 2058 445 2149 λόγος
474 2061 569 2152 ἔργου
592 2065 775 2152 ποραπολὺ
801 2067 861 2152 τῆς
887 2059 963 2151 ἴσης
985 2061 1069 2140 ἔστί,
1097 2064 1166 2131 En·

54 2189 140 2232 eom.
169 2165 259 2232 Oalu
290 2166 341 2232 94.
368 2165 413 2231 Ι).
442 2162 698 2251 παραπλεῖσοόν
721 2165 793 2232 ioco
813 2167 872 2252 τῆς
896 2158 1084 2250 ἀκριβείας,
1111 2166 1168 2249 qui

52 2267 218 2354 genitivus
239 2266 281 2332 eb
304 2266 449 2353 epitheto
472 2289 651 2354 suspensus
674 2279 737 2346 est,
765 2268 830 2333 hoe
850 2275 958 2332 autem
979 2288 1000 2330 ο
1024 2287 1168 2355 praepo-
1246 2291 1252 2298 ’

51 2370 174 2436 sitione
195 2369 328 2454 regitur.
373 2368 528 2436 Similiter
554 2369 653 2436 modo
675 2365 874 2458 παραβροχύ
906 2366 1027 2454 legitur
1048 2367 1167 2433 Zosim.

49 2469 113 2538 Vl.
135 2471 167 2536 4.
190 2471 307 2556 Synes.
329 2471 432 2538 Dion.
457 2494 491 2558 p.
513 2473 566 2537 41.
588 2474 631 2538 A.
657 2466 830 2560 ὑοόβραχυ
852 2480 988 2536 accentu
1008 2469 1092 2534 male
1117 2491 1169 2534 re-

49 2573 223 2657 traeto²⁹)
257 2573 388 2639 Aelisn.
416 2575 462 2639 H.
484 2575 574 2639 Ann.
598 2572 654 2642 lV.
681 2574 734 2640 34.
766 2562 957 2656 καοαβραχύ
986 2571 1103 2638 Galen.
1127 2571 1170 2635 de

48 2676 148 2742 Puls.
170 2699 204 2762 p.
227 2675 302 2740 479.
326 2673 366 2740 T.
379 2674 477 2742 VIII.
501 2675 631 2761 saepius
657 2673 743 2747 κατὰ
767 2669 870 2759 βραχύ
893 2672 983 2759 quod
1005 2670 1169 2738 Kiesslin-

47 2778 130 2864 gius
152 2776 283 2842 reduxit
305 2774 426 2844 Jambl.
449 2776 557 2842 Protr.
579 2777 607 2842 I.
631 2801 664 2863 p.
690 2776 741 2840 10.
783 2775 847 2840 111ο
870 2774 1030 2861 scriptura
1051 2774 1078 2838 si
1092 2797 1170 2849 ,oma

45 2881 134 2944 nino
155 2878 334 2956 retinenda,
358 2887 445 2945 certe
465 2878 507 2943 iis
526 2878 608 2944 loeis
632 2877 828 2944 reservanda
852 2887 902 2943 est
926 2875 1049 2942 ubivis
1074 2897 1169 2963 prae·

47 2980 232 3070 positionis
254 2979 411 3064 hebescit,
434 2980 493 3046 sed
514 2979 595 3044 illud
617 2977 675 3046 ἐπὶ
696 2980 783 3047 πολὺ
803 2983 863 3065 τῆς
881 2972 991 3064 χώρας
1014 2979 1169 3064 προῆλθε

46 3106 154 3150 nemo
171 3083 263 3148 aliter
280 3081 420 3148 seribere
435 3081 524 3147 volet
541 3104 639 3166 quam
661 3075 680 3148 ὁ
702 3079 975 3164 Καλλικρατίδας
996 3082 1054 3164 τῆς
1074 3073 1169 3164 τριή-

47 3209 135 3274 ρους
156 3181 216 3251 ἐπὶ
237 3181 344 3250 πολὺν
362 3180 521 3272 οἷνὲῥρηξε
542 3178 648 3248 τόπον
668 3180 771 3248 Diod.
781 3180 884 3246 XIII.
910 3178 962 3245 99.
984 3179 1171 3267 Dupliciter

44 3309 132 3354 vero
158 3285 302 3352 construi
324 3295 435 3371 potest
465 3283 499 3349 in
526 3284 664 3350 Lucisn.
692 3285 831 3348 Iearom.
861 3285 887 3366 ξ.
911 3282 961 3347 14.
985 3281 1167 3369 ruspensis)

47 3387 194 3475 (Jaoob.
216 3379 310 3473 παροῖ
334 3386 440 3471 πολύ)
470 3389 536 3452 τῶν
562 3377 669 3454 ἄλλων
694 3382 788 3466 ζώων
814 3381 911 3460 ἀετός
942 3381 1031 3450 ἐστιν
1061 3381 1170 3463 ὀξυω-

44 3491 233 3566 πέστατος.
277 3488 333 3555 Ab
356 3488 406 3554 his
430 3485 580 3554 omnibus
601 3486 709 3552 differt
727 3483 857 3552 ἐπίπαν
869 3484 1027 3572 Xenoph.
1038 3485 1173 3570 Fragm.

41 3593 139 3660 XX.
160 3590 287 3656 Herod.
314 3591 375 3659 IV.
404 3590 455 3656 68.
484 3590 545 3658 VI.
574 3589 626 3654 46.
655 3589 741 3653 Plat.
770 3587 871 3675 Epin.
900 3586 973 3652 986.
1001 3589 1043 3652 Ε.
1071 3587 1171 3652 Ροοο.

43 3694 115 3764 VI.
136 3693 191 3758 20.
215 3693 245 3758 8.
275 3692 409 3758 Heliod.
432 3693 474 3760 V.
504 3693 540 3768 4,
576 3691 648 3758 178.
671 3700 732 3756 eto.
757 3689 847 3775 quod
874 3711 975 3775 quum
1004 3699 1173 3754 accentum

39 3798 85 3862 in
110 3793 371 3880 antepenultima
396 3791 530 3870 hebeat,
558 3792 724 3878 parathesi
753 3792 986 3878 assignandum
1015 3799 1066 3856 est
1095 3812 1173 3876 pro-

40 3897 149 3985 priae
172 3905 209 3961 ut
238 3890 413 3981 ἀνάλογον,
437 3897 638 3978 propediem,
668 3897 800 3962 invicem
829 3906 890 3961 ete.
933 3895 981 3960 At
1005 3914 1082 3958 vero
1112 3914 1173 3978 pro

125 4152 174 4216 29)
193 4147 332 4218 Κάθομον
350 4146 418 4204 κατὰ
438 4145 467 4203 τὸ
489 4142 554 4204 αὐτό
572 4147 641 4202 Hes.
661 4149 762 4202 eodem
781 4154 898 4202 accentu
919 4145 1100 4201 scribendum
1117 4164 1174 4216 quo

40 4237 204 4310 oivaps‘oov
215 4235 328 4290 Philon.
343 4237 381 4290 de
394 4235 473 4309 Sept.
488 4236 510 4290 I.
524 4237 550 4290 t.
569 4234 589 4288 J
591 4252 676 4289 erem.
691 4234 781 4308 Epist.
795 4233 869 4289 LIV.
884 4235 963 4306 quod
980 4231 1092 4306 saepius
1104 4235 1175 4289 duos

38 4327 145 4382 habet
159 4329 301 4380 accentus.
395 4375 398 4380 .
