2825 4809
228 312 275 387 34
341 342 344 349 v
595 300 914 375 DISSERTATIO
944 301 997 371 ·1.·

228 493 379 581 robigine
408 492 551 558 obducta
582 502 631 557 eat
658 501 695 556 ut
716 490 809 577 origo
831 514 900 556 non
921 488 1029 555 dicam
1048 487 1263 556 &monstrari
1282 486 1337 555 aed

228 596 283 670 rix
310 592 523 683 probabiliter
554 592 731 679 conjectari
757 592 874 679 poaait.
925 590 1039 675 Quare
1065 590 1214 657 inaiatmn
1233 590 1336 657 notio·

228 696 335 773 ribus,
364 718 505 783 quorum
533 716 601 761 uon
622 693 762 781 amplius
784 702 860 759 eunt
879 692 1036 779 quinque.
1078 691 1227 757 Primum
1247 684 1338 773 άοχε·

229 822 287 876 τος
306 818 374 863 nnn
395 796 433 863 τὸ
452 792 676 877 ἀκατάσχετον
698 794 881 881 significare
898 794 959 860 aed
976 793 1051 860 λίαν
1069 792 1218 875 σχέτλιον
1232 793 1339 857 nescio

231 921 295 985 quc
319 906 508 982 argumento
532 896 724 963 affirmatum
747 894 798 961 ait.
840 895 873 961 N
875 916 913 961 ee
932 894 1028 961 video
1045 914 1104 962 cur
1122 891 1215 959 labor
1235 892 1338 959 infini-

230 1011 290 1071 tus·
304 1009 336 1067 et
359 995 628 1085 inexsuperabilis
654 996 719 1062 dici
738 1020 806 1064 non
827 995 934 1085 possit
951 990 1108 1082 άτρυτος,
1136 1016 1237 1079 quum
1256 994 1341 1059 idem

232 1101 357 1180 dicatur
384 1097 488 1177 πόνος
515 1095 657 1187 ἀτειρής.
697 1094 838 1177 ’Άσκτος
866 1097 916 1163 vir
951 1096 1096 1165 eruditus
1128 1095 1295 1162 contendit
1322 1118 1343 1159 a

230 1202 375 1270 Pindaro
400 1200 545 1286 positum
566 1221 638 1265 esse
660 1223 721 1288 pro
743 1196 937 1279 πολόσκτος.
979 1198 1049 1266 Sed
1064 1196 1121 1263 illo
1138 1196 1212 1263 loco
1231 1196 1340 1264 acholl

232 1314 265 1371 ct
294 1303 391 1367 codd.
421 1300 570 1365 nonnulli
600 1298 740 1379 δάσκιος
764 1297 923 1387 praebent
949 1299 1040 1385 quod
1059 1300 1267 1367 Hermannua
1288 1323 1340 1365 aa·

197 1460 208 1479 .,
232 1404 308 1469 civit
329 1403 364 1467 in
383 1402 475 1469 Dias.
501 1402 542 1467 de
562 1401 661 1467 Pind.
683 1402 779 1467 Nem.
800 1400 860 1469 vL
880 1425 913 1487 p.
936 1401 965 1466 7.
988 1422 1026 1465 ac
1046 1400 1075 1465 ai
1097 1412 1196 1486 poeta
1217 1412 1342 1469 montes

231 1503 395 1581 Phliasios
427 1498 565 1581 άσκτόυς
590 1503 786 1579 nominavit,
813 1512 921 1567 tamen
948 1524 1084 1587 necesse
1110 1524 1179 1567 non
1201 1513 1251 1569 eat
1271 1526 1342 1569 urn-

231 1604 348 1673 broeoa
375 1604 427 1671 vel
459 1603 541 1671 adeo
574 1602 838 1670 umbrosisaimoa
865 1602 1021 1689 intelligi3
1048 1626 1124 1668 narn
1151 1603 1243 1668 multi
1269 1615 1347 1669 eunt

232 1718 358 1777 montes
381 1706 478 1773 nullia
498 1703 668 1773 arboribus
689 1704 798 1769 veatiti
822 1704 987 1790 hodieque
1008 1704 1156 1773 nonnulli
1174 1705 1344 1775 nominau-

233 1819 284 1873 tur
305 1810 429 1875 Montes
453 1808 535 1874 calvi
556 1806 779 1889 Kallenlerqe,
805 1806 989 1885 Glrnumoat,
1009 1808 1126 1890 etjam
1142 1806 1219 1871 olim
1237 1806 1348 1875 πάντα

233 1908 279 1987 τάΙ
298 1907 491 1993 ἐψιλωμένα
514 1901 576 1995 όρτγ
603 1906 733 1991 ἐλέγετο
750 1903 928 1991 weltinpurc
944 1906 1060 1995 Stepln
1085 1930 1112 1973 a.
1133 1906 1165 1972 h.
1186 1930 1217 1973 v.
1239 1902 1349 1994 άφόλ-

232 2011 338 2075 λιστον
366 2008 492 2092 πέτρου
516 1998 676 2093 άότνόρον
707 2008 885 2094 Σοφοκλῆς
905 2008 988 2078 Hes.
1039 2009 1174 2077 sivero
1197 2008 1244 2073 illi
1267 2009 1352 2075 silva

233 2108 394 2173 incaedua
415 2106 513 2173 obsiti
533 2106 634 2183 fuere,
655 2106 708 2174 vel
729 2106 776 2171 aic
798 2100 912 2175 άσκτοτ
933 2108 1042 2177 vocari
1062 2120 1248 2197 potuerunt,
1269 2110 1353 2195 quia

234 2210 304 2277 sinc
329 2208 403 2273 luce
429 2205 544 2273 umbra
573 2206 662 2275 nulla
691 2217 757 2285 eat,
785 2208 822 2273 τὸ
850 2208 913 2296 γὰρ
936 2209 1055 2290 σκότος
1079 2210 1175 2279 σκίου
1196 2206 1258 2277 οὐκ
1279 2209 1354 2292 ἔχει

235 2309 338 2383 Clem.
364 2309 486 2377 strom.
517 2308 559 2376 V.
586 2307 660 2375 568.
692 2309 737 2375 Α.
768 2330 868 2395 quare
897 2309 1074 2377 sublustria
1099 2311 1236 2390 lumina,
1262 2334 1353 2397 quac

233 2412 311 2477 luna
333 2432 470 2479 nascens
493 2410 627 2497 spargit,
650 2409 902 2499 Tryphiodorua
934 2407 1053 2493 άσκτον
1081 2407 1180 2495 άχλόν
1200 2423 1297 2478 vocat
1317 2436 1353 2477 v,

234 2512 307 2579 517.
351 2511 408 2581 Sic
431 2510 528 2577 etiam
549 2511 613 2577 dici
635 2512 743 2598 potuit
756 2507 894 2591 ’Άσκιος
915 2509 935 2601 ἡ
959 2516 1078 2581 δασεῖα
1103 2512 1165 2601 ὕλη
1181 2515 1264 2578 Hea.
1283 2513 1355 2579 nisi

235 2624 391 2682 consueto
414 2633 522 2679 errore
547 2612 634 2679 delta
655 2613 812 2679 omissum
835 2624 901 2691 est3
926 2636 1002 2679 nam
1022 2612 1159 2692 δάσκιος
1180 2613 1242 2701 ὕλη
1264 2614 1357 2701 legi-

234 2728 287 2781 tur
309 2715 399 2805 apud
419 2715 618 2791 Homerum,
641 2714 804 2797 Quintum
824 2714 852 2781 Ι.
875 2714 948 2784 536.
971 2726 1004 2781 et
1024 2715 1117 2782 alica.
1159 2715 1226 2781 Pro
1248 2710 1362 2783 άστσ-

234 2842 291 2897 νος
312 2816 346 2883 in
365 2814 523 2901 Aeschyli
542 2814 616 2883 loco
636 2837 724 2883 nunc
746 2816 876 2881 ecodd.
893 2816 1075 2904 repositum
1094 2825 1145 2883 eat
1159 2812 1361 2894 ναόστολος.

230 2910 403 2999 :exterma
434 2916 540 3003 ὕδωρ,
571 2916 661 3000 quod
683 2916 795 2986 schol.
819 2917 893 2985 Nic.
915 2917 970 2984 Al.
999 2918 1070 2983 174.
1093 2916 1278 2999 πολόχυτον
1300 2917 1362 2981 in-

235 3028 429 3105 terpretatur
451 3027 483 3083 ct
507 3016 618 3085 Schol.
640 3018 753 3105 Apoll.
774 3039 848 3083 cum
869 3014 1005 3105 νήχυτον
1025 3017 1164 3095 confert,
1185 3038 1253 3085 nnn
1274 3018 1364 3104 plus

237 3119 316 3185 dicit
336 3141 432 3206 quam
454 3118 533 3204 χυτὴ
564 3118 724 3187 θάλασσα
744 3117 848 3183 Anth.
870 3117 932 3186 Vl.
953 3118 1069 3202 66.⁸⁰)
1100 3129 1133 3184 et
1154 3114 1235 3196 άλός
1255 3118 1366 3199 χύσις

237 3219 384 3307 Oppian.
406 3218 483 3283 Hal.
505 3218 565 3285 IV.
587 3220 661 3285 338.
692 3231 730 3285 ut
755 3219 853 3285 latine
883 3241 1014 3305 quoque
1035 3222 1126 3307 [aaut
1148 3216 1265 3283 dicitur
1290 3241 1365 3305 pro

237 3320 375 3386 diffusus
406 3331 438 3383 et
465 3319 529 3383 late
557 3319 659 3385 fusus.
702 3320 835 3407 Itaque,
866 3320 1021 3406 quoniam
1039 3317 1171 3402 χυνετός
1192 3318 1370 3385 indictum

237 3432 296 3499 eet,
319 3416 472 3501 άχόνετος
495 3418 593 3507 alpha
613 3420 818 3487 formativum
841 3419 961 3487 habere
988 3420 1174 3499 statuimus,
1202 3442 1270 3488 non
1302 3420 1368 3484 in-

236 3522 392 3587 tentivum
420 3531 457 3585 ut
483 3521 547 3585 illia
568 3522 711 3599 videtur,
738 3544 799 3587 nec
827 3522 1074 3610 pleonasticum.
1117 3522 1213 3586 Nunc
1234 3520 1293 3585 illa
1313 3525 1371 3588 ad

235 3632 344 3711 partes
372 3621 496 3689 vocabo
520 3645 604 3708 quae
623 3625 840 3696 Buttmaunua
861 3624 1003 3691 Gramm.
1026 3623 1073 3689 Π.
1095 3622 1168 3693 467.
1197 3633 1374 3709 tauquam

236 3722 414 3789 ceruasima
441 3723 552 3789 literae
580 3724 755 3791 intentivae
791 3726 985 3792 documenta
1022 3723 1178 3813 proponit
1213 3720 1373 3813 ἀκηδής,

237 3820 423 3910 άσττερχής,
444 3820 602 3913 άσκελὴς,
625 3820 759 3915 ἀτενής,
784 3823 916 3916 άχανός.
958 3828 1088 3892 Horum
1109 3824 1250 3913 primum
1270 3846 1372 3889 nus-

247 3992 250 3999 ’
288 3994 333 4061 30)
347 3992 402 4048 Ηὶσ
417 3994 532 4049 Paullus
546 3992 646 4051 Silent.
665 3992 791 4049 celebrat
811 3990 938 4065 σπόγγον
954 3991 1020 4057 arte
1035 3991 1178 4063 βλάστημα
1190 3994 1280 4063 χυτῆς
1298 3995 1376 4048 λετ-

236 4070 316 4147 γττόνο
335 4076 485 4149 θαλάσσης,
504 4078 577 4135 sicut
594 4087 696 4151 poetae
714 4078 794 4133 latini
806 4081 908 4135 herbae
920 4089 1067 4153 pratenaea
1077 4085 1169 4153 prata
1180 4084 1297 4133 vocant.
1326 4078 1376 4133 In

237 4162 363 4237 Alciphr.
385 4162 406 4219 l.
426 4164 479 4236 Ep.
500 4164 538 4218 ΙΙ.
557 4162 698 4235 σπόγγους
713 4168 761 4218 καὶ
780 4163 812 4218 τά
830 4167 860 4221 ἐκ
878 4169 922 4235 τῆς
938 4161 1081 4234 θαλάσσης
1098 4165 1158 4236 ἔρια
1176 4157 1317 4235 dudem
1333 4166 1378 4221 ἐν

237 4245 400 4328 Εὐρυνόμης
412 4255 450 4315 εἰς
460 4252 567 4327 liparen
579 4250 760 4309 scribendum
771 4249 881 4310 videtur
893 4253 924 4308 ln
935 4244 1100 4327 Εὐρυνόμης
1110 4250 1234 4320 λειμῶνι.
