2825 4809
273 350 339 416 nn
362 324 653 419 mansuum.
696 348 736 416 c.
759 350 806 424 11.-
840 353 866 438 ι.
888 351 919 418 ι.
1082 355 1155 428 515

69 558 124 612 tera
150 540 192 607 ab
218 559 282 602 una
314 536 452 622 incipiat
481 558 644 614 consona,
677 536 779 603 altera
810 559 832 600 a
862 534 989 602 duabus
1022 536 1161 624 syllepsi,

68 642 220 728 soligeris,
248 634 397 725 ἀριθμός
419 648 452 702 et
478 629 660 724 ἀγλαορας,
693 659 833 723 quorum
857 636 939 702 illud
963 637 1100 724 primam
1125 649 1158 704 et

67 745 171 813 tertiam
178 788 187 820 ‚
218 740 283 805 hoc
311 739 490 808 secundam
520 748 554 804 et
581 739 710 807 tertiam
739 748 937 815 commutat3
968 738 1158 829 Σιμωνίδης

64 849 111 916 etr
125 839 263 932 ἀριθμόν
283 835 434 927 ἀμιθρόν
454 833 530 908 εἷπε
550 836 632 907 καθ’
656 835 855 926 ὑπέρθεσιν·
879 839 917 911 ἀνι
938 838 976 906 δὲ
996 843 1056 910 τοῦ
1078 834 1157 925 ἀμι-
1279 839 1284 847 ’

67 947 135 1030 λρός
154 940 341 1030 ἀμιθρῆσαι
361 942 442 1008 ΕΜ.
465 941 517 1019 83,
538 943 592 1015 42,
621 942 712 1026 qued
734 940 1004 1009 Schneidewinus
1026 965 1060 1028 p.
1085 943 1156 1010 125.

64 1051 124 1115 ideo
153 1047 271 1111 laetum
303 1054 399 1131 putat
430 1053 471 1109 ut
504 1042 630 1129 syllaba
665 1043 775 1110 media
792 1043 1059 1130 produceretur,
1097 1042 1159 1110 etei

63 1145 191 1236 ἀριθμός
211 1145 460 1234 apudLyricos
480 1145 613 1233 saepius
635 1145 832 1232 productum
852 1145 921 1213 iota
940 1143 1038 1210 habet
1060 1165 1161 1230 quam

60 1260 236 1336 correptum.
262 1242 449 1333 Ἄγλαυρος
465 1257 499 1312 et
515 1238 679 1332 ἀγραυλος
697 1269 797 1332 quum
813 1246 892 1312 alibi
909 1247 944 1311 in
963 1246 1060 1312 codd.
1078 1269 1158 1312 eou-

62 1353 120 1416 lusa
142 1362 214 1414 sunt
239 1359 310 1414 tum
336 1347 373 1414 in
398 1348 472 1413 Nic.
495 1347 559 1415 Th.
580 1347 633 1413 62.
656 1371 720 1416 nec
745 1347 1031 1435 praetermiserunt
1057 1348 1159 1415 inter-

61 1464 169 1541 pretes:
190 1445 357 1537 ἀγλαυροι
378 1447 531 1534 ποταμοί
557 1446 590 1516 oi
611 1451 763 1534 λαμπροί
783 1449 870 1516 κατὰ
891 1446 1074 1532 μετάθεσιν
1095 1454 1163 1516 τῶν

59 1549 213 1634 στοιχείων
235 1542 310 1620 οἷον
333 1545 497 1636 ἀγραυλοι
519 1547 553 1618 oi
580 1548 678 1618 καλοί
704 1548 725 1637 ἢ
751 1549 809 1618 καί
835 1546 868 1616 οὶ
898 1543 1029 1636 ἀγλαὰς
1055 1541 1163 1634 αάρας

56 1651 166 1737 ἔχοντες
189 1647 212 1739 ἢ
240 1649 276 1719 οὶ
302 1651 532 1732 ὀιολελυμίνοι
553 1650 611 1717 καί
633 1648 801 1738 σρυφεροί.
845 1652 974 1716 Herum
997 1650 1159 1739 interpre-

57 1755 196 1821 tationum
229 1754 323 1818 nulla
356 1763 407 1820 est
441 1775 527 1838 quae
562 1775 630 1818 non
662 1752 706 1817 ad
742 1752 935 1840 scripturam
970 1752 1161 1834 tralaticium

55 1851 204 1943 ἀγλαυρος
224 1856 399 1931 referatur,
427 1854 495 1918 sive
516 1854 552 1918 id
574 1855 715 1941 simplex
736 1877 808 1920 esse
832 1863 966 1941 putatur
991 1854 1059 1919 sive
1086 1877 1161 1920 cum

56 1953 129 2041 οάρα
150 1957 373 2044 compositum
394 1954 441 2020 sic
464 1966 501 2020 ut
522 1957 574 2020 vel
599 1955 728 2043 limpidi
752 1955 842 2020 fluvii
864 1955 1088 2041 significentur
1108 1957 1161 2024 vel

53 2059 141 2147 aprici
156 2058 334 2143 ventisque
353 2057 505 2144 expositi.
548 2059 594 2123 Et
609 2057 666 2142 qui
683 2058 725 2122 de
740 2057 911 2124 metathesi
928 2058 1057 2143 loquuti
1074 2071 1161 2140 sunt,

54 2157 206 2248 ἀγραυλος
228 2161 365 2247 quidem
385 2159 542 2246 scriptum
564 2160 756 2226 invenerunt
777 2160 836 2226 sed
857 2160 892 2224 id
914 2182 974 2247 pro
996 2152 1163 2246 ἀγλαυρος

50 2264 180 2350 positum
209 2286 287 2328 esse
315 2271 509 2326 sumsenmt
553 2261 775 2329 Schneiderus
804 2283 882 2328 vero
904 2262 980 2347 jure
1009 2262 1163 2348 praetulit

51 2360 223 2451 ἀγλαυρος,
259 2364 352 2449 quod
377 2363 467 2427 idem
494 2373 594 2450 poeta
620 2387 650 2430 v.
672 2364 747 2430 441.
777 2386 838 2452 pro
867 2362 1007 2450 simplici
1035 2357 1163 2448 ἀγλαός

47 2466 275 2554 usurpavitcf.
289 2465 392 2531 Proll.
405 2465 480 2530 259.
523 2465 643 2549 Aeque
661 2466 787 2530 fluxum
801 2475 852 2530 est
869 2464 1023 2530 heminae
1041 2485 1162 2528 nomen

48 2591 72 2633 ν.
90 2569 177 2634 Keil.
209 2569 338 2635 Onam
358 2567 412 2632 42.
443 2565 532 2631 unde
562 2566 693 2630 demum
721 2566 855 2632 atticum
876 2559 1061 2651 Ἀγραυλόν
1093 2566 1163 2634 sive

40 2665 191 2758 Ἀγρυλήν
209 2669 458 2735 denominatum
476 2667 598 2732 dieunt
637 2667 740 2748 Quod
756 2667 876 2734 Suidas
897 2665 1028 2752 scripsit
1043 2660 1161 2750 Ἀβρι·

44 2773 189 2858 λέστερον
213 2767 457 2858 ἀληθέστερον,
482 2791 524 2834 ex
545 2790 654 2833 errore
675 2779 787 2834 netum
810 2769 952 2833 habetur.
974 2790 1034 2855 pro
1062 2765 1161 2853 ἀκρι-

42 2873 202 2959 βέστερον.
252 2873 355 2938 Nulla
373 2894 451 2936 vero
472 2869 617 2957 suspicio
640 2870 801 2957 contingit
820 2869 921 2936 verba
938 2867 1111 2959 ψαθάλλω
1130 2879 1164 2934 et

43 2971 216 3057 βαλάντια,
257 2996 400 3059 quorum
426 2983 600 3056 utrumque
629 2995 649 3036 a
677 2969 761 3057 ψόιο
791 2973 970 3038 derivatum
999 2981 1064 3048 est,
1098 2970 1164 3038 huc

41 3085 216 3160 praeeunte
235 3075 340 3140 verbo
358 3071 491 3163 ψάλλω,
512 3073 594 3138 illud
612 3066 706 3158 quasi
729 3097 749 3138 a
767 3073 883 3164 ψήθιο,
906 3075 998 3157 cujus
1018 3072 1164 3159 speciem

38 3177 127 3243 refert
153 3199 288 3242 nomen
317 3171 484 3260 ψαθυρός
511 3175 580 3240 sive
607 3171 779 3264 ψαθυρός.
824 3178 948 3244 Verum
969 3198 1035 3241 non
1058 3175 1164 3240 solum

38 3280 212 3344 continuae
238 3275 387 3364 syllabae
408 3298 570 3343 consonas
590 3277 728 3342 interae
746 3277 974 3342 transfundunt
990 3276 1049 3341 sed
1066 3276 1164 3342 etiem

37 3377 238 3466 disjunctae:
269 3377 368 3465 παρὰ
395 3376 434 3444 τὸ
462 3372 642 3462 ἀμαλόόνιο
666 3371 861 3460 ἀμοίλάανον
892 3377 930 3446 τὸ
956 3373 1084 3467 ἀφανές
1105 3375 1166 3444 καί

37 3474 235 3562 ἀμάνδαλον
265 3475 353 3568 παρ’
376 3474 523 3568 Ἀλκαίῳ
557 3480 637 3545 ΕΜ.
665 3479 721 3556 76,
750 3478 802 3545 51.
831 3481 919 3545 unde
953 3489 1002 3545 est
1029 3478 1165 3546 verbum

30 3573 243 3666 Ἀμανδαλοῑ
272 3575 427 3670 ἀφανίζει
437 3581 522 3645 Hes.
549 3581 582 3646 Ν
583 3602 628 3645 on
644 3580 691 3644 ita
704 3579 834 3646 facilem
849 3581 1048 3670 explicatum
1065 3579 1166 3647 habet

33 3683 182 3750 alterum:
208 3677 373 3768 βόλιμος·
392 3680 680 3770 τὴν-παραγωγὴν
700 3674 874 3752 ἀπέδωκε·
902 3683 958 3749 καί
979 3681 1018 3750 τὸ
1043 3705 1166 3771 σημαι-

32 3782 165 3867 νόμενον
182 3783 304 3861 olicus
321 3771 420 3871 εὗρον
437 3779 487 3861 εἰς
501 3783 540 3848 τό
557 3782 734 3872 ῥητορικόν
756 3781 894 3864 λεξικόν.
910 3775 1006 3849 ’Ἐστι
1022 3778 1167 3867 μόλιβος

33 3886 83 3951 καί
100 3884 193 3953 κατὰ
210 3880 403 3972 ἐναλλαγὴν
417 3881 561 3968 βόλιμος
573 3880 670 3969 παρὰ
684 3880 927 3970 Συρακουσίοις
936 3883 1016 3948 ΕΜ.
1027 3883 1101 3960 204,
1111 3883 1165 3950 39.

31 3987 92 4054 Ηίε
121 4007 334 4076 paragogae
362 3984 487 4050 mentio
517 3983 639 4049 clarum
665 3982 745 4049 facit
768 3983 1023 4052 Grammaticum
1046 4006 1167 4050 nomen

28 4088 171 4170 βόλιμος
195 4110 269 4176 pro
293 4085 438 4152 derivato
454 4084 619 4152 habuisse.
664 4085 907 4168 Quaerentibus
926 4109 1003 4152 vero
1026 4087 1114 4150 unde
1131 4086 1168 4152 id

28 4189 218 4256 derivatum
254 4187 447 4265 crediderit,
479 4187 561 4252 nihil
593 4187 690 4252 citius
722 4188 757 4252 in
785 4199 926 4254 mentem
954 4187 1042 4254 venit
1068 4210 1179 4278 quum¹

28 4288 147 4375 βόλος,
172 4291 283 4377 cujus
302 4289 452 4377 proxima
473 4311 625 4377 propago
648 4299 699 4355 est
720 4288 825 4374 βολίς.
869 4292 946 4356 Ηοα
975 4301 1084 4356 autem
1104 4312 1169 4370 no·

891 4392 956 4459 33*
