2825 4809
241 350 291 435 68
604 340 924 411 DISSERTA'I'IO
957 342 986 407 Ι.

239 527 367 610 Nauck.
389 524 561 613 Aristoph.
585 525 657 591 159.
699 527 755 595 De
774 527 883 607 'altero
911 525 989 593 huic
1011 522 1185 611 subjuncto
1207 522 1363 591 dissentit

239 628 429 716 Hesychius
446 624 634 707 Ἠπεόονός
663 620 736 697 οἷον
764 626 932 709 ἂπέδιινος
949 628 1026 715 (sio)
1056 623 1167 707 ἔπους
1190 639 1223 695 et
1244 628 1362 697 Schol.

239 734 280 804 Il.
302 732 400 801 VIII.
420 730 491 797 104.
515 729 572 815 qui
592 730 779 799 Vulcanum
799 730 847 795 sio
867 731 979 797 vocari
1007 730 1053 795 ait
1076 729 1118 795 ob
1137 730 1364 795 infirmitatem

240 835 364 923 pedum
386 824 458 901 οἷον
481 825 657 899 ἂπεδανόν.
694 832 762 897 Hic
782 832 883 918 igitur
905 833 1004 898 sumit
1023 843 1077 899 eta
1099 856 1167 898 non
1190 857 1232 899 ex
1253 833 1364 899 abun-

241 936 332 1012 danti
366 934 514 999 additum
548 934 608 999 sed
640 955 681 999 ex
711 933 811 1021 alpha
840 934 999 1021 privativo
1028 945 1135 1001 ortum
1165 958 1238 1001 esse
1267 935 1366 1021 quod

239 1037 404 1108 interdum
426 1035 491 1101 huc
513 1044 655 1101 mutatur
677 1029 833 1124 ἤκιστος,
854 1029 1005 1126 ἤπειρος,
1029 1030 1180 1125 ἤμοιρος,
1202 1034 1366 1125 πονὴττο-

240 1166 311 1230 ρος,
333 1134 446 1228 ἠείζω.
489 1138 614 1206 Verum
635 1147 744 1203 tamen
768 1132 937 1215 driedonis
957 1161 1025 1205 non
1048 1138 1184 1224 legitur,
1217 1139 1367 1223 quodsi

241 1263 317 1309 cum
339 1235 486 1317 πεόανός
507 1240 727 1326 compositum
746 1249 842 1317 esset,
865 1250 1034 1308 accentum
1051 1240 1085 1305 in
1102 1240 1367 1328 antepenultima

241 1342 377 1413 haberat
404 1352 441 1407 ut
470 1340 618 1419 πιθανός
655 1336 834 1419 ἀπίθανος.
885 1340 1004 1425 Itaque
1039 1336 1207 1429 ἠπεδονός
1238 1365 1368 1407 nomen

242 1446 382 1532 simplex
403 1464 476 1509 esse
499 1442 627 1509 videtur
650 1467 670 1507 a
689 1465 770 1508 voce
795 1441 979 1519 thematica‚
1000 1462 1085 1527 quae
1109 1466 1150 1509 ex
1172 1437 1275 1531 ἤντιος
1303 1467 1368 1509 co-

242 1546 420 1636 gnoscitur,
444 1566 518 1611 cum
535 1567 702 1632 paragoge
722 1543 883 1630 bisyllaba
903 1552 940 1607 ut
959 1542 1173 1629 βροκεδανός,
1195 1548 1370 1613 πευκεδα-

241 1646 355 1734 νόςῦ).
398 1646 546 1714 Tertium
575 1642 730 1734 εὖηγενὴς
748 1636 901 1733 'pertinet
929 1644 972 1709 ad
1001 1646 1187 1732 pareotasin
1218 1655 1255 1711 ut
1286 1642 1373 1731 εὐη-

242 1747 364 1837 nette,
398 1748 451 1815 oui
481 1748 580 1813 alium
609 1748 718 1813 locum
747 1746 917 1815 destinavi.
968 1748 1023 1815 De
1050 1742 1171 1836 ἠβαιός
1198 1748 1374 1815 consentit

243 1851 381 1938 Trypho
403 1874 457 1938 ap.
479 1851 593 1937 Apoll.
616 1850 658 1915 de
679 1849 767 1917 Adv.
788 1850 862 1918 524.
885 1858 919 1915 et
939 1849 1088 1937 plerique
1110 1849 1181 1928 alii,
1209 1851 1272 1916 etsi
1293 1874 1374 1915 non

242 1955 395 2041 ignorant
415 1952 450 2015 id
474 1950 674 2017 homericum
701 1974 788 2029 esse,
817 1953 954 2017 alterum
981 1948 1080 2033 βατός
1107 1956 1173 2017 τῶν
1193 1953 1376 2036 νεωτέρων

243 2055 355 2128 Sohol
386 2054 455 2123 Od.
486 2054 550 2119 ΙΙΙ.
581 2054 630 2119 14.
661 2054 701 2119 Il.
729 2054 776 2118 Π.
798 2054 871 2119 380.
904 2053 950 2118 sio
972 2060 1009 2116 ut
1032 2051 1174 2118 dubitari
1194 2053 1305 2140 possit
1327 2077 1376 2119 an

242 2158 325 2237 illud
345 2156 500 2233 nativum,
524 2154 588 2220 hoo
613 2154 768 2221 affectum
787 2156 846 2231 sit3
876 2178 952 2221 nam
983 2155 1024 2219 de
1056 2154 1182 2240 origine
1210 2154 1378 2221 vocabuli

243 2276 379 2347 prorsus
401 2280 468 2323 non
491 2264 627 2321 oonsmt.
673 2255 758 2322 Cum
779 2256 842 2322 hoc
861 2256 1054 2323 Eustatlsius
1077 2258 1151 2336 659,
1160 2259 1214 2323 47.
1236 2259 1380 2325 confert

244 2384 350 2447 aeque
371 2358 545 2425 obscurum
567 2352 681 2445 ἠλιῖγη,
705 2359 747 2423 de
769 2381 835 2443 quo
858 2358 969 2427 Schol.
991 2359 1136 2426 Acharn.
1157 2360 1230 2433 692.
1253 2360 1380 2444 (684.)

242 2458 348 2554 pilipp
379 2457 571 2548 βαρύνεται,
605 2460 700 2546 παρὰ
734 2459 793 2547 τὴν
824 2456 924 2546 λύγην
949 2456 1031 2546 γάρ·
1060 2459 1237 2542 πλεονάζει
1268 2462 1310 2529 τὸ
1328 2452 1380 2551 ἶ]

242 2564 321 2630 Hoc
349 2558 429 2647 λύγη
457 2561 548 2647 apud
575 2583 676 2625 unum
694 2560 888 2648 Appianum
912 2562 1032 2655 legitur
1058 2564 1236 2629 diluculum
1257 2565 1381 2652 signi-

242 2664 346 2745 ficans
370 2685 402 2729 v.
430 2662 532 2729 Proll.
561 2662 634 2729 306.
667 2662 728 2728 sed
756 2663 933 2729 sustinetur
961 2665 1171 2731 similitudine
1197 2666 1382 2749 affinium3

242 2788 319 2834 nam
341 2773 373 2833 ct
391 2765 570 2849 tvyatogt)
594 2762 670 2829 hinc
691 2765 864 2831 arcessitur
885 2766 1031 2850 quamvis
1054 2767 1220 2854 disparata
1241 2792 1383 2856 proso-

245 2866 315 2945 dia,
351 2874 385 2933 et
415 2863 568 2949 syntheta
602 2886 687 2949 quae
715 2866 800 2931 inter
828 2890 957 2953 gamma
983 2878 1017 2933 et
1042 2868 1157 2955 kappa
1184 2872 1384 2941 fluctuant:

245 2966 328 3053 lilyq
356 2961 376 3053 ἡ
407 2963 540 3042 σκοτία,
569 2962 653 3031 ὅθεν
677 2966 832 3055 λυγόφως
850 2968 907 3036 καὶ
929 2967 1085 3057 λυκόφως
1109 2970 1166 3054 nol
1178 2967 1386 3065 ἀμφιλύκη

244 3066 303 3149 νύξ
320 3066 432 3137 Schol.
455 3066 569 3155 Apoll.
591 3067 636 3133 11.
659 3067 733 3133 671.
752 3073 855 3152 prisci
877 3069 1073 3137 Graecorum
1090 3068 1230 3154 primatis
1253 3076 1386 3153 lucem,

245 3190 325 3253 quac
353 3170 511 3252 praecedit
542 3171 618 3236 solis
645 3182 790 3258 coortus,
820 3166 922 3256 λύκην
950 3174 1188 3254 appellaverunt
1209 3169 1284 3242 ἀπὸ
1311 3184 1388 3246 τοῦ

245 3272 364 3339 λευκοῦ
379 3266 531 3335 Macrob.
549 3272 696 3352 lycophos
715 3269 832 3337 λευκᾶν
848 3275 923 3357 φῶς
936 3272 1027 3337 Fest.
1041 3272 1195 3359 idemque
1210 3274 1392 3364 οντόφως

245 3418 580 3443 ’.ι-ι--υο-ς--ι-ιι--η

315 3500 344 3568 5)
362 3498 397 3555 V.
416 3503 454 3555 ad
470 3500 516 3573 Aj.
538 3519 566 3572 p.
582 3504 642 3556 463.
672 3501 706 3555 Ιιι
726 3502 792 3557 ΕΜ.
807 3504 874 3570 434,
887 3507 931 3561 26.
950 3501 1031 3576 η”τιιος
1048 3511 1178 3581 σημαίνει
1194 3514 1305 3579 κυρίως
1330 3514 1394 3570 τὸν

245 3584 382 3656 λογισμὸν
399 3584 475 3660 παρὰ
493 3584 522 3642 τὸ
540 3588 620 3657 ἔπος,
640 3586 784 3661 inquibus
803 3588 915 3644 laborat
927 3591 1068 3655 Sturzius3
1088 3592 1175 3649 verba
1190 3602 1258 3649 sunt
1276 3604 1394 3657 trans-

245 3672 378 3743 ponenda
396 3666 568 3766 incorrrupti
587 3670 616 3729 τὸ
635 3674 701 3735 ἔπος
718 3669 734 3729 i
753 3690 817 3747 σημ.
834 3703 869 3715 -—

315 3776 342 3841 6)
362 3772 455 3833 Ηοο
446 3784 487 3831 tta
505 3777 638 3849 frequens
664 3785 708 3832 est
731 3784 763 3833 ut
785 3780 861 3849 apud
882 3776 988 3836 Suidan
1009 3776 1113 3852 ’112qu
1132 3780 1216 3836 xol'
1199 3782 1253 3838 ον’
1280 3788 1395 3846 αὐτοῦ

245 3852 347 3929 ἦλιιγαί
345 3881 363 3913 α
375 3860 555 3917 scribendum
572 3861 732 3919 videatur
718 3886 735 3933 η
751 3868 861 3934 λυγαία.
893 3865 1065 3937 InThaogn.
1081 3866 1148 3922 Can.
1162 3870 1206 3933 22,
1218 3872 1246 3923 4.
1260 3874 1395 3947 λυγαίη

246 3941 379 4015 σκοτεινὴ,
397 3948 566 4018 λογίσασθαι
582 3952 724 4021 κρυβῆναι,
742 3948 823 4005 hoc
815 3970 874 4005 ιιιι
863 3947 1049 4023 ἦλυγίσασθοιι
1038 3955 1244 4019 t;mntandum
1267 3954 1400 4031 ἠλυγι

246 4035 347 4103 σμένος
357 4034 619 4106 κεκρυμμένοςΗοο
632 4033 687 4090 Pro
700 4031 849 4107 τανηλεγης
858 4037 913 4091 06
922 4036 972 4091 ΧΙ.
982 4038 1041 4092 398.
1052 4045 1180 4093 veterum
1190 4037 1398 4105 criticorum

245 4131 317 4172 unus
336 4117 483 4191 proposuit
501 4113 652 4189 τανηλινγὴς
669 4120 700 4173 id
719 4129 762 4175 est
779 4125 929 4193 τεταμένην
946 4118 994 4191 τὴν
1011 4116 1098 4195 λὺγην
1115 4126 1194 4197 ἔχων.
1230 4127 1298 4183 Sed
1322 4134 1403 4190 hoc

244 4199 322 4274 λῦγη,
340 4207 417 4276 quod
434 4205 629 4263 Blomfieldius
646 4208 683 4263 ad
694 4206 821 4277 Thucyd
841 4207 891 4263 VI.
912 4210 954 4263 36.
981 4208 1108 4265 Lucieno
1124 4212 1249 4266 reddere
1263 4221 1398 4288 tentat,

247 4286 367 4359 antiquis
380 4288 515 4363 ignotum.
1332 4338 1338 4342 -
