2825 4809
211 341 288 420 ⁴8⁴AE
475 343 479 355 '
531 347 535 354 “
561 329 881 406 massmanno
909 329 974 400 m,

219 523 315 612 παρὰ
334 523 372 591 τὰ
397 520 481 602 ἔπος
502 522 613 590 Schol.
638 523 706 589 Od.
728 522 830 588 XIII.
852 523 926 590 352.
956 521 1016 588 sed
1043 541 1105 608 par
1129 518 1166 585 in
1199 527 1335 604 utroque

220 627 411 705 difficultas,
451 625 518 690 sive
559 625 704 711 speciem
744 625 988 692 consideramus
1026 622 1093 688 sive
1130 631 1337 709 potestatem.

218 730 305 795 Nam
332 727 419 814 ἔπης
448 727 637 791 inusitatum
662 736 713 791 est
738 749 846 812 neque
867 725 957 790 aliud
978 723 1167 808 hujusmodi
1188 723 1338 791 substan-

219 831 321 896 tivum
340 852 360 893 a
379 829 544 915 praesenti
564 827 654 894 verbi
675 827 827 912 barytoni
849 826 1066 914 proficiscitur
1086 848 1116 891 v.
1132 823 1339 890 Paruulus.

218 933 264 997 Et
286 931 343 1016 qui
365 927 490 1016 ἕπήιης
512 930 555 994 ad
583 927 666 1006 ἔπος
692 930 870 994 retulerunt
894 951 1009 994 vereor
1035 938 1073 992 ut
1101 925 1340 992 substantium
1389 933 1390 994 l

220 1033 255 1096 in
270 1020 355 1122 ἧῖηξ
375 1031 500 1096 nullum
521 1030 704 1096 invenerint
728 1054 749 1094 a
770 1030 867 1096 simili
888 1030 1020 1096 nomine
1042 1028 1245 1103 derivatum3
1269 1049 1341 1092 nam

220 1157 282 1222 pre
304 1130 444 1221 ἑρκήτης
458 1133 529 1215 jam
548 1129 673 1196 (ludum
692 1132 875 1218 repositum
897 1142 947 1197 est
961 1128 1091 1218 ἓοκιίης
1108 1139 1145 1194 ut
1163 1126 1339 1212 καοφίιης,

220 1234 407 1320 τευαγίτης,
439 1229 623 1321 cesseritve,
656 1233 830 1320 φιγγίτης,
872 1231 1019 1320 ζευγίτης
1047 1241 1109 1298 etc.
1161 1229 1342 1315 Discrepat

220 1357 297 1401 vero
320 1333 417 1419 etiam
439 1332 653 1418 significatio,
676 1333 839 1418 siquidem
860 1330 984 1421 ἐπητής
1011 1331 1170 1430 accipitur
1195 1353 1260 1418 pro
1285 1329 1340 1396 Iri-
1390 1356 1391 1420 ι

221 1461 309 1521 ysne,
340 1434 423 1512 ξἰιος
445 1457 523 1498 vero
543 1457 711 1519 nunquam
739 1435 785 1502 sic
808 1444 846 1498 ut
867 1434 965 1518 λόγος
991 1434 1180 1498 transfertur
1205 1433 1251 1496 ad
1274 1431 1341 1496 ani-
1390 1421 1391 1484 l

220 1560 319 1604 mum.
369 1537 441 1600 Has
468 1534 580 1600 turbas
609 1549 710 1620 auget
736 1535 931 1620 adjectivum
960 1535 1000 1598 ab
1029 1533 1213 1620 Apollonio
1248 1556 1342 1598 usur-

221 1649 336 1726 patum
358 1636 502 1722 ἐπητής,
528 1637 619 1720 quod
644 1661 707 1704 nec
733 1638 877 1725 speciem
904 1636 1054 1720 adjectivi
1080 1634 1179 1700 habet
1206 1657 1271 1700 nec
1303 1635 1342 1699 si-

221 1740 412 1826 gnificatum
438 1737 604 1804 homerico
630 1736 757 1826 εἰτηιής
783 1737 936 1813 similem3
966 1737 1086 1806 etenim
1113 1738 1170 1802 illo
1199 1737 1278 1802 loco
1308 1732 1343 1804 oi

222 1842 285 1926 γὰο
302 1835 518 1920 Ἀμαζονίδες
538 1835 616 1923 μάλ’
644 1836 783 1923 impetes
805 1835 872 1906 ιῖοί
892 1861 958 1912 nen
982 1835 1092 1924 λόγιοι
1115 1838 1183 1902 sive
1210 1838 1343 1904 συνετοί
1391 1878 1392 1912 ι

221 1940 358 2025 intelligi
388 1950 528 2025 pessunt
553 1941 612 2006 sed
637 1931 755 2027 ἤπιοι,
786 1941 951 2024 quomodo
981 1937 1105 2026 ἐπηιύς
1134 1961 1274 2024 quoque
1297 1938 1343 2002 di·
1391 1917 1392 2002 l

222 2045 306 2114 citur
333 2065 401 2106 non
428 2041 602 2126 prudentia
629 2041 689 2106 sed
718 2041 906 2123 comitasl).
948 2044 1025 2108 Hoc
1053 2035 1155 2127 ἤπιος
1176 2052 1294 2106 autem
1314 2041 1344 2104 in
1391 2057 1392 2072 ³

220 2146 302 2212 EM.
324 2143 457 2228 quidem
479 2143 522 2207 ad
539 2142 627 2208 idem
648 2142 731 2206 illud
753 2139 825 2208 lirul
844 2143 881 2208 τὸ
899 2145 983 2228 λέγω
999 2142 1136 2208 refertur
1152 2143 1214 2208 sed
1231 2142 1343 2206 harum
1389 2159 1392 2166 ⁴

222 2268 357 2334 quaque
385 2244 556 2312 notionum
582 2244 723 2309 difficilis
751 2244 953 2320 conciliati0;
982 2267 1057 2309 nam
1082 2245 1173 2329 quod
1202 2241 1344 2331 εὐπρος-

222 2346 343 2436 ἡγορος
363 2356 397 2410 et
415 2345 553 2411 affabilis
579 2343 614 2410 in
634 2345 722 2412 hune
750 2345 950 2412 intellectum
978 2347 1141 2423 feruntur,
1168 2346 1344 2433 praeposi-

223 2449 313 2516 tione
336 2447 484 2515 efficitur.
502 2485 544 2496 -
565 2449 736 2534 Sponsore
759 2458 857 2534 egent
877 2447 1037 2532 Hesychii
1064 2447 1200 2533 glossae
1224 2443 1344 2513 Ἀιια-

222 2547 328 2638 βογάς
352 2540 444 2626 εἶδος
473 2543 588 2634 ὀρνέου
615 2549 673 2616 καὶ
703 2544 866 2627 caturcis,
895 2545 1136 2636 Σαυδαλαυάχη
1165 2543 1345 2630 χρώματος
1392 2583 1393 2632 l

224 2644 316 2728 εἶδος
346 2671 407 2736 pro
440 2645 648 2738 σουδαράχη,
687 2649 752 2714 nisi
785 2648 848 2714 hoc
880 2649 989 2735 ipsum
1020 2649 1254 2736 reponendum
1288 2657 1344 2724 est,

223 2749 382 2838 Σιογοὶοαι
403 2753 512 2818 σῶσαι
534 2760 568 2814 et
588 2751 679 2836 quod
701 2749 942 2817 aComicorum
960 2750 1070 2834 aliquo
1087 2751 1202 2817 fictum
1218 2751 1346 2814 videtur

216 2845 476 2933 Ἀσπακόζομαι
504 2845 701 2932 ἀσπάζομαι
732 2852 938 2931 πέπαικται,
971 2853 1065 2938 quasi
1092 2875 1112 2916 a
1141 2852 1346 2918 nominatiVO

224 2949 349 3033 ὅοποιξ.
392 2950 593 3037 Epenthesis
614 2951 794 3037 bisyllabae
816 2954 960 3041 speciem
985 2953 1120 3041 praebet
1147 2955 1256 3020 παῖδε
1276 2957 1345 3018 Βο-

224 3052 363 3139 οιιόυειυ
389 3053 546 3140 Ορρὶοιι.
575 3053 659 3139 Cyn.
685 3054 733 3118 ΙΙ.
762 3054 835 3120 623.
857 3079 918 3142 pro
946 3054 1075 3142 Βορέου
1103 3054 1253 3141 positum
1274 3065 1346 3118 tan-

224 3180 331 3241 quam
344 3179 365 3220 a
384 3167 474 3221 recto
496 3151 677 3243 Βοριιόνης
698 3155 789 3240 quod
816 3179 835 3220 a
857 3155 1006 3240 Βορειίον
1033 3157 1216 3243 propagari
1237 3156 1347 3242 potuit

224 3270 261 3330 ut
282 3279 303 3322 a
325 3262 355 3320 Γ
354 3256 463 3342 perias
482 3264 500 3320 1
504 3256 659 3344 ῂοοόυης.
696 3256 780 3322 Cum
805 3257 953 3340 Βορειίον
974 3268 1082 3322 eutem
1100 3259 1255 3324 convenit
1275 3258 1346 3342 pri-

223 3357 369 3424 mitivum
399 3359 490 3439 quod
518 3356 629 3424 Schcl.
658 3358 698 3421 Il.
726 3359 772 3422 Il.
795 3357 868 3422 566.
899 3357 1057 3443 proponit
1076 3362 1136 3424 sair
1161 3357 1346 3424 Ταλαϊονί-

224 3463 285 3548 δης
312 3453 332 3544 ἡ
363 3457 472 3534 κλίσις
502 3451 570 3526 ἀπὸ
597 3463 658 3524 τοῦ
686 3459 842 3524 Tetellus
867 3468 904 3522 ut
929 3459 1166 3540 Sperchionides
1197 3458 1345 3541 Ovid.⁸)

224 3572 257 3627 et
283 3558 346 3625 alia
369 3559 536 3641 ‚quaedam
563 3559 666 3624 Proll.
697 3558 758 3623 146
789 3581 837 3643 sq.
889 3559 925 3626 si
954 3581 1029 3624 vero
1059 3569 1183 3625 mutato
1206 3571 1347 3625 accentu

224 3660 395 3728 scribimus
416 3659 619 3743 Βορειονέιο,
642 3659 670 3726 is
695 3659 799 3724 dualis
824 3671 873 3724 est
894 3660 1044 3744 adjectivi
1062 3658 1260 3744 Βορειόνεος
1280 3683 1347 3747 pro

223 3761 367 3849 Βόρειος
400 3761 517 3847 positi,
550 3762 717 3846 quomodo
757 3760 844 3826 idem
882 3761 1059 3847 Oppianus
1091 3784 1152 3846 pro
1185 3761 1347 3826 inusitato

222 3859 356 3946 ὀφίιιος
372 3862 487 3930 ascivit
501 3856 668 3949 ὀφιόυεος.
698 3858 817 3950 §cifris
837 3859 987 3950 σαφηυής
1005 3873 1038 3928 et
1052 3861 1115 3928 alia
1130 3863 1207 3928 talia
1218 3864 1347 3946 justius

222 3968 269 4032 ad
285 3963 628 4031 metascltematismoa·
638 3961 902 4029 terminationum
922 3964 1112 4028 referuntur.

293 4139 322 4203 7)
340 4133 519 4203 Adjectivum
533 4132 603 4186 illud
616 4139 775 4186 removetur
792 4131 816 4186 si
832 4128 954 4199 lnirelsc
968 4129 1113 4188 scribimus
1126 4151 1144 4186 a
1155 4143 1230 4188 recto
1243 4134 1280 4187 ln
1287 4137 1349 4202 ἤιις

224 4223 302 4289 quod
320 4218 437 4273 indicari
455 4219 568 4278 videtur
587 4215 724 4288 scriptura
743 4219 860 4272 duorum
878 4219 961 4272 codd.
981 4217 1093 4287 ἓπήιιες.

292 4304 322 4370 8)
339 4304 387 4358 Sia
404 4311 434 4355 et
451 4305 487 4358 ab
500 4297 627 4376 Ἀλφειός
639 4305 747 4359 Dianas
766 4303 911 4375 epitheton
921 4303 1080 4376 Ἀλφιιονία
1093 4308 1159 4376 (scr.
1169 4305 1350 4378 Ἀλυεωνία)

226 4389 338 4448 ductum
355 4389 476 4446 videtur.
