2825 4809
405 121 419 152 Ι

124 322 186 410 pu
203 315 475 397 rrerrrmsr
490 323 554 394 ur
571 321 849 416 scelerum.
873 325 911 397 c.
923 327 969 395 11.
988 329 1052 416 se.
1085 329 1158 408 571

56 515 200 582 merirum
219 513 301 581 illud
322 513 570 599 λτγνττνελοντας
591 516 626 582 in
648 516 730 582 duas
753 525 864 604 partes
883 515 993 580 divisit
1010 513 1090 581 alias
1108 515 1173 610 ins

56 628 215 694 constans3
234 639 309 681 nam
328 616 364 682 in
385 617 424 683 Il.
446 619 473 684 1.
498 615 571 684 364.
596 618 727 706 scripsit
754 619 813 705 τὴν
845 618 883 684 δὲ
909 615 1161 701 βαρυστενάχων

55 719 210 808 τροςέφη,
242 719 361 786 rectius
388 742 465 785 vero
493 719 628 786 XVIII.
657 719 708 786 78.
739 719 797 808 τὴν
827 719 864 786 δέ
888 717 972 804 βαρὺ
997 717 1160 800 στενάχων

54 820 216 908 σηοςέηη,
246 821 337 907 quod
365 821 444 888 alibi
471 821 588 886 dicitur
615 821 722 907 βαρέα
753 816 925 900 στενάχων.
974 818 1104 885 Etenim
1132 821 1160 886 si

54 923 231 990 discrimina
262 924 432 1023 notionum
463 931 627 989 momento
661 911 804 1008 quodam
837 922 1015 1009 scripturae
1047 933 1160 989 notare

52 1027 191 1092 volumus
223 1027 432 1116 participium
462 1025 505 1090 ab
538 1025 697 1111 adJectivo
734 1025 906 1110 sejungere
933 1033 1078 1112 praestat
1102 1023 1159 1092 ubi

51 1140 216 1216 utrumque
251 1152 343 1194 snam
372 1129 445 1197 vim'
469 1126 595 1194 obtinet
627 1126 768 1212 exempli
796 1147 895 1191 causa
927 1131 975 1215 τῷ
1006 1127 1042 1194 dri
1072 1125 1158 1213 βαρὺ

51 1227 232 1313 στενάχοντι
249 1231 438 1317 παρίστατο
453 1227 564 1318 μήτηρ
580 1228 618 1294 II.
633 1227 767 1296 XVIII.
785 1228 836 1295 70.
861 1228 947 1308 Ζεῦς
963 1223 1039 1318 εὐρὺ
1056 1223 1160 1296 ἀνολο-

50 1355 113 1398 σων
132 1327 324 1415 Ὀλυμπίας
351 1331 451 1398 Pind.
484 1331 539 1396 OI.
566 1331 668 1397 XIII.
681 1364 685 1372 v
698 1331 750 1398 34.
782 1333 982 1418 conjungere
1009 1353 1104 1410 vcro,
1131 1330 1159 1396 si

48 1445 183 1520 unoque
202 1434 335 1500 nomine
356 1432 526 1522 epitheton
548 1432 687 1521 simplex
709 1433 910 1519 significatur
929 1429 1042 1514 Ἀξιὸς
1064 1428 1159 1519 ariov-
1211 1451 1214 1460 “

48 1537 152 1622 ρέωνς
162 1529 590 1624 βυθυῤῥελοντοςἍράξεω,
612 1557 697 1622 quae
715 1535 796 1602 nihil
814 1535 990 1602 admodum
1007 1535 1161 1602 differunt
1187 1557 1191 1563 ¹

48 1637 85 1701 'ab
108 1627 274 1721 adjectitia
297 1657 372 1702 vere
393 1636 584 1722 compositis
604 1634 828 1727 πλατύῤῥοος,
851 1634 1054 1724 contremo.
1085 1637 1159 1702 Hac

47 1739 169 1804 ratione
202 1738 319 1804 ductus
347 1738 480 1804 Graefio
507 1736 628 1804 accedo
656 1739 692 1802 in
718 1739 828 1804 Noun.
854 1738 956 1804 Dion.
993 1738 1059 1804 XI.
1085 1739 1159 1805 237.

47 1833 151 1918 ἀνθος
174 1840 258 1921 ταχὺ
279 1839 448 1929 φθιμένης
468 1833 638 1932 ἀνεμώνης
668 1839 703 1905 in
724 1859 831 1905 'unum
858 1839 1060 1906 contrahenti
1086 1850 1159 1905 tan·

46 1963 142 2028 quam
168 1941 387 2028 compositum
419 1950 457 2005 ut
486 1941 726 2027 νεοφθίμενος,
762 1941 880 2006 sedin
907 1941 1067 2029 Paraphr.
1099 1939 1159 2010 VI.

45 2043 117 2109 115.
147 2053 235 2110 recte
268 2042 449 2130 praefertur
480 2042 630 2108 diastasis
666 2038 788 2109 ἐάσατε
821 2020 1005 2131 σάνάρομον
1033 2038 1161 2129 ,αὔραις
1230 2080 1234 2091 ·

44 2148 145 2211 doira
166 2143 247 2225 ταχὺ
271 2143 457 2231 φθιμένην·
487 2167 562 2208 nam
592 2143 655 2209 hoc
682 2165 749 2209 non
772 2145 904 2212 cuilibet
926 2165 1048 2216 coenae
1069 2146 1160 2210 attri-

43 2247 160 2312 butum
185 2255 236 2310 est
262 2247 358 2311 sicut,
376 2246 433 2310 iIIa
457 2246 629 2335 fluviorum
658 2255 691 2310 et
715 2257 885 2312 ventorum
915 2246 1072 2334 epitheta,
1102 2247 1161 2313 sed
1207 2227 1227 2268 ‘¹

42 2358 153 2414 certae
169 2348 339 2432 cujusdam
357 2347 520 2414 accidere.
551 2346 704 2415 Ceterum
722 2345 929 2436 εἰνροκηείων,
948 2350 1037 2416 unde
1054 2371 1161 2416 sermo

42 2450 193 2528 deflexit,
214 2472 283 2515 non
304 2448 479 2535 synthston
501 2461 550 2516 est
577 2460 613 2514 ut
631 2447 826 2515 Eustethius
855 2449 949 2528 dicit,
979 2452 1038 2517 sed
1064 2473 1160 2539 para·
1226 2480 1230 2488 ·

40 2553 128 2618 thesi
153 2554 304 2636 junctum
330 2551 382 2617 vel
410 2552 561 2639 propria,
595 2552 623 2617 si
654 2551 716 2617 sub
746 2573 812 2617 uno
841 2551 992 2618 scribitur
1013 2563 1160 2632 accentu,

38 2655 94 2720 vel
115 2654 314 2742 impropria,
338 2653 366 2719 si
385 2653 447 2718 sub
470 2653 598 2738 duobus
620 2663 657 2718 ut
677 2663 847 2719 ventorum
869 2653 1038 2740 epitheton
1062 2652 1162 2741 ὑγρὸν

38 2751 172 2834 ἀέντες,
196 2776 335 2839 quorum
355 2754 597 2821 cohaerentiam
618 2756 647 2821 si
668 2777 734 2841 qua
752 2753 928 2821 lectoribus
953 2765 1028 2822 ante
1047 2757 1160 2822 oculos
1181 2783 1188 2792 ·

37 2877 168 2944 ponere
191 2857 356 2944 cupimus,
376 2879 461 2944 opus
483 2868 533 2924 est
555 2868 633 2924 notu
656 2858 714 2923 illa
731 2856 875 2944 hyphen.
910 2855 1065 2942 Synthesi
1082 2877 1159 2923 vero

28 2958 252 3024 ‘continentur
273 2959 432 3044 adjectiva
453 2957 688 3045 γλυκύπικρος,
715 2953 955 3045 caetratos,
978 2953 1160 3042 ἀξάμωρος,
1251 2982 1255 2988 ·

35 3057 308 3145 γλυκυμείλτχος,
337 3058 556 3148 βαθυδινήετς
576 3071 637 3126 etc.
685 3061 726 3124 In
747 3055 895 3126 Maneth.
918 3059 978 3126 IV.
1003 3059 1076 3124 600.
1099 3061 1161 3125 flu-

36 3170 158 3228 ctuant
181 3160 278 3227 codd.
301 3157 630 3250 ἱστοτὴμτοάτλονλος
658 3173 690 3226 et
713 3161 814 3248 ἥμισυ
841 3157 988 3239 duitor,⁴
1006 3162 1058 3228 cui
1082 3180 1161 3228 con·

34 3263 132 3330 venit
153 3260 258 3350 ἤμων
278 3261 405 3350 πηγός,
428 3261 554 3328 Gallim.
576 3264 621 3328 H.
643 3263 745 3330 Dian.
774 3261 826 3328 00.
856 3264 1059 3330 consuetudo
1085 3287 1163 3330 vero

34 3366 124 3431 haee
142 3385 184 3429 ex
201 3373 355 3450 corrupto
377 3373 409 3429 et
425 3363 555 3450 integro
575 3365 744 3453 componit
763 3359 958 3451 ἡμίγυμνος,
978 3357 1163 3461 ἡμίθνητος
1255 3422 1259 3426 ,
1298 3400 1303 3412 .

33 3478 102 3534 etc.
132 3466 281 3552 exceptis
301 3465 521 3532 unmeraIibus
538 3462 798 3555 ἡμισυτέταρτον
817 3463 901 3531 PoII.
919 3465 979 3532 IV.
999 3463 1069 3530 165.
1087 3461 1164 3552 ἡμι-

32 3565 214 3653 σύτριτον,
246 3590 332 3653 quae
361 3591 462 3654 quum
487 3589 530 3634 ex
558 3566 687 3635 duobus
715 3566 815 3633 rectis
842 3565 972 3632 casibus
1003 3575 1163 3642 constent,

32 3669 219 3736 commode
240 3669 413 3735 dissociari
435 3682 575 3756 possunt
602 3666 704 3756 ἥμισυ
726 3667 837 3754 τρίτον
863 3679 901 3734 ut
928 3674 1021 3736 semis
1043 3656 1163 3737 tertius.

29 3774 133 3838 Hinc
152 3772 250 3838 venio
271 3773 314 3837 ad
334 3771 524 3858 parathesin
545 3771 787 3855 adjectivorum,
807 3791 891 3856 quae
913 3772 991 3857 quia
1010 3765 1084 3836 non
1096 3771 1161 3836 duo

30 3874 202 3940 attributa
233 3870 420 3960 significant
451 3873 510 3938 sed
543 3886 643 3938 unum
672 3872 714 3936 ab
746 3872 847 3938 altero
880 3874 975 3959 quasi
1008 3871 1162 3938 adverbio

30 3977 232 4054 definitum,
267 4000 287 4040 a
313 3975 541 4043 Grammaticis
573 3974 615 4038 ad
642 3970 730 4038 hunc
757 3997 926 4042 numerum
954 3984 1162 4041 revocantur:

29 4080 176 4166 ῥαπτὸν
195 4075 360 4146 ἀεικέλιον
375 4073 459 4166 ἀῳὲν
476 4070 701 4160 ἀναγνωστέον
720 4077 775 4142 ἵνα
797 4078 894 4163 δηλοῖ
915 4076 972 4144 τὸν
991 4072 1164 4154 ἀεικελίως
1272 4093 1274 4099 ·

29 4177 177 4270 ῥατττόν
205 4174 250 4258 ὡς
276 4177 317 4246 τὸ
343 4175 465 4258 τοξότα
495 4171 647 4263 λωβητὴρ
678 4178 723 4261 (v.
751 4176 789 4244 C.
813 4178 840 4243 Ι.
871 4182 896 4263 h.
921 4179 967 4262 5.)
998 4177 1055 4246 καὶ
1070 4171 1102 4262 ἦ
1132 4176 1165 4242 έν

23 4277 211 4374 Ἀρκαδίᾳ
240 4277 382 4370 Μεγάλη
410 4276 511 4357 πόλις
540 4278 635 4344 Eunt.
648 4277 758 4387 Υ1959,
786 4277 838 4348 50.
868 4281 928 4352 sed
955 4278 1012 4350 illa
1039 4278 1168 4349 tunicae
