2825 4809
145 352 201 417 Du
217 345 477 415 PROSTHESI
496 347 559 414 ET
581 347 847 418 APHAERESI.
882 349 921 418 0.
936 353 1015 421 vn.
1069 359 1142 432 129

69 535 141 600 retuli
163 533 193 597 in
209 531 304 598 Prcll.
324 531 397 597 291.
420 553 440 596 a
463 555 530 618 quo
552 555 620 600 non
639 535 778 600 multum
799 531 893 600 abest
912 531 1026 616 χιτών,
1053 538 1082 602 si
1107 537 1144 604 id

69 634 172 724 proprie
189 655 327 722 pannum
347 633 510 718 significat
529 645 567 702 ut
586 632 703 721 ῥάκος,
722 635 813 720 quod
831 634 872 702 eb
889 634 953 702 ulio
971 636 1145 704 scindendi

68 736 142 802 verbo
163 734 332 799 derivatum
352 744 411 799 est

128 835 329 921 liquidarum
343 835 401 900 uni
417 837 463 920 μῦ
488 835 642 921 sigmein
663 834 779 902 cedem
802 835 927 922 syllaba
947 837 1145 924 praeoedere

69 947 151 1025 potest
172 946 202 1002 et
228 935 303 1002 hinc
323 958 421 1023 saepe
446 937 520 1002 soni
543 937 710 1025 aspirandi
740 959 840 1004 cause
865 937 1016 1023 adjicitur
1035 961 1146 1024 neque

68 1063 116 1105 nor
129 1060 191 1104 roro
213 1036 397 1104 detrahitur.
434 1034 625 1124 Μάραγόον
645 1030 722 1105 desc
742 1026 846 1106 τοῦῐ
872 1039 1019 1107 λεκτέον·
1046 1037 1146 1124 παρὰ

67 1142 112 1227 γάρ
133 1140 165 1207 τὸ
190 1137 391 1224 μαρμαίρειν
420 1133 616 1222 ὠνόμασται
636 1136 759 1202 Athen.
783 1138 848 1204 111.
870 1138 922 1206 94.
944 1141 984 1206 Β.
1007 1139 1067 1205 sed
1088 1139 1144 1204 nlii

67 1241 254 1329 pleoneomum
273 1238 363 1304 haud
387 1239 500 1326 inique
529 1237 637 1303 ierunt
667 1260 698 1304 v.
720 1239 822 1304 Proll.
856 1239 929 1305 303.
962 1237 1145 1326 Σμαράμνα

67 1341 176 1426 μάοτιγξ
191 1339 249 1406 καί
265 1339 369 1426 χωρίς
388 1329 491 1408 nobb
511 1340 594 1405 Hes.
620 1348 794 1425 utrumque
818 1339 1015 1406 conveniens
1035 1338 1144 1405 verbis

68 1465 126 1528 quoe
147 1441 166 1507 l.
195 1462 222 1506 c.
249 1440 352 1505 attuli.
402 1440 470 1507 Pro
493 1438 636 1527 μαρίλη,
666 1440 759 1526 quod
786 1440 910 1506 ibidem
936 1464 970 1527 p.
1000 1439 1071 1506 117.
1101 1439 1145 1506 nd

67 1539 184 1631 μοροίνω
212 1542 317 1620 retuli,
350 1541 387 1608 in
418 1541 556 1608 Aristot.
584 1541 707 1608 Mirab.
741 1563 769 1606 c.
796 1541 850 1606 41.
881 1564 915 1628 p.
945 1539 1018 1608 835.
1042 1563 1071 1606 n.
1089 1540 1142 1607 25.

68 1641 177 1729 ομορίλη
206 1642 357 1708 scribitur
384 1642 536 1710 codicum
553 1665 725 1710 consensu
748 1665 883 1708 summo.
928 1643 1144 1710 Μωλιιθτῒοα

68 1743 125 1829 oroi
155 1746 305 1834 ομαλορῷ
343 1743 440 1810 Poet.
478 1746 520 1810 de
555 1744 660 1810 Herb.
703 1744 775 1809 101.
816 1745 1025 1810 Hermennus
1066 1742 1145 1809 olim

67 1844 254 1931 corrigendum
283 1846 414 1911 censuit
441 1846 487 1911 ad
518 1845 627 1933 Orph.
664 1870 698 1933 p.
729 1845 801 1910 718.
829 1855 946 1932 postea
971 1844 1144 1910 revocavit.

67 1946 167 2028 Μίριίις
193 1946 298 2012 Perse
331 1946 454 2014 Aesch.
486 1948 580 2013 Pers.
610 1947 683 2012 774.
719 1945 798 2012 alibi
824 1946 969 2030 Σμέρδις
998 1955 1144 2024 vocatur,

68 2047 135 2129 quod
153 2047 374 2114 Blcmfieldius
402 2047 578 2114 substituit.
627 2049 759 2113 Horum
782 2055 890 2132 etymo
912 2045 1041 2133 sepulte
1060 2057 1144 2114 sunt.

69 2146 118 2213 Sed
134 2169 191 2212 cnm
208 2148 313 2214 verbo
335 2145 498 2236 μηρύοται
519 2146 635 2235 ὑψόθι
657 2147 774 2229 κισσός
789 2149 931 2216 Theocr.
947 2149 976 2214 Ι.
991 2149 1044 2216 29.
1064 2171 1146 2236 cog-

67 2250 193 2315 uodonem
208 2248 336 2316 habent
351 2246 484 2338 Σμηρία
502 2245 630 2328 κιοοός,
652 2247 838 2338 Σμήριγγες
859 2251 1002 2320 alescat
1023 2248 1146 2339 σειραί,

66 2347 219 2438 βόστροχοι,
247 2348 396 2439 Μήριγξ
423 2342 558 2417 άκανθα
587 2349 623 2417 ἐν
648 2355 721 2428 τοῖς
749 2348 856 2436 ἐρίοις
881 2353 947 2418 τῶν
967 2348 1149 2435 προβάτων

66 2453 182 2540 γινομένη
199 2454 287 2518 Hes.
313 2462 347 2517 et
368 2450 459 2537 quod
479 2450 674 2518 Eustnthius
700 2452 824 2539 duplici
847 2452 947 2519 modo
968 2452 1069 2519 scribi
1096 2464 1147 2520 te·

65 2561 138 2617 statu
155 2577 185 2652 p.
207 2554 305 2630 1333,
331 2553 383 2618 32.
419 2552 571 2640 ’Όμηρος
591 2553 652 2637 μὲν
682 2551 851 2652 μήρινθον
883 2547 970 2634 οίάτ,
1007 2559 1149 2622 Παυσα-

64 2651 115 2733 νίας
135 2657 167 2723 δὲ
192 2655 225 2722 ἐν
248 2656 302 2741 τῷ
333 2653 453 2741 λιξικῷ
479 2653 536 2720 καί
562 2653 647 2737 μετὰ
666 2657 727 2721 τοῦ
747 2679 769 2724 ο
790 2650 836 2733 ὥς
856 2651 1001 2722 Πλάτων
1023 2651 1058 2722 ἐν
1077 2653 1150 2722 Νό-

63 2856 134 2940 pulus
150 2857 265 2925 Sched.
291 2855 363 2920 116.
384 2877 403 2920 e
426 2854 555 2920 sentina
575 2853 693 2920 hausit.
726 2853 874 2941 Σμινρός
888 2856 1001 2924 Atthis
1016 2859 1152 2944 antiqua

64 2958 157 3045 recepit
175 2983 205 3025 ν.
231 2957 379 3025 Bredow
402 2955 491 3021 Dial.
513 2956 640 3022 Herod.
670 2958 743 3022 121.
769 2957 963 3023 Eustathius
985 2958 1066 3036 857,
1095 2959 1148 3025 27.

63 3056 88 3122 τὸ
109 3057 219 3142 ομίλαξ
235 3057 306 3138 καί
324 3057 400 3141 δίχα
420 3043 522 3126 eoric
544 3053 657 3140 μίλαξ.
699 3057 807 3124 Milex
826 3058 966 3124 Romani
996 3059 1151 3144 ignorant

64 3157 105 3222 sed
126 3160 256 3228 smilacis
293 3159 426 3225 nomine
452 3158 596 3224 diverses
624 3158 810 3246 significant
836 3160 954 3248 stirpes
977 3170 1010 3226 et
1030 3160 1150 3228 Graeci

64 3280 178 3347 quoque,
216 3264 244 3329 si
275 3260 450 3330 Eustathio
489 3260 652 3326 credimus
685 3261 783 3340 1822,
815 3263 868 3329 21.
900 3262 1012 3329 cardui
1044 3285 1150 3351 genus

63 3359 180 3442 ομίίανο
209 3363 452 3453 appellarunt,·
466 3361 612 3449 plantam
636 3359 781 3446 μίλαιια,
808 3364 867 3430 sed
889 3365 953 3432 hoc
975 3365 1150 3434 discrimen

65 3460 94 3525 ob
114 3477 282 3552 perpetuae
309 3465 467 3531 librorum
495 3463 719 3529 dissensiones
749 3464 927 3553 approbari
950 3489 1018 3533 non
1040 3477 1152 3555 potest

62 3583 82 3626 v.
99 3565 217 3633 Jacobs.
240 3566 285 3632 eb
306 3568 382 3633 Ael.
404 3567 441 3652 p.
460 3565 533 3632 230.
554 3564 669 3630 Elmsl.
685 3565 840 3632 chsch.
858 3567 930 3632 108.
959 3568 1149 3638 Schneider.

65 3663 182 3733 udPlut
203 3667 277 3736 civ.
301 3669 343 3734 Τ.
364 3668 393 3734 1.
416 3666 489 3734 163.
514 3663 641 3751 Σμοιός
663 3676 696 3731 ct
716 3665 816 3751 μοιός
837 3665 856 3736 d
879 3668 1087 3758 σκυθρωπάς
1108 3672 1152 3738 ad

64 3761 117 3844 μάω
133 3770 223 3836 retuli
241 3769 371 3837 Techn.
392 3768 466 3834 274.
499 3762 670 3853 Σμογεράς
688 3764 863 3858 μοχθηρός
884 3770 967 3836 Hes.
988 3771 1070 3838 nihil
1086 3772 1150 3838 dii·

65 3861 108 3928 lert
129 3891 147 3933 a
171 3868 351 3957 σμογερός,
380 3870 474 3955 cujus
502 3866 597 3953 origo
619 3865 797 3952 ambigitur
821 3867 1053 3957 ἐπισμυγερῶς
1077 3869 1148 3942 toro

64 3967 110 4030 wir
127 3964 468 4056 ἐπιομιιχομίνων-ἢ
490 3963 664 4046 ἐπιπόνως
680 3968 797 4053 (idest
811 3972 975 4059 μογερῶς)
992 3969 1153 4051 αἱολιιιιῖις

66 4062 123 4131 Sch.
143 4070 206 4137 0d.
229 4072 294 4138 III.
317 4071 390 4139 195.
410 4071 473 4140 IV.
495 4069 568 4134 672.
612 4068 708 4136 Idem
728 4067 883 4157 Σμυδράς
909 4067 1075 4159 διάπυρος
1100 4070 1154 4138 σί-

66 4165 151 4252 tour.
169 4175 258 4257 Σμῦς
277 4169 380 4256 ὁμῦς,
405 4174 500 4258 cujus
522 4194 730 4259 synonymon
752 4181 802 4238 est
822 4169 975 4256 σμίνθος,
996 4167 1152 4266 Σμαντήρ
1267 4244 1270 4250 ,

102 4270 222 4322 roseos.
235 4276 325 4316 eruor.
922 4269 943 4334 9
