2825 4809
277 347 353 424 558
565 350 591 396 -'
639 337 960 412 DISSER'PATIO
984 341 1028 413 V.

242 528 506 617 jdoosusiossoo,
548 526 783 616 arcessendam),
823 528 1074 618 νυκτικλέπτης,
1114 539 1177 596 tum
1212 529 1338 615 adjectivis

278 631 522 716 ἁλίπλαγκτος,
551 628 811 714 νυκτίπλαγκτος
833 643 865 698 et
896 633 974 710 slis,
1004 655 1140 718 quotum
1163 632 1285 697 ausuum
1303 657 1339 700 ac-

280 743 393 798 centus
417 741 469 796 est
489 731 524 794 in
545 731 800 817 antepenultima
819 745 950 821 praeter
971 729 1144 821 δορικτητή
1165 733 1200 798 ll.
1218 733 1272 798 IX.
1289 736 1339 800 343.

278 833 369 919 quod
391 832 468 896 ahbi
489 843 640 917 gmvatur
659 856 689 898 v.
712 835 831 900 Parall.
849 835 923 900 456.
944 835 1190 921 suffragantibus
1209 834 1340 902 Gramma

277 936 350 1001 ticis
377 935 434 1020 qui
453 957 555 1000 unum
581 931 796 1013 ναυαιιιλντός
817 947 954 1014 acuunt,
982 934 1194 1022 δουρικλυτός
1218 939 1341 1002 suumin

279 1040 362 1103 duas
383 1059 481 1103 voces
505 1037 639 1102 dissolvi
654 1035 774 1121 jubent
795 1049 1037 1124 suoutramque
1049 1039 1341 1106 accentudistinctan.
1381 1059 1382 1108 1

277 1141 391 1206 Unum
415 1138 531 1203 horum
557 1136 832 1204 substantivorum
861 1161 935 1205 eum
970 1141 1152 1229 participiis
1180 1143 1342 1227 conjungitur
1381 1127 1382 1186 3

279 1242 402 1330 duplici
423 1241 542 1318 modo;
566 1263 643 1305 nam
664 1239 755 1306 fluvii
783 1262 902 1306 nomen
924 1241 1189 1331 Πυριφλεγέθων
1207 1243 1342 1309 indissolu-

276 1343 342 1408 bile
375 1352 426 1408 est
457 1342 516 1408 sed
548 1341 659 1410 ‚levius
691 1341 867 1406 cohaerent
903 1342 1048 1429 epitheta
1083 1343 1342 1430 πυριφλεγέθοντος

278 1439 439 1530 ἒςόπιρου
460 1443 735 1528 inAgesianactis
756 1465 852 1509 versu
873 1467 926 1531 ap.
943 1443 1116 1511 Plutarch:
1134 1445 1176 1510 de
1196 1445 1265 1511 Fac.
1282 1447 1340 1510 Lus.

276 1568 305 1611 o.
328 1543 382 1611 lll.
404 1543 488 1611 λε’ων
514 1543 730 1630 πυριφλέγων
750 1545 867 1632 Eurip.
898 1545 1153 1633 nossessiones
1174 1541 1269 1622 όῖοτοί
1281 1549 1339 1612 Mus.

276 1643 377 1736 ἠελίῳ
395 1641 804 1734 πυριπλήθοντῑΜοαολλι.
829 1671 914 1734 quae
936 1671 955 1713 a
973 1648 1107 1713 diastasi
1124 1671 1194 1713 non
1205 1647 1339 1725 abhorrent

262 1748 337 1814 ‘sed
362 1744 620 1833 incomparabile
648 1758 698 1812 est
724 1748 859 1814 verbum
885 1749 1083 1836 ποραίθειν·
1111 1751 1268 1828 συνθέτως
1287 1744 1340 1816 ἀνα-

262 1848 438 1938 γνωστέον
457 1847 568 1916 Schol.
587 1849 668 1914 Eur.
688 1849 789 1916 Rhes.
811 1852 865 1917 41.

336 1955 385 2036 ‘§.
406 1949 438 2015 5.
479 1949 669 2015 Accusativi
694 1953 839 2040 speciem
864 1951 1002 2039 praebet
1027 1975 1149 2020 nomen
1177 1952 1258 2019 urbis
1273 1947 1344 2035 Ὑάμ-

264 2054 387 2131 πολις,
414 2052 442 2118 si
463 2052 661 2138 primitivum
684 2053 746 2118 luit
766 2056 858 2140 Hya,
880 2064 913 2120 et
935 2053 1037 2121 luisse
1059 2056 1115 2142 qui
1146 2057 1193 2122 ita
1213 2063 1348 2120 statuerent

275 2153 439 2239 colligitur
460 2175 479 2219 e
501 2152 613 2221 Schol.
634 2156 678 2221 A.
704 2157 748 2222 ad
766 2156 806 2221 Il.
824 2155 861 2220 ll.
885 2155 958 2223 521.
975 2153 1166 2242 Ὑάμπολιν
1188 2155 1281 2236 οὕτως
1297 2150 1348 2222 dvc·

274 2257 427 2343 γνώσθη·
445 2249 567 2344 ‘abydo
589 2255 688 2323 ἐστιν.
728 2259 798 2324 Alii
819 2257 919 2345 igitur
942 2254 1026 2325 Ὓαν
1049 2256 1153 2326 πόλιν
1179 2259 1348 2346 scripserunt.

275 2358 452 2444 Sedvulgo
473 2368 610 2424 vocatur
626 2352 812 2442 Ὑάμπολις
836 2381 896 2448 per
917 2382 1030 2426 omnes
1053 2381 1161 2440 casus,
1180 2362 1274 2448 idque
1287 2361 1350 2426 Pau·

275 2458 384 2524 sanias
414 2459 475 2524 lX.
496 2459 554 2538 35,
578 2459 611 2525 4.
639 2481 680 2524 ex
702 2455 847 2528 Ὑάντων
878 2459 980 2541 πόλις
1007 2474 1211 2529 contractum
1232 2472 1311 2550 putat
1325 2461 1351 2525 cl.

259 2561 318 2627 ·ad
338 2563 393 2648 Aj.
417 2585 450 2650 p.
472 2561 546 2628 367.
590 2561 765 2648 Vulgatius
795 2573 844 2627 est
872 2560 1099 2645 νουνεχόντως,
1132 2567 1223 2651 quod
1244 2563 1352 2652 Apulo

259 2663 347 2729 nius
378 2664 419 2728 de
439 2663 527 2728 Adv.
551 2662 625 2728 587.
654 2685 673 2728 e
699 2664 884 2730 Menandro
914 2665 1008 2730 affert
1031 2667 1205 2746 Isocratis,
1237 2667 1288 2753 qui
1311 2666 1353 2729 hoc

273 2766 395 2853 septies
416 2787 495 2830 usus
518 2774 584 2844 est,
608 2763 745 2844 oblitus,
767 2766 867 2852 idque
890 2759 1073 2834 ἀσύστατον
1098 2790 1173 2836 esse
1198 2791 1262 2836 non
1283 2777 1356 2854 neget

273 2868 332 2934 sed
360 2867 506 2934 defendit
533 2867 598 2933 hoc
624 2868 744 2934 modo:
778 2863 943 2944 πολλάκις
970 2862 1124 2955 σχήματά
1159 2896 1235 2938 τινα
1262 2868 1355 2938 ecto

273 2965 462 3039 διεστώτων
472 2966 522 3048 εἰς
532 2965 671 3058 ἑνότητα
681 2963 1129 3056 παραλαμβάνεταιῖίριιος
1139 2965 1355 3059 πάγοςἈριιο-

256 3069 498 3161 ’παγίτηςίῦ),
533 3071 607 3139 Νέα
634 3066 735 3149 πόλις
760 3068 989 3159 Νεαπολίτης,
1022 3068 1060 3136 τό
1095 3065 1179 3139 αὐτό
1209 3068 1355 3158 ταυτότης·

273 3172 379 3251 οὕτως
401 3167 459 3241 οὖν
480 3171 620 3258 συσταίη
645 3170 704 3237 καὶ
724 3170 764 3238 τὸ
786 3165 1004 3253 νοονεχόντως
1017 3169 1113 3254 παρὰ
1135 3172 1175 3240 τὸ
1198 3177 1271 3242 νοῦν
1289 3169 1355 3255 ἔχων,

273 3274 364 3359 quod
384 3284 489 3338 ratum
518 3271 619 3338 habet
636 3275 785 3340 Joannes
816 3273 857 3338 de
879 3272 965 3337 Ton.
989 3271 1048 3350 39,
1078 3274 1130 3338 24.
1155 3272 1196 3340 τό
1218 3267 1355 3354 νοονεχόν-

270 3398 338 3453 τως
366 3369 436 3443 άπό
467 3370 527 3441 doio
559 3372 644 3440 κατὰ
675 3371 851 3442 διάστασιν
885 3371 1007 3452 λέξεων
1035 3369 1200 3464 παρήχθη
1224 3381 1281 3462 τῆς
1304 3375 1357 3440 vois

272 3476 329 3543 uui
349 3479 409 3563 τῆς
431 3470 578 3558 ἐχόντων.
623 3473 747 3541 Contra
768 3473 852 3540 hanc
874 3472 1084 3560 scriptionem
1104 3475 1241 3562 hyphen
1260 3475 1354 3543 Schoe-

268 3575 357 3642 tems
379 3576 414 3642 in
437 3577 674 3662 Appar.Dem.
687 3577 760 3642 886.
783 3586 911 3663 pugnat
933 3577 1083 3662 exemplo
1102 3577 1269 3663 platonico
1290 3571 1356 3658 ἐχόν-

270 3699 336 3756 τως
355 3681 445 3758 νοῦν,
474 3699 515 3743 ex
545 3700 610 3763 quo
635 3678 702 3757 ,hoc
723 3679 823 3745 modo
846 3678 983 3743 eflicitur
1009 3701 1076 3744 non
1097 3701 1235 3746 necesse
1256 3685 1355 3744 esseut

268 3775 485 3860 νουντγόντως
508 3779 674 3845 scribatur.
717 3779 887 3846 Belslserue
914 3801 991 3846 vero
1014 3803 1081 3847 non
1110 3781 1175 3848 hoc
1207 3781 1305 3847 solum
1320 3797 1355 3842 re

269 3878 366 3943 tinuit
387 3879 448 3944 sed
469 3882 559 3967 apud
585 3882 725 3949 eundem
751 3883 929 3962 Isocratem
957 3882 1055 3948 etiam
1082 3879 1313 3969 λογονεχόντως
1328 3900 1355 3944 cx

252 4111 255 4119 1
278 4100 280 4103 .
341 4052 386 4120 18)
402 4049 450 4106 Sic
468 4069 553 4126 supra
569 4049 669 4124 scripsi
696 4069 731 4108 ex
751 4049 814 4108 ΕΜ.
836 4049 900 4118 606,
917 4050 959 4108 39.
986 4047 1033 4125 qui
1051 4050 1199 4128 Apollonii
1225 4053 1304 4110 verba
1323 4067 1355 4104 es·

271 4134 391 4207 ces-psit3
404 4137 548 4207 vulgatum
561 4137 817 4214 οιιἉριονιαγίιης.
845 4136 981 4210 Tassiros
997 4135 1043 4195 hic
1059 4137 1208 4198 Beklserus
1228 4137 1311 4197 edidit
1323 4136 1357 4190 set

271 4238 334 4275 cum
347 4221 427 4291 signo
445 4224 587 4280 coronidis
602 4226 631 4282 in
643 4221 729 4280 Arist.
742 4223 849 4282 Nicone.
863 4220 940 4281 VIII.
955 4228 995 4282 14.
1010 4244 1039 4298 p.
1058 4229 1131 4283 ttot.
1144 4227 1171 4284 h.
1186 4230 1232 4284 31.
1251 4221 1266 4298 ἦ
1284 4215 1356 4282 ταύτό-

269 4323 317 4376 ιης
328 4303 491 4366 ιαιλιοποιεῖ.
