2825 4809
609 335 929 405 DISSERTATIO
964 337 991 400 Ι.

243 525 287 588 cd
307 521 421 609 Apoll.
431 521 492 586 IV.
511 521 561 584 14.
585 520 623 585 τὸ
649 517 995 591 δοάσσαοθαιέοικεν
1017 515 1172 588 ἀπὸτοῦ
1196 514 1388 590 suaerat

242 621 503 708 postuasset&
525 618 788 706 πρόςθεσκνυοῦ
809 627 829 690 5
854 624 911 689 καὶ
933 619 1157 706 μεεαποιήσιν
1182 623 1240 686 τοῦ
1271 619 1340 700 teir
1387 591 1388 668 l

119 724 123 731 ‘
242 753 265 792 α
287 721 333 803 ὡς
352 722 392 789 τὸ
414 718 578 810 δνοφερός
598 718 796 811 (ὀκόφος)’
779 727 848 790 απὸ
870 727 929 790 τοῦ
952 724 1082 809 νέφους·
1106 719 1161 786 καὶ
1184 721 1340 810 Σοφοκλῆς

242 824 359 912 diduco
380 820 466 910 φησὶ
480 847 518 888 το
506 822 765 905 βεβλαμμένον
784 821 866 890 καλ“
867 825 1001 910 Ομηρος
1017 819 1221 904 πολυδίψιον
1233 814 1388 907 ’Ἄργος

241 925 281 991 τὸ
304 922 531 1006 πολυβλαβές,
555 922 646 1006 quod
668 935 886 990 commentum
903 923 1027 1010 placuit
1036 922 1117 988 EM.
1140 920 1199 984 sed
1212 920 1342 1006 ignotum

240 1026 303 1090 luit
314 1023 487 1100 Straboni
510 1024 567 1107 qui
590 1036 647 1088 out
666 1023 919 1112 πολυπόθητον,
942 1035 980 1088 ut
991 1020 1201 1088 Aristarchus
1222 1023 1341 1107 occepit,

127 1136 130 1140 ’
245 1127 310 1194 hoo
331 1126 463 1194 nornine
487 1125 663 1211 significari
685 1127 731 1190 ait
753 1137 808 1191 aut
834 1125 1042 1190 scribendum
1069 1143 1142 1187 esse
1166 1121 1277 1204 Χωρὶς
1294 1125 1342 1188 τοῦ
1387 1165 1388 1222 λ

242 1219 511 1311 οπολυίψιον”
490 1251 591 1313 ηγουν
612 1225 838 1314 πολύφθορον
859 1225 955 1293 VIII.
978 1225 1051 1290 370.
1089 1222 1270 1310 Sophocles
1288 1221 1343 1287 lor·
1387 1241 1388 1294 λ

245 1342 334 1394 tasse
354 1337 485 1412 syntt
416 1325 505 1392 ttheo
535 1349 600 1411 quo
628 1329 795 1392 Homerus
823 1327 923 1391 utitur
951 1324 1117 1390 substituit
1142 1323 1290 1408 simplex,
1314 1322 1388 1388 id
1387 1319 1388 1350 ¹

246 1440 354 1495 autem
366 1427 542 1492 scholiasta
552 1427 1066 1513 illeinterpretotioneinluscavit
1075 1421 1293 1490 Aristarchea.
1301 1424 1388 1506 ”lp
1387 1363 1388 1442 l

243 1523 437 1596 Aet'sslu'
406 1524 533 1605 αικόνος
554 1521 575 1613 ἢ
598 1553 659 1594 κατ
698 1521 831 1605 sl509'
810 1554 915 1610 ομοια
938 1538 970 1594 et
986 1527 1134 1613 Δεέκηλα
1166 1520 1388 1606 εἰκάσματα,
1387 1513 1388 1580 l

246 1653 266 1694 a
287 1627 386 1698 ὀεέκω
409 1628 520 1714 potius
545 1649 644 1712 quam
665 1626 763 1692 ab'
736 1627 814 1694 rt‘rtc
836 1630 1051 1715 repetendum
1071 1626 1218 1700 videtur3
1244 1623 1388 1706 Δεικέλς

244 1724 448 1813 λαμπρόν“
433 1726 572 1811 α’μοιον·
603 1726 769 1816 γράφεται
803 1729 860 1796 καὶ
892 1731 1006 1806 δευκές
1032 1727 1113 1792 ΕΜ.
1142 1736 1175 1790 ελ
1199 1723 1388 1805 Ἕνᾷευκές
1387 1767 1388 1792 r

244 1829 389 1916 ἐμφερές
409 1830 492 1893 Hes.
522 1827 699 1894 cohaerent
731 1851 805 1896 cum
834 1826 1058 1916 uolu5svnr'‚9
1092 1828 1186 1912 quod
1216 1823 1388 1890 nonnulli

243 1932 391 1995 Homero
422 1928 609 1994 obtulerunt
641 1931 685 1995 ad
712 1931 963 2016 significandum
1002 1928 1193 2006 πολλοῖς
1173 1924 1290 2002 εοικώς
1314 1923 1388 1988 cl

245 2029 405 2096 Technol.
427 2052 461 2114 p
483 2029 534 2093 60.
578 2030 730 2095 Nominis
754 2025 802 2110 εἷς
830 2032 931 2097 luisse
952 2031 1089 2094 formam
1110 2023 1388 2094 reconditiorem

245 2131 314 2208 5259
335 2129 565 2206 (lemmatis,
589 2126 672 2214 quos¹
695 2122 955 2198 Mehlhornius
947 2155 981 2195 m
1003 2131 1147 2197 Grumm.
1173 2127 1294 2214 §.1115
1321 2149 1388 2214 p
1387 2113 1388 2174 l

246 2231 317 2296 113.
341 2231 484 2296 adnot.
475 2253 510 2293 m
531 2230 752 2297 testimonium
774 2243 885 2311 vocat,
914 2255 982 2298 non
1009 2241 1170 2296 testentur
1192 2230 1252 2298 sed
1273 2221 1388 2306 Gudl

242 2332 316 2408 439,
341 2331 390 2394 19.
421 2329 458 2396 ἐκ
483 2326 611 2427 τῆς-οὐ
641 2327 811 2419 ἀρνήσεως
839 2334 895 2399 καὶ
922 2337 983 2400 τοῦ
1015 2325 1064 2409 εἷς
1094 2331 1222 2417 γίνεται
1254 2313 1388 2403 otuu

242 2433 448 2517 πλεονασμῷ
465 2434 526 2495 τοῦ
545 2435 573 2496 5.
618 2430 728 2497 Ceteri
757 2431 820 2497 hoc
845 2433 946 2498 modo
980 2433 1093 2498 dicunt
1120 2424 1170 2509 εἷς
1198 2427 1351 2496 numerale

244 2552 327 2607 esse,
352 2528 422 2606 5sr'9
445 2551 522 2594 vero
546 2553 727 2616 pronomen
749 2533 837 2596 idem
860 2533 1046 2619 significans
1078 2533 1169 2618 quod
1192 2530 1244 2610 τίς
1269 2529 1351 2592 inde·

242 2631 368 2696 finitum
388 2652 427 2694 ae
449 2631 588 2716 proinde
610 2629 650 2700 οὖ
674 2633 743 2710 ὀεές
761 2633 842 2697 nihil
867 2635 996 2699 differre
1025 2633 1067 2698 ab
1089 2627 1130 2700 οὔ
1160 2657 1215 2711 τις
1235 2630 1286 2695 vel
1306 2624 1353 2695 οὐ·
1387 2669 1388 2682 .

245 2732 353 2816 δαμείς
372 2732 408 2796 id
431 2743 481 2796 est
499 2728 576 2800 055'
601 2729 697 2816 ἆμός,
720 2734 810 2816 quod
831 2735 858 2799 si
879 2735 925 2800 itu
947 2759 982 2800 se
997 2735 1144 2810 haberet,
1167 2733 1352 2819 pleonasmo
1387 2701 1388 2758 l

242 2833 404 2898 laboraret
423 2828 533 2910 οὐδείς
554 2859 604 2911 τις
625 2857 655 2897 v.
667 2836 846 2898 Hermann.
869 2837 1047 2902 adAlcest.
1066 2835 1116 2900 79.
1140 2835 1269 2902 Verum
1284 2827 1356 2894 illud

245 2934 322 3011 ὄεές,
348 2942 385 2996 ut
405 2931 597 2997 Eustathius
620 2934 717 2999 docet
739 2933 816 3012 710,
838 2937 890 3002 30.
919 2938 1051 3002 omnino
1072 2934 1269 3000 inusitatum
1287 2929 1356 3002 tuin

242 3044 358 3099 neutro
380 3033 435 3100 δέν
454 3033 664 3100 Democritus
685 3057 766 3100 usus
797 3046 847 3100 est
876 3039 919 3102 od
940 3035 1194 3123 significandum
1217 3034 1254 3098 id
1275 3029 1357 3116 quod
1387 3107 1388 3112 λ

244 3133 439 3198 contrarium
460 3143 547 3198 esset
566 3138 614 3220 τῷ
636 3131 732 3204 οὐδέν
752 3136 816 3202 hoc
838 3148 888 3202 est
909 3135 947 3204 εδ
969 3135 1008 3204 ὅν
1030 3137 1226 3224 oppositum
1248 3139 1298 3221 τῷ
1317 3130 1356 3216 μὴ

243 3229 316 3299 ὄντι
345 3233 412 3296 sive
440 3238 487 3319 τῷ
519 3239 605 3320 κενοῖ
634 3258 664 3299 ν.
694 3237 852 3303 Mullsch.
878 3239 1034 3306 Demoor.
1062 3240 1138 3303 421.
1169 3258 1209 3300 nc
1236 3234 1359 3300 m'detm

244 3333 310 3397 hoc
331 3354 451 3396 nomen
471 3355 640 3416 nunquam
667 3337 760 3402 aliter
780 3349 973 3425 usurpatum
1000 3361 1073 3405 esse
1105 3361 1205 3423 quarn
1232 3335 1269 3400 in
1298 3332 1359 3398 dis·
1387 3391 1388 3396 ,

237 3434 410 3518 junctione
439 3442 477 3496 ut
497 3434 641 3498 Alcaeus
667 3435 751 3501 dixit
775 3435 870 3512 οὐδὲν
895 3439 933 3507 ἐκ
962 3441 1056 3518 δεκὰς
1085 3442 1217 3524 γένοιτο
1250 3436 1288 3500 id
1316 3444 1361 3498 est

244 3530 341 3601 οὐδέν
363 3529 423 3600 ἀπ’
449 3528 553 3600 ἄλλον
573 3530 713 3614 ὁτουοῦν
727 3537 769 3602 of.
787 3537 907 3603 Purall.
928 3540 978 3604 79.
1000 3538 1145 3605 Ahrens.
1163 3539 1258 3605 Dial.
1269 3535 1361 3602 Aeol.

245 3633 317 3699 128.
348 3632 574 3699 Certissimum
591 3657 667 3701 vero
679 3651 906 3722 argumentum
916 3639 1054 3726 praebet
1063 3641 1261 3706 femininum
1273 3636 1362 3705 οὐδε-

243 3733 320 3814 μία,
347 3758 413 3818 quo
433 3735 530 3820 plone
558 3735 717 3823 probatur
739 3734 848 3816 οὐδείς
869 3762 910 3804 ex
938 3737 1017 3808 οὐδὲ
1049 3735 1099 3820 εἷς
1120 3742 1291 3808 coaluisse
1313 3761 1364 3804 ao-

244 3845 342 3899 contu
363 3846 498 3924 propter
519 3846 634 3923 typum
654 3848 789 3904 mutato.
806 3875 848 3888 -·-
871 3841 975 3928 Δείλη
998 3863 1039 3909 ex
1062 3841 1134 3930 εῗλη
1156 3853 1269 3908 ortum
1296 3861 1365 3905 esse
1387 3841 1388 3846 ’

242 3945 281 3998 ut
300 3935 406 4018 οἷ’μανν
424 3959 442 4000 e
465 3935 593 4019 δαίμων
612 3939 829 4004 Buttmannus
851 3942 1020 4007 contendit
1040 3942 1075 4006 in
1090 3945 1198 4010 Lexil.
1223 3944 1274 4008 II.
1297 3939 1365 4006 191.

315 4105 356 4166 lt)
369 4103 461 4157 Multo
476 4103 629 4174 improbius
643 4113 762 4160 errasset
775 4107 797 4160 si
815 4115 846 4162 ut
860 4110 1035 4166 Doederlein
1054 4113 1212 4183 suspicatur
1226 4111 1259 4165 in
1273 4111 1366 4166 Gloss.

246 4187 303 4237 lot.
318 4187 481 4256 scripturam
493 4189 619 4243 vitiosam
632 4191 731 4259 δίκαιον
742 4191 903 4264 arripuisset
915 4215 967 4270 pro
981 4215 1049 4254 vera
1066 4197 1095 4253 5'
1112 4201 1202 4270 λψκοκ,
1218 4196 1305 4268 eujus
1321 4197 1367 4248 sd-

239 4268 338 4337 jectivi
350 4287 386 4324 ne
400 4271 530 4364 analogio
541 4273 655 4345 quidem
667 4274 723 4330 diei
735 4285 841 4347 potest.
