2825 4809
135 434 188 499 ou
204 428 461 497 rnosrrmsr
481 427 543 493 ur
565 426 831 498 sennaser.
854 428 952 497 ux„
968 433 994 517 3.
1005 431 1037 498 4.
1071 418 1147 510 ste
1260 508 1267 519 ,

78 719 120 783 sed
135 717 170 780 sd
187 716 265 781 hunc
282 716 428 780 ultimum
449 715 558 780 locum
582 725 792 792 reservatam,
822 715 1019 799 quibusnam
1045 740 1146 785 voca·

77 818 138 883 bulis
157 816 211 881 hoo
232 816 326 903 alpha
348 816 504 903 anteponi
525 838 593 881 nou
613 816 729 903 possit.
770 817 823 882 Ea
840 817 882 882 de
903 840 939 883 re
959 819 1068 885 nullus
1088 842 1146 886 ve·

76 931 154 983 terum
177 940 231 983 nos
260 918 411 984 certiores
438 918 545 985 iacere
565 918 666 984 voluit
686 919 834 985 sednon
856 919 988 987 omnino
1009 917 1148 988 liberum

76 1028 147 1103 atque
165 1018 394 1085 interminatum
415 1019 517 1086 fuisse
538 1020 715 1108 particulae
725 1016 828 1085 ‘usum
844 1022 988 1087 ostendit
998 1022 1145 1089 Pollucis

74 1118 242 1207 reprehensio
269 1122 334 1186 Ill.
363 1120 415 1187 58.
446 1116 664 1209 παμπόνηροι
689 1120 724 1189 οἶ
749 1116 960 1202 Θεοπόμπου
985 1128 1047 1191 τοῦ
1068 1148 1147 1209 συγ·

73 1218 193 1306 γραφέως
216 1214 393 1301 cimoliam,
424 1223 516 1309 cujus
544 1221 645 1289 simile
672 1244 793 1287 nomen
815 1221 930 1287 dubito
949 1246 1029 1289 num
1047 1246 1146 1313 repe·

74 1320 111 1383 n'ri
127 1322 217 1406 possit
241 1332 370 1409 praeter
389 1323 595 1389 Hesiodeum
619 1317 764 1412 ἇδώτης,
798 1325 890 1410 quod
918 1323 1146 1409 disjunctionis

74 1442 143 1486 causa
156 1423 257 1488 fictum
274 1436 325 1490 est
340 1435 377 1489 ut
391 1424 451 1491 οιίυ
467 1418 567 1505 civico,
592 1419 788 1508 ἀοέμβαμα,
809 1428 944 1509 injussu,
964 1430 1147 1495 inconsultu

73 1545 92 1585 r.
107 1524 139 1587 ad
155 1524 226 1590 Phr.
248 1525 322 1592 563.
344 1525 464 1591 Parall.
488 1524 559 1591 157.
598 1526 636 1590 In
651 1525 814 1612 Hippocr.
836 1526 989 1613 Epidem.
1008 1528 1055 1593 11.
1070 1528 1145 1595 463.

74 1622 99 1686 Τ.
114 1624 165 1690 ΠΙ.
192 1623 223 1694 οἱ
250 1626 391 1714 οραυλοὶ
422 1622 646 1713 ταχύγλιυοοοι
677 1627 913 1713 μελαγχολικοὶ
944 1626 1146 1714 κατακορέες

74 1716 308 1809 ἄοκορόαμύκται
330 1720 513 1810 ὄξύθυμοι,
534 1736 640 1792 utrum
662 1725 916 1814 σκαρδαμύκται
938 1727 1146 1795 scribendum

74 1822 100 1885 sit
114 1848 146 1889 an
160 1818 431 1910 ἆοκαρόάμυκτοι
449 1825 751 1925 physiognomones
771 1826 955 1893 decomant.
983 1821 1147 1917 Ἀβοῦτης

74 1946 118 1987 non
133 1926 293 2010 syntheton
319 1940 369 1992 est
390 1928 449 1993 sed
470 1940 507 1993 ut
528 1926 739 2014 πολυβούτης
756 1938 789 1993 et
800 1926 1011 2019 xci-rovuticpc
1032 1951 1053 1994 a
1068 1951 1146 2016 syn·

74 2022 133 2090 theto
145 2020 257 2110 ἄβους,
283 2030 378 2113 cujus
397 2030 643 2118 proportionem
659 2038 805 2116 praestat
821 2020 941 2107 ἔπους.
973 2031 1148 2116 Adjectiva

79 2128 194 2193 semdae
226 2130 454 2197 declinationis
488 2132 694 2220 perlustranti
728 2130 853 2195 nullum
885 2132 1026 2197 occurrit
1056 2132 1147 2219 qnod

79 2224 174 2293 colorem
189 2252 382 2318 saporemve
399 2232 575 2320 significet,
598 2254 664 2299 nou
685 2224 867 2319 ῥ’γλαυκος,
890 2223 1050 2313 dicator,
1072 2227 1148 2300 ἀνέ-

75 2334 174 2415 colpos,
195 2324 356 2421 dornone,
379 2326 578 2423 ὂῖοτρυφνος.
602 2326 774 2419 ’Άθερμος
796 2332 885 2420 apud
908 2354 1010 2397 unum
1029 2331 1150 2421 legitur

70 2423 216 2512 Platonem,
238 2436 295 2499 cui
312 2433 584 2521 Wyttenbachius
603 2435 698 2500 etiam
716 2428 873 2520 ὄίψυχρος
889 2434 1003 2499 tribuit
1020 2444 1150 2501 caetera
1263 2462 1274 2473 ’

70 2524 188 2640 ignotum.
236 2536 312 2603 Neo
340 2536 460 2602 usitata
489 2548 565 2602 sunt
588 2529 745 2621 ὄῖνυγρος,
769 2526 901 2621 ἔξηρος.
943 2537 999 2602 De
1020 2537 1149 2602 deriva-

67 2750 88 2813 ρ.
104 2733 162 2799 103.
187 2732 398 2827 ἇτρύφερος,
429 2741 520 2825 quod
546 2739 599 2805 hic
618 2739 754 2825 legitur,
780 2735 996 2815 addubitans3
1022 2736 1062 2805 τὸ
1086 2738 1150 2823 γὰρ

66 2832 194 2922 τρυφερός
220 2839 279 2905 καὶ
308 2837 351 2907 τὰ
381 2835 483 2920 ὅμοια
512 2834 787 2926 ἀποστρέφονται
807 2837 867 2927 τὴν
885 2839 971 2925 μετὰ
994 2843 1055 2906 τοῦ
1076 2862 1151 2907 στε-

67 2942 169 3015 ρητικοῦ
199 2926 418 3007 ἆούυθοσιυ.
463 2940 532 3009 Sed
559 2940 641 3005 illud
664 2939 744 3005 satis
772 2950 918 3005 tutantur
940 2938 1151 3007 Grammatici

65 3029 204 3118 Eupolidis
232 3039 440 3121 testimonio,
472 3043 561 3109 unde
587 3042 651 3107 hoc
679 3040 787 3107 solum
816 3041 902 3107 effici
931 3050 1043 3130 potest
1067 3039 1153 3105 hanc

65 3151 148 3201 vocem
171 3140 277 3207 minus
308 3142 461 3209 usitatam
488 3144 607 3221 fuisse3
634 3143 736 3228 idque
763 3142 874 3207 lorsan
901 3142 1034 3207 unicum
1055 3138 1154 3205 inerit

64 3233 215 3317 adjectivi
205 3268 241 3308 rn
271 3268 351 3330 ερος
254 3232 512 3311 *derivati
541 3245 728 3332 exemplum
755 3253 885 3331 praeter
912 3236 1090 3328 ἅχεὶμερος
1110 3240 1152 3307 ab

63 3332 140 3403 loto
159 3355 368 3432 usurpatum3
391 3370 468 3412 nam
490 3341 632 3436 ἇνίερος,
655 3338 878 3459 ἀνελεύθερος
896 3342 963 3409 huc
985 3364 1053 3408 non
1074 3364 1152 3429 per·

63 3432 208 3527 fissent⁸⁸)
252 3448 296 3513 Iu
325 3472 407 3532 αρος
434 3447 546 3513 exiens
567 3470 669 3512 unum
689 3444 867 3511 memoriae
889 3444 1032 3511 occurrit
1051 3435 1154 3532 ἅρῥυ·

63 3558 146 3621 ποροο
96 3544 299 3645 Gregor.
311 3547 394 3614 Nar.
419 3572 495 3614 nam
517 3542 883 3635 ἆβᾶρβαροςὸορὴοοί.
908 3545 1065 3613 dissimile
1087 3554 1153 3623 est3

62 3636 85 3703 in
102 3670 117 3707 v
118 3669 167 3730 ρος
118 3669 304 3736 ρροιιου
332 3642 589 3737 ἆγλάφυρος,’
568 3644 739 3733 αυώχυρος
767 3657 801 3714 et
821 3641 1007 3732 ἆυίσχυρος.
1049 3646 1154 3713 Recte

62 3760 116 3808 vero
136 3746 219 3815 idem
243 3749 369 3817 Coraes
392 3750 436 3815 ad
460 3750 563 3816 Isocr.
588 3772 621 3837 p.
644 3748 719 3815 260.
761 3748 950 3836 Diogenem
960 3749 1072 3814 Laert,
1093 3748 1154 3812 ad-

59 3839 223 3919 jectivum'
202 3874 372 3937 αφυσικος
386 3872 448 3939 pro
463 3843 576 3940 ἆφυης
592 3860 705 3917 contra
719 3861 865 3915 veterum
883 3849 1154 3916 consuetudinem

63 3961 209 4033 sssurpasse
228 3950 374 4037 judicat3
396 3974 504 4038 neque
522 3950 713 4039 probatiora
729 3962 806 4018 sunt
823 3944 1001 4029 ἀυάττικος
1021 3947 1155 4015 scholae

37 4054 39 4065 ’
63 4061 241 4129 concessum,
264 4045 476 4133 ἅπολίτικος,
507 4048 776 4139 ἀγραμμάτους,
799 4074 860 4140 pro
883 4073 948 4138 quo
970 4049 1112 4115 Arriano
1134 4070 1154 4116 ο

113 4281 358 4361 36)Ἐνιρῦρερος,
377 4290 456 4358 quod
472 4285 625 4343 Jacobsius
643 4290 679 4341 ad
697 4287 833 4343 Philostr.
851 4305 881 4360 p.
893 4286 956 4340 230.
976 4283 1155 4361 Eupolidem

61 4364 109 4419 roci
124 4368 251 4441 apponit,
263 4372 321 4444 jam
339 4374 482 4427 sublatum
500 4380 551 4427 est.
