2825 4809
153 391 206 456 DE
223 387 484 454 PROSTIOESI
503 385 566 452 ΕΤ
587 385 853 455 APHAERESI.
887 383 926 452 O.
941 387 1021 455 VII.
1075 391 1147 465 467

81 569 186 655 irrotat
203 570 433 656 signifieatione
449 571 651 654 obqusntum
667 569 765 636 simili
779 591 809 635 r.
825 570 927 638 Proll.
945 569 1019 638 286.
1054 571 1145 640 Gen·

80 672 179 738 tilieium
200 676 394 755 Κοροπαῖος
420 695 441 736 a
459 671 625 738 nonnullis
642 667 832 756 Ὀροααῖος
855 671 920 738 6ἱοί
944 697 1003 739 ναν
1006 655 1146 740 ’tina-

79 788 123 851 ψο
137 777 184 838 τοῦ
201 797 219 835 κ
240 769 427 857 Stephanus
446 782 594 838 testatem.
636 769 774 857 Duplioi
795 770 974 840 mutauere
995 773 1146 839 affectum

78 866 287 954 dieiturdffdr’
265 871 337 938 απὸ
359 878 418 939 τοῦ
438 870 548 961 κοφός
568 867 725 959 ἀποβολῇ
747 877 807 938 τοῦ
829 896 849 936 κ
871 873 929 940 καὶ
951 878 1064 963 τροπῇ
1086 877 1145 942 τοῦ

78 960 188 1060 φεῖςβ
214 972 321 1040 Sohol.
345 972 486 1039 Tbeoer.
509 975 552 1041 V.
573 973 627 1038 43.
647 973 729 1038 ΕΜ.
756 971 879 1050 774,8.
903 995 1042 1057 quorum
1064 974 1146 1042 illud

76 1073 198 1157 niqaion
230 1083 279 1138 est
311 1083 345 1138 et
373 1073 590 1159 frequentius,
623 1093 685 1139 nee
713 1082 821 1138 tamen
850 1072 1047 1159 primitivum
1072 1095 1145 1142 esse
1173 1155 1177 1160 Α

76 1175 252 1238 contenderim
270 1175 323 1240 vel
345 1175 443 1262 hujus
468 1171 620 1260 adjectivi
645 1175 698 1238 vel
727 1183 908 1240 ceterorum
929 1176 1049 1260 quibus
1071 1199 1144 1244 eor-

73 1298 129 1360 pora
148 1276 305 1340 incurvata
334 1286 367 1342 et
390 1298 526 1343 recurva
546 1275 788 1361 significantur:
815 1272 917 1359 ὑβούς
939 1277 996 1346 καὶ
1016 1274 1146 1366 soporis

72 1372 250 1462 Ἱααονονάτης
277 1373 434 1462 ὀνομάζει
461 1369 521 1456 οὓς
547 1373 672 1453 πάντες
699 1373 734 1444 oi
761 1381 817 1444 νῦν
838 1372 1019 1463 ἅνθρωποι
1042 1403 1145 1465 προς

72 1474 225 1561 merlonus
249 1474 406 1563 καρπούς·
435 1481 482 1564 τῷ
509 1476 572 1561 μὲν
591 1470 650 1544 οὖν
672 1481 784 1563 καρπῷ
805 1476 843 1544 τὸ
865 1480 980 1546 κοῖλον
1002 1474 1144 1548 ἀντικει-

72 1577 145 1657 μένας
167 1579 306 1661 λέγεται,
338 1584 388 1666 τῷ
415 1575 487 1664 idei
518 1578 557 1644 δὲ
589 1577 648 1644 καὶ
677 1582 773 1664 rurippi
800 1578 838 1644 τὸ
874 1577 996 1666 λορὸόν
1026 1581 1142 1648 Gulen.

72 1676 162 1743 domm.
181 1680 215 1742 in
235 1679 367 1765 Aphor.
388 1678 443 1744 46.
464 1701 498 1764 p.
525 1679 583 1744 74.
603 1678 646 1744 Τ.
663 1679 799 1748 XVIII.
813 1679 853 1750 P.
870 1679 899 1745 Ι.
932 1681 1002 1748 Sed
1023 1681 1145 1768 λορόός

71 1799 165 1862 qnoque
186 1780 352 1846 interdum
377 1803 446 1845 non
472 1780 656 1866 repandum
689 1781 749 1845 sed
782 1780 951 1847 incurvum
970 1783 1142 1868 signifieat.

70 1880 290 1964 Itaqueiam
317 1881 562 1969 Glossograpbi
596 1881 719 1946 omissa
745 1882 973 1968 designatione
1001 1887 1143 1951 auctoris

69 1981 216 2046 retdermt:
229 1977 325 2067 ’Ίχλα
348 1979 369 2071 ἦ
393 1983 488 2064 κίχλα
510 1983 604 2050 Suid.
633 1982 698 2046 nisi
727 1983 783 2048 illo
810 1985 941 2051 nomine
963 1988 1074 2072 potius
1098 1987 1142 2052 si·

70 2083 196 2166 gudam
217 2084 349 2171 speeies
372 2085 468 2162 turdi,
494 2106 580 2168 quae
598 2084 697 2148 etiam
718 2080 814 2162 ἶλλάς
832 2096 863 2151 et
881 2086 982 2165 αολάς
996 2099 1142 2166 vocatum

68 2180 170 2267 Ifo'fflm
197 2183 233 2252 ol
259 2181 378 2271 ὄγχναι
404 2188 486 2251 Hes.
514 2186 669 2270 idemque
692 2181 833 2272 Ἰνὺοετο
861 2185 1001 2272 ἐμύοετο
1028 2190 1065 2256 id
1094 2203 1144 2256 est
1206 2239 1211 2245 .

68 2284 179 2367 μινύραο
197 2289 249 2352 vel
274 2286 438 2375 arripere,
460 2288 552 2372 quod
570 2287 683 2374 ipsum
706 2287 846 2352 Vossius
865 2287 929 2354 hoo
950 2290 1024 2357 loeo
1046 2294 1141 2357 resti-

68 2386 179 2452 tuendum
204 2399 322 2475 putat,
352 2411 413 2454 nee
440 2389 663 2474 suspicionem
687 2388 874 2474 effugerunt
889 2386 1065 2478 Ἠληθμός
1087 2420 1143 2480 κη-

66 2487 172 2572 lpide,
196 2483 301 2556 Ἦλον
327 2491 615 2569 κατακεκαυμένον
635 2485 763 2572 λαγνόν,
787 2489 839 2556 oui
862 2491 1016 2558 Reiskius
1043 2496 1143 2581 κῆλον

64 2587 160 2676 (καλόν)
179 2589 349 2656 substituit
369 2591 506 2656 alterum
524 2592 847 2677 interpretamentum
866 2593 908 2656 ad
929 2594 1039 2681 κήλων
1058 2596 1141 2660 refe-

63 2697 173 2775 6614).
221 2693 310 2760 Cum
342 2690 455 2778 Kplsic
479 2689 582 2779 ξηρός
609 2702 796 2778 congruunt
818 2695 993 2762 Καυαλέον
1019 2690 1142 2783 ἢκου-

63 2792 114 2869 nita
133 2795 169 2861 ed
194 2785 486 2877 κατακεκαυμένον
511 2791 666 2878 καπυρόν
693 2791 795 2882 ξηρόν
817 2804 850 2858 et
869 2796 1053 2880 καγκαλέον
1074 2798 1142 2862 sive

62 2890 192 2975 νάγκανον,
208 2917 296 2980 quae
312 2894 431 2960 eodem
445 2894 546 2958 modo
561 2894 802 2981 interpretatu,
824 2917 932 2979 neque
952 2897 1040 2960 aliud
1057 2899 1143 2964 valet

61 2988 180 3075 αὐαλέος,
207 2996 303 3082 quod
328 2996 371 3060 ad
402 2989 485 3062 ἀλέα
515 2999 605 3064 rator
625 2996 776 3072 inelinat3
803 2995 943 3082 ipsaque
968 2997 1068 3064 verba
1089 2999 1141 3064 his

61 3099 281 3178 paecurrenua-
296 3097 382 3164 καίιο
415 3097 483 3162 sive
506 3097 592 3164 duim
616 3109 649 3162 et
670 3091 758 3176 αἷνίο,
790 3099 850 3162 etsi
869 3119 1037 3183 nunquam
1057 3099 1142 3165 inter

60 3202 263 3266 seeommutari
278 3209 430 3286 possunt,
447 3210 556 3266 tamen
570 3199 729 3264 haetenus
746 3198 922 3264 cohaerent
938 3199 1029 3284 quod
1040 3202 1141 3267 altero

60 3303 216 3368 nteeedens
258 3300 478 3386 significatur,
520 3302 621 3366 altero
663 3323 879 3385 consequens
937 3303 971 3366 N
973 3324 1009 3366 ec
1045 3303 1142 3369 refert

58 3413 134 3468 utrum
156 3401 236 3472 ἀλέα
265 3404 398 3469 calore
420 3400 503 3469 noim
527 3402 771 3467 derivatumt
729 3412 771 3466 s1t
790 3425 831 3466 an
853 3413 889 3466 ut
910 3382 990 3467 EM.
1013 3403 1065 3481 58,
1088 3405 1140 3469 39.

60 3496 106 3570 ind
127 3511 179 3573 zoi
205 3507 311 3582 δαίω,
339 3504 426 3569 unde
449 3501 593 3570 Δαεινόν
620 3529 784 3588 καοονμον
812 3515 844 3568 et
872 3502 1011 3590 Δαηοόν
1041 3502 1142 3592 ξηρόν

58 3607 241 3694 κανματηρόν.
301 3605 492 3672 (lamminae
525 3627 645 3670 nomen
679 3604 894 3692 probabiliter
923 3600 1012 3670 ab
995 3603 1142 3692 ομάραις

60 3704 104 3771 sive
120 3709 278 3774 canalibus
302 3707 468 3794 repetitur,
490 3729 574 3790 quae
596 3719 697 3793 saepe
717 3708 904 3776 formitates
928 3717 1004 3774 sunt
1024 3717 1061 3774 ut
1081 3732 1141 3774 κα-

59 3807 135 3896 μάραν
158 3837 186 3878 v.
206 3812 314 3878 Proll.
339 3811 413 3876 223.
437 3819 470 3874 et
491 3808 564 3873 255.
588 3808 688 3888 Κίλιξ
706 3813 789 3890 βοῦς
814 3807 851 3875 τὸ
876 3807 911 3877 ἓν
933 3810 1033 3897 κέρας
1057 3805 1139 3876 ἅπε-

60 3915 226 3997 6ραμμὲνον
249 3911 335 3998 ἰύζων
348 3914 432 3977 Hes.
450 3911 493 3974 ad
511 3908 582 3989 ἕλιξ
595 3910 707 3976 referri
724 3919 851 3997 potest3
870 3907 975 3986 Ἰσκός
998 3909 1141 3995 κλέπτης

60 4078 358 4100 w
426 4094 430 4107 ι

106 4183 139 4249 ll)
153 4181 332 4239 Manifestior
349 4187 470 4254 peceant
481 4175 569 4252 ’Ἀρυα
587 4178 619 4235 τὰ
637 4177 821 4256 ἡρακλεωτονὰ
836 4173 925 4250 κάρυα
943 4183 972 4230 et
982 4169 1140 4245 ''Ernrdpor

60 4262 116 4318 totu
130 4266 239 4344 ἀνδρῶν.
