2825 4809
194 367 272 438 456
547 361 871 430 mssuumlo
894 306 965 428 m·

192 543 386 612 incredibile
415 553 475 610 est.
531 543 601 612 Sed
627 545 698 631 jam
729 546 809 612 satis
840 557 955 633 patere
986 546 1127 613 arbitrer
1153 545 1320 633 quaenam

190 647 274 733 fingi
296 645 426 733 possint
452 646 597 712 omnium
622 646 737 714 harum
764 648 1028 714 terminationum
1050 670 1188 726 causae;
1216 648 1319 736 prisci

189 747 428 826 vocabulorum
450 750 600 814 suctores
622 751 712 816 unde
733 750 904 837 progressi
924 750 991 815 sint
1013 760 1048 816 et
1069 773 1136 835 qua
1156 749 1229 828 via,
1251 771 1319 815 non

190 860 259 914 tam
276 849 424 914 restricte
441 850 646 936 praefiniam.
687 853 765 917 Hac
782 873 884 938 opera
901 851 1081 938 perfunctis
1095 860 1200 917 restat
1216 872 1320 915 unum

191 968 298 1035 genus
321 951 412 1036 quod
433 974 453 1016 a
473 950 659 1017 nominibus
682 953 807 1039 primae
823 951 1050 1018 declinationis
1072 954 1238 1038 originem
1260 952 1318 1016 ha·

191 1049 265 1116 bet:
295 1053 476 1140 διαθηκῑῦα
504 1052 582 1138 (sio)
610 1050 829 1133 ὑποιύαωσις
857 1054 984 1138 (omiss.
1011 1055 1046 1118 in
1072 1053 1192 1138 Thes.)
1221 1055 1318 1119 Eust.

58 1151 60 1156 ’
191 1151 288 1230 1949,
311 1151 363 1219 53.
393 1151 531 1240 ἡμερῶα
562 1149 815 1242 ἡμεροφυλάκια
841 1153 943 1223 Phot.
968 1155 1060 1240 quod
1085 1155 1121 1219 in
1149 1154 1319 1241 singulare

189 1247 330 1338 ἡμορώα
352 1251 524 1342 (φυλακή)
548 1249 803 1344 ἦμεροφολακία
822 1255 878 1341 (ut
898 1258 1165 1346 surrupuistin)
1185 1267 1318 1323 mutan-

191 1352 272 1416 dum
294 1363 361 1430 est,
390 1355 525 1431 οαλῶος
551 1349 569 1420 ὁ
596 1354 902 1444 πεφροντισμένος·
924 1353 1015 1423 οοίλα
1041 1357 1105 1442 γὰρ
1131 1352 1150 1444 ἡ
1179 1356 1319 1445 φροντίς

188 1452 276 1518 Hes.
300 1475 365 1538 quo
388 1454 462 1519 loco
489 1455 517 1518 si
545 1455 618 1540 quis
645 1455 802 1521 usitatum
823 1454 927 1535 σαλός
954 1458 1183 1544 reponendum
1211 1469 1319 1544 putet,

188 1554 293 1620 series
315 1579 384 1622 non
404 1567 581 1643 repugnat,
603 1561 756 1640 χαρτῶος
776 1568 810 1623 et
828 1558 968 1624 fumasse
989 1558 1053 1623 alia
1073 1559 1224 1643 ejusdem
1243 1560 1316 1623 vili·

188 1656 284 1735 tatis,
314 1667 452 1744 excepto
477 1681 544 1723 uno
566 1657 735 1744 gentilicio
758 1660 904 1739 Γελῶος,
935 1659 1026 1744 quod
1052 1660 1087 1723 in
1110 1659 1199 1725 Edd.
1222 1671 1314 1725 vetu-

188 1757 347 1824 stioribus
368 1759 452 1825 sicut
474 1759 645 1846 superiora
665 1760 775 1825 omnia
791 1758 860 1824 fere
878 1781 1009 1847 semper
1023 1761 1071 1824 ita
1088 1760 1245 1847 scriptum
1261 1772 1313 1826 est

189 1860 317 1926 Herod.
330 1861 408 1928 VlI.
424 1861 495 1926 156.
516 1862 648 1946 Scymn.
660 1861 735 1925 291.
755 1859 877 1926 Athen.
890 1862 955 1927 III.
969 1861 1040 1927 lto.
1053 1864 1098 1927 A
1114 1862 1178 1929 IV.
1191 1862 1264 1928 162.
1273 1865 1316 1928 B.

189 1959 458 2047 Dieg.11.106.
485 1963 717 2049 praetermisso
743 1961 830 2039 iota,
863 1964 957 2048 eujus
985 1984 1058 2026 rara
1085 1961 1229 2048 vestigia
1258 1986 1319 2028 ex-

189 2084 305 2148 pressa
327 2062 458 2128 suntin
479 2064 619 2129 nummis
640 2062 875 2150 lapidibusque
895 2075 929 2128 et
949 2063 1073 2150 passim
1095 2074 1264 2150 apparent
1284 2064 1320 2128 in

189 2164 289 2230 codd.
314 2165 421 2230 Thus.
434 2166 495 2234 IV.
510 2166 562 2231 58.
582 2166 722 2232 Lucian.
737 2164 827 2231 Dial.
842 2165 944 2230 Mort.
955 2165 1002 2230 X.
1014 2165 1046 2228 4.
1067 2163 1172 2230 Anth.
1183 2165 1253 2230 IX.
1264 2165 1320 2230 96.

190 2264 261 2332 Sed
289 2264 330 2330 de
352 2264 417 2344 hoc
440 2267 510 2350 jam
534 2265 612 2332 olim
639 2265 824 2332 laboratum
851 2289 924 2332 esse
952 2266 1131 2332 ostendunt
1152 2267 1320 2353 Stephani

189 2365 307 2431 verba:
333 2365 418 2433 Γέλα
438 2367 477 2434 τὸ
502 2366 639 2435 illuseris
662 2369 794 2445 Γελῶος
815 2361 853 2435 οὗ
878 2372 909 2431 Γ
905 2369 1035 2446 elaios·
1059 2365 1117 2434 καί
1138 2363 1226 2446 teng
1246 2363 1320 2434 ἀπὸ

188 2471 250 2532 τοῦ
276 2465 395 2552 γέλως,
422 2489 507 2552 quae
530 2491 609 2534 sane
630 2467 786 2533 mimbilis
808 2477 859 2533 est
879 2470 1067 2554 conjectura
1087 2468 1149 2534 sed
1171 2469 1322 2534 ostendit

188 2567 278 2633 illam
300 2591 320 2632 a
341 2570 517 2655 protoclito
543 2569 777 2636 derivationem
797 2568 923 2635 auctori
943 2568 1192 2634 insolentiorem
1213 2569 1321 2633 visam

186 2691 272 2736 osse.
317 2671 442 2737 Verum
457 2673 528 2755 jam
547 2670 692 2736 finienda
711 2681 763 2735 est
782 2670 865 2736 haee
880 2671 984 2756 longa
1001 2670 1194 2756 disputatio,
1219 2694 1321 2756 quam

189 2782 327 2858 propter
348 2772 489 2858 paucula
510 2773 577 2838 iota
598 2771 794 2858 pleonastici
816 2772 966 2858 exempla
987 2772 1157 2837 instituere
1179 2782 1320 2837 coactus

187 2895 264 2936 sum
289 2872 348 2937 sed
376 2873 539 2958 explicare
568 2895 635 2938 non
662 2872 758 2959 potui
786 2873 976 2958 quinquae
1005 2873 1088 2938 falso
1117 2872 1184 2938 huc
1213 2872 1322 2937 relata
1388 2900 1390 2915 =

187 2983 300 3040 essent
326 2973 507 3040 refellerem
537 2975 698 3060 simulque
725 2974 832 3039 varios
861 2973 1143 3060 diphthongorum
1170 2960 1216 3043 οἷ
1232 2984 1270 3039 et
1291 2962 1322 3062 ᾧ

186 3074 355 3141 discursus
380 3085 412 3140 et
431 3074 673 3141 vicissitudines
697 3097 903 3160 exsequerer.

274 3180 299 3261 d.
324 3178 353 3242 7.
398 3175 484 3243 Cum
495 3175 669 3257 λοίσθιος,
684 3170 1140 3262 πτολιπόρθιοςΕιιοίαλλιίυε
1154 3175 1251 3253 1643,
1263 3175 1319 3241 30.

186 3300 257 3342 non
282 3277 359 3342 satis
389 3289 465 3365 apte
492 3279 657 3344 connectit
674 3273 838 3355 αίδοίιος,
863 3278 954 3361 quod
975 3278 1064 3342 unde
1089 3277 1244 3342 sumserit
1265 3276 1321 3340 di·
1387 3328 1388 3369 ;

187 3400 262 3444 cere
284 3401 351 3442 non
371 3377 497 3458 habeo,
521 3388 553 3444 et
573 3373 723 3462 ὁμοίιος,
749 3375 790 3441 de
816 3399 882 3461 quo
904 3378 985 3444 EM.
1008 3377 1087 3457 624,
1103 3378 1155 3444 24.
1180 3371 1322 3462 ὁμοίιος
1387 3376 1389 3437 3

188 3479 227 3546 ἐκ
258 3485 318 3548 τοῦ
346 3475 465 3565 ὅμοιος
494 3481 697 3566 πλεονασμῷ
726 3463 827 3546 soti
851 3473 897 3558 ὦς
925 3478 1081 3566 γελοίιος.
1132 3479 1229 3543 Haec
1253 3475 1320 3540 ho·
1387 3491 1389 3499 '

186 3581 309 3650 merica
334 3593 423 3659 sunt;
445 3581 629 3667 Dionysius
646 3603 676 3646 v.
694 3579 788 3645 1180.
805 3580 933 3646 addidit
949 3576 1126 3665 ἑτεροίιος,
1148 3577 1319 3644 Proculus

187 3684 234 3748 H.
257 3683 291 3749 in
312 3685 397 3752 Ven.
420 3684 484 3749 IlI.
499 3683 549 3748 15.
572 3677 715 3760 ὀλοίιος,
738 3680 802 3746 nisi
822 3681 850 3746 is
869 3679 992 3757 ὄλώιος
1008 3679 1141 3765 scripsit
1157 3679 1318 3765 exemplo

187 3784 348 3864 Hesiodi,
376 3805 441 3870 quo
468 3784 558 3850 ducti
580 3782 794 3851 Grammatici
816 3777 958 3869 γελοίως
975 3780 1151 3845 finxerunt.
1196 3780 1251 3845 Ita
1270 3777 1318 3842 ab

186 3909 255 3952 una
276 3887 376 3974 stirpe
399 3885 562 3974 gradatim
588 3883 773 3974 proserpsit
799 3874 879 3950 silv'a
900 3881 1119 3969 epithetorum
1140 3875 1224 3958 ὀλός
1244 3880 1319 3944 sive

186 3979 304 4068 οὖλος,
327 3982 428 4067 ὀλοός
444 3987 511 4054 sive
531 3981 664 4066 οὖλοός,
686 3979 812 4064 οἷίλιος,
833 3979 963 4062 ὄλοιός,
984 3978 1126 4060 ὅλοίιος,
1142 3992 1319 4070 postremo

185 4079 359 4172 ὀλοφώιος
381 4089 477 4174 quasi
497 4088 539 4156 ab
562 4084 689 4176 ὄλοφός
710 4096 746 4150 ut
768 4081 935 4171 ὁμολώιος
953 4108 995 4150 ex
1011 4083 1320 4169 quorundamsen-

189 4187 291 4252 tenus
315 4189 355 4254 ab
374 4187 508 4274 ὅμαλος.
552 4189 619 4254 Ηίο
640 4188 710 4252 iota
728 4209 796 4252 non
816 4196 852 4251 ut
872 4185 908 4250 in
928 4187 1086 4262 λοίαθιος
1107 4185 1321 4252 extrinsecus

187 4299 367 4351 assumtum
390 4290 449 4353 sed
476 4313 516 4355 ex
538 4289 735 4375 contagione
757 4286 981 4353 antecedentis
1008 4285 1210 4374 diphthongi
1229 4307 1322 4372 pro·
