<?xml version="1.0" encoding="UTF-8"?>
<!DOCTYPE html PUBLIC "-//W3C//DTD XHTML 1.0 Transitional//EN"
    "http://www.w3.org/TR/xhtml1/DTD/xhtml1-transitional.dtd">
<html xmlns="http://www.w3.org/1999/xhtml" xml:lang="en" lang="en">
 <head>
  <title>
</title>
<meta http-equiv="Content-Type" content="text/html;charset=utf-8" />
  <meta name='ocr-system' content='tesseract 3.04.00' />
  <meta name='ocr-capabilities' content='ocr_page ocr_carea ocr_par ocr_line ocrx_word'/>
</head>
<body>
  <div class='ocr_page' id='page_1' title='image "./pathologiaegrae01lobegoog_0401.png"; bbox 0 0 2825 4809; ppageno 0'>
   <div class='ocr_carea' id='block_1_1' title="bbox 122 360 1164 449">
    <p class='ocr_par' dir='ltr' id='par_1_1' title="bbox 122 360 1164 449">
     <span class='ocr_line' id='line_1_1' title="bbox 122 360 1164 449; baseline -0.007 -14"><span class='ocrx_word' id='word_1_1' title='bbox 122 369 172 435; x_wconf 84' lang='lat' dir='ltr'><strong>nn</strong></span> <span class='ocrx_word' id='word_1_2' title='bbox 189 362 303 430; x_wconf 77' lang='lat' dir='ltr'><strong>nnus</strong></span> <span class='ocrx_word' id='word_1_3' title='bbox 327 360 565 431; x_wconf 71' lang='lat' dir='ltr'><strong>sinonem</strong></span> <span class='ocrx_word' id='word_1_4' title='bbox 585 363 864 432; x_wconf 79' lang='lat' dir='ltr'><strong>annuamus.</strong></span> <span class='ocrx_word' id='word_1_5' title='bbox 889 364 928 431; x_wconf 87' lang='lat' dir='ltr'><strong>o.</strong></span> <span class='ocrx_word' id='word_1_6' title='bbox 940 364 986 430; x_wconf 87' lang='lat'><strong>11.</strong></span> <span class='ocrx_word' id='word_1_7' title='bbox 998 367 1024 449; x_wconf 71' lang='grc' dir='ltr'><strong>ε.</strong></span> <span class='ocrx_word' id='word_1_8' title='bbox 1037 365 1067 429; x_wconf 86' lang='lat'><strong>1.</strong></span> <span class='ocrx_word' id='word_1_9' title='bbox 1089 369 1164 441; x_wconf 68' lang='lat' dir='ltr'><strong>asc</strong></span> 
     </span>
    </p>
   </div>
   <div class='ocr_carea' id='block_1_2' title="bbox 81 545 1166 1553">
    <p class='ocr_par' dir='ltr' id='par_1_2' title="bbox 81 545 1166 1553">
     <span class='ocr_line' id='line_1_2' title="bbox 89 545 1165 636; baseline -0.005 -14"><span class='ocrx_word' id='word_1_10' title='bbox 89 550 180 628; x_wconf 76' lang='grc' dir='ltr'><strong><em>ὁσάκις</em></strong></span> <span class='ocrx_word' id='word_1_11' title='bbox 198 560 227 614; x_wconf 90' lang='lat' dir='ltr'><strong>et</strong></span> <span class='ocrx_word' id='word_1_12' title='bbox 244 545 383 633; x_wconf 79' lang='grc' dir='ltr'><strong><em>τριάκις,</em></strong></span> <span class='ocrx_word' id='word_1_13' title='bbox 401 571 443 614; x_wconf 81' lang='lat' dir='ltr'><strong>ne</strong></span> <span class='ocrx_word' id='word_1_14' title='bbox 457 548 594 615; x_wconf 70' lang='lat' dir='ltr'><strong>duanam</strong></span> <span class='ocrx_word' id='word_1_15' title='bbox 605 551 805 636; x_wconf 81' lang='lat' dir='ltr'><strong>syllabarum</strong></span> <span class='ocrx_word' id='word_1_16' title='bbox 819 551 983 635; x_wconf 83' lang='lat' dir='ltr'><strong>jacturam</strong></span> <span class='ocrx_word' id='word_1_17' title='bbox 994 549 1165 617; x_wconf 81' lang='lat' dir='ltr'><strong>admittere</strong></span> 
     </span>
     <span class='ocr_line' id='line_1_3' title="bbox 88 650 1163 742; baseline -0.004 -21"><span class='ocrx_word' id='word_1_18' title='bbox 88 662 201 742; x_wconf 83' lang='lat' dir='ltr'><strong>cogatur.</strong></span> <span class='ocrx_word' id='word_1_19' title='bbox 239 650 307 716; x_wconf 84' lang='lat' dir='ltr'><strong>Nos</strong></span> <span class='ocrx_word' id='word_1_20' title='bbox 329 650 624 718; x_wconf 82' lang='lat' dir='ltr'><strong>hisoerationibus</strong></span> <span class='ocrx_word' id='word_1_21' title='bbox 648 652 778 739; x_wconf 83' lang='lat' dir='ltr'><strong>rejectis</strong></span> <span class='ocrx_word' id='word_1_22' title='bbox 805 652 848 717; x_wconf 85' lang='lat' dir='ltr'><strong>dc</strong></span> <span class='ocrx_word' id='word_1_23' title='bbox 868 674 904 717; x_wconf 89' lang='lat' dir='ltr'><strong>re</strong></span> <span class='ocrx_word' id='word_1_24' title='bbox 926 652 1003 738; x_wconf 89' lang='lat' dir='ltr'><strong>ipsa</strong></span> <span class='ocrx_word' id='word_1_25' title='bbox 1023 671 1163 717; x_wconf 79' lang='lat' dir='ltr'><strong>consca-</strong></span> 
     </span>
     <span class='ocr_line' id='line_1_4' title="bbox 87 751 1165 842; baseline -0.002 -21"><span class='ocrx_word' id='word_1_26' title='bbox 87 758 168 833; x_wconf 75' lang='lat' dir='ltr'><strong>inns</strong></span> <span class='ocrx_word' id='word_1_27' title='bbox 189 776 224 819; x_wconf 85' lang='lat' dir='ltr'><strong>cc</strong></span> <span class='ocrx_word' id='word_1_28' title='bbox 244 775 309 818; x_wconf 92' lang='lat' dir='ltr'><strong>non</strong></span> <span class='ocrx_word' id='word_1_29' title='bbox 332 752 438 818; x_wconf 89' lang='lat' dir='ltr'><strong>solnm</strong></span> <span class='ocrx_word' id='word_1_30' title='bbox 458 753 596 841; x_wconf 80' lang='grc' dir='ltr'><strong><em>δίμηκος</em></strong></span> <span class='ocrx_word' id='word_1_31' title='bbox 618 763 651 819; x_wconf 89' lang='lat' dir='ltr'><strong>ct</strong></span> <span class='ocrx_word' id='word_1_32' title='bbox 677 751 837 842; x_wconf 78' lang='grc' dir='ltr'><strong><em>τρίμηνος</em></strong></span> <span class='ocrx_word' id='word_1_33' title='bbox 857 775 978 821; x_wconf 89' lang='lat' dir='ltr'><strong>nomen</strong></span> <span class='ocrx_word' id='word_1_34' title='bbox 1000 754 1165 821; x_wconf 82' lang='lat' dir='ltr'><strong>cardinale</strong></span> 
     </span>
     <span class='ocr_line' id='line_1_5' title="bbox 85 854 1164 945; baseline 0 -22"><span class='ocrx_word' id='word_1_35' title='bbox 85 860 109 923; x_wconf 90' lang='lat' dir='ltr'><strong>in</strong></span> <span class='ocrx_word' id='word_1_36' title='bbox 130 855 274 945; x_wconf 86' lang='lat' dir='ltr'><strong>principio</strong></span> <span class='ocrx_word' id='word_1_37' title='bbox 303 854 424 921; x_wconf 89' lang='lat' dir='ltr'><strong>habere</strong></span> <span class='ocrx_word' id='word_1_38' title='bbox 456 855 593 921; x_wconf 83' lang='lat' dir='ltr'><strong>dicimus</strong></span> <span class='ocrx_word' id='word_1_39' title='bbox 622 856 682 921; x_wconf 90' lang='lat' dir='ltr'><strong>scd</strong></span> <span class='ocrx_word' id='word_1_40' title='bbox 713 856 811 921; x_wconf 80' lang='lat' dir='ltr'><strong>etiam</strong></span> <span class='ocrx_word' id='word_1_41' title='bbox 836 857 1008 935; x_wconf 76' lang='lat' dir='ltr'>ulteriora,</span> <span class='ocrx_word' id='word_1_42' title='bbox 1045 855 1164 942; x_wconf 80' lang='lat' dir='ltr'><strong>quibus</strong></span> 
     </span>
     <span class='ocr_line' id='line_1_6' title="bbox 84 956 1164 1045; baseline 0.002 -22"><span class='ocrx_word' id='word_1_43' title='bbox 84 960 124 1023; x_wconf 85' lang='lat' dir='ltr'><strong>ille</strong></span> <span class='ocrx_word' id='word_1_44' title='bbox 143 956 281 1023; x_wconf 86' lang='lat' dir='ltr'><strong>adverbia</strong></span> <span class='ocrx_word' id='word_1_45' title='bbox 302 957 473 1044; x_wconf 77' lang='lat' dir='ltr'>praetexit.</span> <span class='ocrx_word' id='word_1_46' title='bbox 515 958 624 1043; x_wconf 88' lang='lat' dir='ltr'><strong>quue</strong></span> <span class='ocrx_word' id='word_1_47' title='bbox 646 958 788 1045; x_wconf 90' lang='lat' dir='ltr'><strong>primum</strong></span> <span class='ocrx_word' id='word_1_48' title='bbox 808 958 953 1024; x_wconf 85' lang='lat' dir='ltr'><strong>ostendit</strong></span> <span class='ocrx_word' id='word_1_49' title='bbox 968 957 1164 1043; x_wconf 82' lang='lat' dir='ltr'><strong>significatio</strong></span> 
     </span>
     <span class='ocr_line' id='line_1_7' title="bbox 84 1055 1164 1157; baseline 0 -32"><span class='ocrx_word' id='word_1_50' title='bbox 84 1062 174 1126; x_wconf 89' lang='lat' dir='ltr'><strong>horum</strong></span> <span class='ocrx_word' id='word_1_51' title='bbox 201 1060 364 1125; x_wconf 85' lang='lat' dir='ltr'><strong>nominum</strong></span> <span class='ocrx_word' id='word_1_52' title='bbox 388 1060 478 1144; x_wconf 83' lang='lat' dir='ltr'><strong>(nam</strong></span> <span class='ocrx_word' id='word_1_53' title='bbox 500 1055 920 1157; x_wconf 62' lang='lat' dir='ltr'><strong>narcdpqvogestdjnc&#39;rrc</strong></span> <span class='ocrx_word' id='word_1_54' title='bbox 937 1065 1045 1147; x_wconf 78' lang='grc' dir='ltr'><strong><em>μῆνας</em></strong></span> <span class='ocrx_word' id='word_1_55' title='bbox 1062 1057 1164 1143; x_wconf 78' lang='grc' dir='ltr'><strong><em>ἔχων)</em></strong></span> 
     </span>
     <span class='ocr_line' id='line_1_8' title="bbox 83 1160 1166 1247; baseline -0.003 -20"><span class='ocrx_word' id='word_1_56' title='bbox 83 1172 106 1227; x_wconf 89' lang='lat' dir='ltr'><strong>ct</strong></span> <span class='ocrx_word' id='word_1_57' title='bbox 122 1162 306 1229; x_wconf 85' lang='lat' dir='ltr'><strong>consuetudo</strong></span> <span class='ocrx_word' id='word_1_58' title='bbox 324 1161 425 1228; x_wconf 86' lang='lat' dir='ltr'><strong>latina</strong></span> <span class='ocrx_word' id='word_1_59' title='bbox 443 1184 485 1227; x_wconf 85' lang='lat' dir='ltr'><strong>ex</strong></span> <span class='ocrx_word' id='word_1_60' title='bbox 506 1163 623 1229; x_wconf 87' lang='lat' dir='ltr'><strong>eodem</strong></span> <span class='ocrx_word' id='word_1_61' title='bbox 645 1179 766 1247; x_wconf 85' lang='lat' dir='ltr'><strong>genere</strong></span> <span class='ocrx_word' id='word_1_62' title='bbox 781 1161 997 1227; x_wconf 88' lang='lat' dir='ltr'><strong>numeralium</strong></span> <span class='ocrx_word' id='word_1_63' title='bbox 1006 1160 1166 1245; x_wconf 83' lang='lat' dir='ltr'><strong>adjectiva</strong></span> 
     </span>
     <span class='ocr_line' id='line_1_9' title="bbox 82 1262 1165 1350; baseline 0.001 -22"><span class='ocrx_word' id='word_1_64' title='bbox 82 1284 250 1350; x_wconf 85' lang='lat' dir='ltr'><strong>componens</strong></span> <span class='ocrx_word' id='word_1_65' title='bbox 277 1262 405 1349; x_wconf 72' lang='lat' dir='ltr'><strong>graems</strong></span> <span class='ocrx_word' id='word_1_66' title='bbox 435 1263 553 1329; x_wconf 75' lang='lat' dir='ltr'><strong>similia</strong></span> <span class='ocrx_word' id='word_1_67' title='bbox 581 1267 832 1349; x_wconf 73' lang='lat' dir='ltr'><strong>quinqueremis,</strong></span> <span class='ocrx_word' id='word_1_68' title='bbox 859 1265 1083 1346; x_wconf 71' lang='lat' dir='ltr'><strong>ceptmollir,</strong></span> <span class='ocrx_word' id='word_1_69' title='bbox 1112 1264 1165 1329; x_wconf 78' lang='lat' dir='ltr'><strong>dc-</strong></span> 
     </span>
     <span class='ocr_line' id='line_1_10' title="bbox 82 1365 1166 1455; baseline -0.001 -25"><span class='ocrx_word' id='word_1_70' title='bbox 82 1368 213 1449; x_wconf 69' lang='lat' dir='ltr'><strong>ccmjcoir,</strong></span> <span class='ocrx_word' id='word_1_71' title='bbox 242 1386 316 1430; x_wconf 87' lang='lat' dir='ltr'><strong>cum</strong></span> <span class='ocrx_word' id='word_1_72' title='bbox 341 1365 500 1432; x_wconf 88' lang='lat' dir='ltr'><strong>nonnulla</strong></span> <span class='ocrx_word' id='word_1_73' title='bbox 523 1366 626 1455; x_wconf 85' lang='lat' dir='ltr'><strong>partis</strong></span> <span class='ocrx_word' id='word_1_74' title='bbox 647 1365 768 1453; x_wconf 88' lang='lat' dir='ltr'><strong>prioris</strong></span> <span class='ocrx_word' id='word_1_75' title='bbox 787 1365 1011 1431; x_wconf 78' lang='lat' dir='ltr'><strong>immutatione</strong></span> <span class='ocrx_word' id='word_1_76' title='bbox 1033 1366 1166 1447; x_wconf 66' lang='lat' dir='ltr'><strong>quodci-</strong></span> 
     </span>
     <span class='ocr_line' id='line_1_11' title="bbox 81 1464 1165 1553; baseline -0.001 -23"><span class='ocrx_word' id='word_1_77' title='bbox 81 1471 344 1543; x_wconf 64' lang='grc' dir='ltr'><strong><em>κατετέτηκτο,</em></strong></span> <span class='ocrx_word' id='word_1_78' title='bbox 368 1473 574 1535; x_wconf 74' lang='lat' dir='ltr'><strong>centimanus.</strong></span> <span class='ocrx_word' id='word_1_79' title='bbox 611 1467 744 1533; x_wconf 81' lang='lat' dir='ltr'><strong>Deinde</strong></span> <span class='ocrx_word' id='word_1_80' title='bbox 767 1464 990 1553; x_wconf 73' lang='grc' dir='ltr'><strong><em>ταραβόειος,</em></strong></span> <span class='ocrx_word' id='word_1_81' title='bbox 1013 1486 1080 1551; x_wconf 89' lang='lat' dir='ltr'><strong>quc</strong></span> <span class='ocrx_word' id='word_1_82' title='bbox 1102 1486 1165 1551; x_wconf 90' lang='lat' dir='ltr'><strong>po·</strong></span> 
     </span>
    </p>
   </div>
   <div class='ocr_carea' id='block_1_3' title="bbox 81 1564 1277 1654">
    <p class='ocr_par' dir='ltr' id='par_1_3' title="bbox 81 1564 1277 1654">
     <span class='ocr_line' id='line_1_12' title="bbox 81 1564 1277 1654; baseline 0.004 -23"><span class='ocrx_word' id='word_1_83' title='bbox 81 1568 201 1634; x_wconf 85' lang='lat' dir='ltr'><strong>steriores</strong></span> <span class='ocrx_word' id='word_1_84' title='bbox 222 1578 366 1649; x_wconf 91' lang='lat' dir='ltr'><strong>utuntur,</strong></span> <span class='ocrx_word' id='word_1_85' title='bbox 389 1582 422 1635; x_wconf 86' lang='lat' dir='ltr'><strong>et</strong></span> <span class='ocrx_word' id='word_1_86' title='bbox 445 1564 675 1653; x_wconf 77' lang='grc' dir='ltr'><strong><em>τετράκυκλος,</em></strong></span> <span class='ocrx_word' id='word_1_87' title='bbox 698 1590 765 1653; x_wconf 92' lang='lat' dir='ltr'><strong>qno</strong></span> <span class='ocrx_word' id='word_1_88' title='bbox 776 1569 943 1633; x_wconf 88' lang='lat' dir='ltr'><strong>Homerus</strong></span> <span class='ocrx_word' id='word_1_89' title='bbox 964 1567 1064 1654; x_wconf 83' lang='lat' dir='ltr'><strong>alpha</strong></span> <span class='ocrx_word' id='word_1_90' title='bbox 1086 1588 1166 1653; x_wconf 89' lang='lat' dir='ltr'><strong>pro·</strong></span> <span class='ocrx_word' id='word_1_91' title='bbox 1273 1627 1277 1636; x_wconf 80' lang='grc'><strong><em>,</em></strong></span> 
     </span>
    </p>
   </div>
   <div class='ocr_carea' id='block_1_4' title="bbox 71 1664 1193 3786">
    <p class='ocr_par' dir='ltr' id='par_1_4' title="bbox 71 1664 1193 3786">
     <span class='ocr_line' id='line_1_13' title="bbox 81 1664 1168 1756; baseline -0.001 -23"><span class='ocrx_word' id='word_1_92' title='bbox 81 1670 225 1754; x_wconf 78' lang='lat' dir='ltr'><strong>ducens⁴)‚</strong></span> <span class='ocrx_word' id='word_1_93' title='bbox 246 1694 344 1737; x_wconf 89' lang='lat' dir='ltr'><strong>nemo</strong></span> <span class='ocrx_word' id='word_1_94' title='bbox 361 1672 479 1738; x_wconf 77' lang='lat' dir='ltr'><strong>dixerit</strong></span> <span class='ocrx_word' id='word_1_95' title='bbox 501 1670 594 1737; x_wconf 81' lang='lat' dir='ltr'><strong>aliter</strong></span> <span class='ocrx_word' id='word_1_96' title='bbox 605 1664 748 1756; x_wconf 80' lang='lat' dir='ltr'><strong>figurata</strong></span> <span class='ocrx_word' id='word_1_97' title='bbox 762 1693 835 1736; x_wconf 88' lang='lat' dir='ltr'><strong>csse</strong></span> <span class='ocrx_word' id='word_1_98' title='bbox 853 1694 953 1756; x_wconf 89' lang='lat' dir='ltr'><strong>quam</strong></span> <span class='ocrx_word' id='word_1_99' title='bbox 966 1668 1168 1735; x_wconf 84' lang='lat' dir='ltr'><strong>homericum</strong></span> 
     </span>
     <span class='ocr_line' id='line_1_14' title="bbox 80 1768 1166 1859; baseline 0 -24"><span class='ocrx_word' id='word_1_100' title='bbox 80 1768 292 1859; x_wconf 81' lang='grc' dir='ltr'><strong><em>τεοσοράβοιος</em></strong></span> <span class='ocrx_word' id='word_1_101' title='bbox 312 1772 376 1839; x_wconf 88' lang='lat' dir='ltr'><strong>nisi</strong></span> <span class='ocrx_word' id='word_1_102' title='bbox 403 1774 494 1859; x_wconf 90' lang='lat' dir='ltr'><strong>qnod</strong></span> <span class='ocrx_word' id='word_1_103' title='bbox 522 1773 586 1837; x_wconf 89' lang='lat' dir='ltr'><strong>illis</strong></span> <span class='ocrx_word' id='word_1_104' title='bbox 611 1774 677 1837; x_wconf 89' lang='lat' dir='ltr'><strong>duo</strong></span> <span class='ocrx_word' id='word_1_105' title='bbox 704 1772 747 1839; x_wconf 88' lang='lat' dir='ltr'><strong>ad</strong></span> <span class='ocrx_word' id='word_1_106' title='bbox 769 1794 928 1838; x_wconf 86' lang='lat' dir='ltr'><strong>summam</strong></span> <span class='ocrx_word' id='word_1_107' title='bbox 954 1771 1074 1837; x_wconf 83' lang='lat' dir='ltr'><strong>desunt</strong></span> <span class='ocrx_word' id='word_1_108' title='bbox 1099 1770 1166 1835; x_wconf 85' lang='lat' dir='ltr'><strong>elc-</strong></span> 
     </span>
     <span class='ocr_line' id='line_1_15' title="bbox 79 1861 1166 1961; baseline 0.002 -25"><span class='ocrx_word' id='word_1_109' title='bbox 79 1884 161 1938; x_wconf 82' lang='lat' dir='ltr'><strong>ncnta</strong></span> <span class='ocrx_word' id='word_1_110' title='bbox 179 1861 226 1941; x_wconf 72' lang='grc' dir='ltr'><strong>τίἷ</strong></span> <span class='ocrx_word' id='word_1_111' title='bbox 243 1876 297 1940; x_wconf 91' lang='lat' dir='ltr'><strong>vel</strong></span> <span class='ocrx_word' id='word_1_112' title='bbox 322 1898 424 1939; x_wconf 90' lang='lat' dir='ltr'><strong>unum</strong></span> <span class='ocrx_word' id='word_1_113' title='bbox 454 1876 560 1941; x_wconf 91' lang='lat' dir='ltr'><strong>solum</strong></span> <span class='ocrx_word' id='word_1_114' title='bbox 586 1864 622 1955; x_wconf 66' lang='grc' dir='ltr'><strong>οἶ,</strong></span> <span class='ocrx_word' id='word_1_115' title='bbox 649 1875 677 1940; x_wconf 89' lang='lat' dir='ltr'><strong>si</strong></span> <span class='ocrx_word' id='word_1_116' title='bbox 699 1874 854 1959; x_wconf 87' lang='lat' dir='ltr'><strong>primitivi</strong></span> <span class='ocrx_word' id='word_1_117' title='bbox 882 1875 957 1940; x_wconf 92' lang='lat' dir='ltr'><strong>loco</strong></span> <span class='ocrx_word' id='word_1_118' title='bbox 987 1870 1166 1961; x_wconf 86' lang='lat' dir='ltr'><strong>praeponi·</strong></span> 
     </span>
     <span class='ocr_line' id='line_1_16' title="bbox 79 1971 1166 2065; baseline 0.002 -28"><span class='ocrx_word' id='word_1_119' title='bbox 79 1997 130 2039; x_wconf 87' lang='lat' dir='ltr'><strong>nus</strong></span> <span class='ocrx_word' id='word_1_120' title='bbox 148 1974 265 2060; x_wconf 85' lang='grc' dir='ltr'><strong><em>τέταρα</em></strong></span> <span class='ocrx_word' id='word_1_121' title='bbox 289 1976 419 2044; x_wconf 85' lang='lat' dir='ltr'><strong>sublato</strong></span> <span class='ocrx_word' id='word_1_122' title='bbox 441 1977 670 2065; x_wconf 86' lang='lat' dir='ltr'><strong>diplasiasm0‚</strong></span> <span class='ocrx_word' id='word_1_123' title='bbox 695 1998 761 2060; x_wconf 93' lang='lat' dir='ltr'><strong>qno</strong></span> <span class='ocrx_word' id='word_1_124' title='bbox 786 1985 898 2042; x_wconf 84' lang='lat' dir='ltr'><strong>carent</strong></span> <span class='ocrx_word' id='word_1_125' title='bbox 917 1975 1086 2061; x_wconf 79' lang='grc' dir='ltr'><strong><em>τέταρτος,</em></strong></span> <span class='ocrx_word' id='word_1_126' title='bbox 1110 1971 1166 2039; x_wconf 86' lang='grc' dir='ltr'><strong><em>τέ·</em></strong></span> 
     </span>
     <span class='ocr_line' id='line_1_17' title="bbox 78 2075 1168 2164; baseline 0 -25"><span class='ocrx_word' id='word_1_127' title='bbox 78 2100 163 2160; x_wconf 83' lang='grc' dir='ltr'><strong><em>τορες,</em></strong></span> <span class='ocrx_word' id='word_1_128' title='bbox 194 2075 352 2163; x_wconf 79' lang='grc' dir='ltr'><strong><em>πίσυρες,</em></strong></span> <span class='ocrx_word' id='word_1_129' title='bbox 387 2090 542 2163; x_wconf 79' lang='lat' dir='ltr'><strong>quotuor,</strong></span> <span class='ocrx_word' id='word_1_130' title='bbox 577 2089 610 2144; x_wconf 89' lang='lat' dir='ltr'><strong>et</strong></span> <span class='ocrx_word' id='word_1_131' title='bbox 642 2078 772 2143; x_wconf 79' lang='lat' dir='ltr'><strong>dativus</strong></span> <span class='ocrx_word' id='word_1_132' title='bbox 801 2077 958 2164; x_wconf 81' lang='grc' dir='ltr'><strong><em>τέτρασι,</em></strong></span> <span class='ocrx_word' id='word_1_133' title='bbox 991 2076 1168 2162; x_wconf 81' lang='lat' dir='ltr'><strong>ipsumque</strong></span> 
     </span>
     <span class='ocr_line' id='line_1_18' title="bbox 79 2173 1166 2268; baseline 0.004 -30"><span class='ocrx_word' id='word_1_134' title='bbox 79 2173 201 2258; x_wconf 77' lang='grc' dir='ltr'><strong><em>τετράκις</em></strong></span> <span class='ocrx_word' id='word_1_135' title='bbox 224 2181 385 2245; x_wconf 85' lang='lat' dir='ltr'><strong>successit</strong></span> <span class='ocrx_word' id='word_1_136' title='bbox 406 2202 466 2268; x_wconf 86' lang='lat' dir='ltr'><strong>pro</strong></span> <span class='ocrx_word' id='word_1_137' title='bbox 489 2175 693 2268; x_wconf 85' lang='grc' dir='ltr'><strong><em>τετταράκις.</em></strong></span> <span class='ocrx_word' id='word_1_138' title='bbox 737 2181 855 2265; x_wconf 86' lang='lat' dir='ltr'><strong>ltaque</strong></span> <span class='ocrx_word' id='word_1_139' title='bbox 882 2202 935 2244; x_wconf 89' lang='lat' dir='ltr'><strong>res</strong></span> <span class='ocrx_word' id='word_1_140' title='bbox 967 2177 1032 2243; x_wconf 85' lang='lat' dir='ltr'><strong>lruc</strong></span> <span class='ocrx_word' id='word_1_141' title='bbox 1061 2177 1166 2244; x_wconf 86' lang='lat' dir='ltr'><strong>dedu-</strong></span> 
     </span>
     <span class='ocr_line' id='line_1_19' title="bbox 79 2270 1167 2371; baseline 0.005 -32"><span class='ocrx_word' id='word_1_142' title='bbox 79 2277 139 2341; x_wconf 85' lang='lat' dir='ltr'><strong>citur</strong></span> <span class='ocrx_word' id='word_1_143' title='bbox 154 2280 185 2343; x_wconf 89' lang='lat' dir='ltr'><strong>in</strong></span> <span class='ocrx_word' id='word_1_144' title='bbox 208 2282 449 2370; x_wconf 84' lang='lat' dir='ltr'><strong>compositione</strong></span> <span class='ocrx_word' id='word_1_145' title='bbox 471 2280 615 2368; x_wconf 86' lang='grc' dir='ltr'><strong><em>τέτταρα</em></strong></span> <span class='ocrx_word' id='word_1_146' title='bbox 637 2282 672 2346; x_wconf 90' lang='lat' dir='ltr'><strong>in</strong></span> <span class='ocrx_word' id='word_1_147' title='bbox 689 2270 798 2371; x_wconf 55' lang='lat' dir='ltr'><strong>{rip}</strong></span> <span class='ocrx_word' id='word_1_148' title='bbox 818 2290 979 2346; x_wconf 85' lang='lat' dir='ltr'><strong>mutatum</strong></span> <span class='ocrx_word' id='word_1_149' title='bbox 1005 2302 1079 2346; x_wconf 86' lang='lat' dir='ltr'><strong>esse</strong></span> <span class='ocrx_word' id='word_1_150' title='bbox 1101 2301 1167 2363; x_wconf 88' lang='lat' dir='ltr'><strong>quo</strong></span> 
     </span>
     <span class='ocr_line' id='line_1_20' title="bbox 76 2379 1168 2469; baseline 0.005 -27"><span class='ocrx_word' id='word_1_151' title='bbox 76 2379 183 2447; x_wconf 87' lang='lat' dir='ltr'><strong>similius</strong></span> <span class='ocrx_word' id='word_1_152' title='bbox 204 2385 300 2450; x_wconf 86' lang='lat' dir='ltr'><strong>fieret</strong></span> <span class='ocrx_word' id='word_1_153' title='bbox 322 2384 436 2450; x_wconf 86' lang='lat' dir='ltr'><strong>ceteris</strong></span> <span class='ocrx_word' id='word_1_154' title='bbox 461 2383 609 2468; x_wconf 86' lang='lat' dir='ltr'><strong>ejusdem</strong></span> <span class='ocrx_word' id='word_1_155' title='bbox 630 2383 777 2469; x_wconf 83' lang='lat' dir='ltr'><strong>generis,</strong></span> <span class='ocrx_word' id='word_1_156' title='bbox 805 2406 890 2468; x_wconf 88' lang='lat' dir='ltr'><strong>quae</strong></span> <span class='ocrx_word' id='word_1_157' title='bbox 917 2392 1046 2469; x_wconf 79' lang='lat' dir='ltr'><strong>praeter</strong></span> <span class='ocrx_word' id='word_1_158' title='bbox 1066 2405 1168 2447; x_wconf 87' lang='lat' dir='ltr'><strong>unum</strong></span> 
     </span>
     <span class='ocr_line' id='line_1_21' title="bbox 76 2479 1168 2572; baseline 0.004 -27"><span class='ocrx_word' id='word_1_159' title='bbox 76 2484 159 2548; x_wconf 88' lang='lat' dir='ltr'><strong>omnia</strong></span> <span class='ocrx_word' id='word_1_160' title='bbox 175 2508 193 2549; x_wconf 82' lang='lat' dir='ltr'><strong>a</strong></span> <span class='ocrx_word' id='word_1_161' title='bbox 210 2486 377 2572; x_wconf 84' lang='lat' dir='ltr'><strong>bisyllabo</strong></span> <span class='ocrx_word' id='word_1_162' title='bbox 393 2486 541 2551; x_wconf 88' lang='lat' dir='ltr'><strong>oriuntur</strong></span> <span class='ocrx_word' id='word_1_163' title='bbox 556 2485 591 2558; x_wconf 89' lang='lat' dir='ltr'><strong>in</strong></span> <span class='ocrx_word' id='word_1_164' title='bbox 604 2485 701 2572; x_wconf 84' lang='lat' dir='ltr'><strong>alpha</strong></span> <span class='ocrx_word' id='word_1_165' title='bbox 714 2485 884 2551; x_wconf 85' lang='lat' dir='ltr'><strong>desinente</strong></span> <span class='ocrx_word' id='word_1_166' title='bbox 901 2479 1168 2563; x_wconf 74' lang='grc' dir='ltr'><strong><em>κενεά-ἑξά-</em></strong></span> 
     </span>
     <span class='ocr_line' id='line_1_22' title="bbox 74 2575 1167 2675; baseline 0.006 -28"><span class='ocrx_word' id='word_1_167' title='bbox 74 2575 388 2675; x_wconf 77' lang='grc' dir='ltr'><strong><em>ὀκτέ-δεκοέμηνος.</em></strong></span> <span class='ocrx_word' id='word_1_168' title='bbox 442 2590 483 2655; x_wconf 93' lang='lat' dir='ltr'><strong>In</strong></span> <span class='ocrx_word' id='word_1_169' title='bbox 504 2587 643 2653; x_wconf 87' lang='lat' dir='ltr'><strong>eandem</strong></span> <span class='ocrx_word' id='word_1_170' title='bbox 665 2587 860 2653; x_wconf 88' lang='lat' dir='ltr'><strong>sententiam</strong></span> <span class='ocrx_word' id='word_1_171' title='bbox 882 2585 1029 2671; x_wconf 88' lang='lat' dir='ltr'><strong>disputat</strong></span> <span class='ocrx_word' id='word_1_172' title='bbox 1049 2584 1167 2654; x_wconf 76' lang='lat' dir='ltr'><strong>Gram-</strong></span> 
     </span>
     <span class='ocr_line' id='line_1_23' title="bbox 73 2685 1167 2773; baseline 0.004 -26"><span class='ocrx_word' id='word_1_173' title='bbox 73 2685 184 2751; x_wconf 81' lang='lat' dir='ltr'><strong>maticus</strong></span> <span class='ocrx_word' id='word_1_174' title='bbox 203 2688 239 2753; x_wconf 94' lang='lat' dir='ltr'><strong>in</strong></span> <span class='ocrx_word' id='word_1_175' title='bbox 258 2690 341 2755; x_wconf 85' lang='lat' dir='ltr'><strong>EM.</strong></span> <span class='ocrx_word' id='word_1_176' title='bbox 366 2689 444 2767; x_wconf 77' lang='lat'><strong>767,</strong></span> <span class='ocrx_word' id='word_1_177' title='bbox 473 2690 523 2755; x_wconf 82' lang='lat'><strong>17.</strong></span> <span class='ocrx_word' id='word_1_178' title='bbox 548 2689 658 2754; x_wconf 86' lang='lat' dir='ltr'><strong>omnia</strong></span> <span class='ocrx_word' id='word_1_179' title='bbox 688 2687 877 2773; x_wconf 89' lang='lat' dir='ltr'><strong>hujusmodi</strong></span> <span class='ocrx_word' id='word_1_180' title='bbox 902 2685 1055 2771; x_wconf 86' lang='lat' dir='ltr'><strong>syntheta</strong></span> <span class='ocrx_word' id='word_1_181' title='bbox 1077 2688 1167 2773; x_wconf 89' lang='lat' dir='ltr'><strong>prin·</strong></span> 
     </span>
     <span class='ocr_line' id='line_1_24' title="bbox 73 2785 1168 2876; baseline 0.005 -28"><span class='ocrx_word' id='word_1_182' title='bbox 73 2785 171 2873; x_wconf 89' lang='lat' dir='ltr'><strong>cipium</strong></span> <span class='ocrx_word' id='word_1_183' title='bbox 198 2790 324 2857; x_wconf 88' lang='lat' dir='ltr'><strong>habere</strong></span> <span class='ocrx_word' id='word_1_184' title='bbox 353 2814 373 2857; x_wconf 85' lang='lat' dir='ltr'><strong>a</strong></span> <span class='ocrx_word' id='word_1_185' title='bbox 401 2789 635 2869; x_wconf 83' lang='lat' dir='ltr'><strong>cardinalibus,</strong></span> <span class='ocrx_word' id='word_1_186' title='bbox 672 2790 774 2876; x_wconf 85' lang='lat' dir='ltr'><strong>idque</strong></span> <span class='ocrx_word' id='word_1_187' title='bbox 805 2788 961 2875; x_wconf 85' lang='lat' dir='ltr'><strong>cognosci</strong></span> <span class='ocrx_word' id='word_1_188' title='bbox 994 2810 1035 2853; x_wconf 87' lang='lat' dir='ltr'><strong>ex</strong></span> <span class='ocrx_word' id='word_1_189' title='bbox 1061 2788 1168 2854; x_wconf 83' lang='lat' dir='ltr'><strong>atticis</strong></span> 
     </span>
     <span class='ocr_line' id='line_1_25' title="bbox 73 2888 1167 2981; baseline 0.005 -31"><span class='ocrx_word' id='word_1_190' title='bbox 73 2889 264 2975; x_wconf 83' lang='grc' dir='ltr'><strong><em>σεντέμηνος,</em></strong></span> <span class='ocrx_word' id='word_1_191' title='bbox 291 2888 497 2981; x_wconf 84' lang='grc' dir='ltr'><strong><em>ὀκτώμηνος,</em></strong></span> <span class='ocrx_word' id='word_1_192' title='bbox 526 2893 646 2979; x_wconf 91' lang='lat' dir='ltr'><strong>quibus</strong></span> <span class='ocrx_word' id='word_1_193' title='bbox 667 2892 813 2958; x_wconf 88' lang='lat' dir='ltr'><strong>nativum</strong></span> <span class='ocrx_word' id='word_1_194' title='bbox 834 2892 977 2966; x_wconf 86' lang='lat' dir='ltr'><strong>colorem</strong></span> <span class='ocrx_word' id='word_1_195' title='bbox 998 2891 1167 2971; x_wconf 87' lang='lat' dir='ltr'><strong>mansisse,</strong></span> 
     </span>
     <span class='ocr_line' id='line_1_26' title="bbox 71 2987 1169 3083; baseline 0.007 -32"><span class='ocrx_word' id='word_1_196' title='bbox 71 2987 256 3081; x_wconf 78' lang='grc' dir='ltr'><strong><em>σεντάμηνος</em></strong></span> <span class='ocrx_word' id='word_1_197' title='bbox 293 3003 401 3060; x_wconf 85' lang='lat' dir='ltr'><strong>autem</strong></span> <span class='ocrx_word' id='word_1_198' title='bbox 434 3004 467 3059; x_wconf 85' lang='lat' dir='ltr'><strong>ct</strong></span> <span class='ocrx_word' id='word_1_199' title='bbox 490 2988 677 3083; x_wconf 83' lang='grc' dir='ltr'><strong><em>ὀκτάμηνος</em></strong></span> <span class='ocrx_word' id='word_1_200' title='bbox 709 2993 877 3079; x_wconf 85' lang='lat' dir='ltr'><strong>accepisse</strong></span> <span class='ocrx_word' id='word_1_201' title='bbox 906 2992 1058 3056; x_wconf 81' lang='lat' dir='ltr'><strong>alienum.</strong></span> <span class='ocrx_word' id='word_1_202' title='bbox 1111 2992 1169 3060; x_wconf 86' lang='lat' dir='ltr'><strong>Sic</strong></span> 
     </span>
     <span class='ocr_line' id='line_1_27' title="bbox 73 3093 1170 3182; baseline 0.005 -29"><span class='ocrx_word' id='word_1_203' title='bbox 73 3109 194 3178; x_wconf 80' lang='lat' dir='ltr'><strong>syncope</strong></span> <span class='ocrx_word' id='word_1_204' title='bbox 220 3095 368 3163; x_wconf 86' lang='lat' dir='ltr'><strong>solvitur.</strong></span> <span class='ocrx_word' id='word_1_205' title='bbox 414 3096 484 3164; x_wconf 87' lang='lat' dir='ltr'><strong>Sed</strong></span> <span class='ocrx_word' id='word_1_206' title='bbox 511 3096 596 3161; x_wconf 92' lang='lat' dir='ltr'><strong>redit</strong></span> <span class='ocrx_word' id='word_1_207' title='bbox 625 3118 685 3182; x_wconf 88' lang='lat' dir='ltr'><strong>per</strong></span> <span class='ocrx_word' id='word_1_208' title='bbox 711 3095 885 3182; x_wconf 89' lang='lat' dir='ltr'><strong>posticum.</strong></span> <span class='ocrx_word' id='word_1_209' title='bbox 935 3094 1013 3159; x_wconf 88' lang='lat' dir='ltr'><strong>Non</strong></span> <span class='ocrx_word' id='word_1_210' title='bbox 1043 3094 1084 3159; x_wconf 93' lang='lat' dir='ltr'><strong>de</strong></span> <span class='ocrx_word' id='word_1_211' title='bbox 1112 3093 1170 3159; x_wconf 88' lang='lat' dir='ltr'><strong>illa</strong></span> 
     </span>
     <span class='ocr_line' id='line_1_28' title="bbox 72 3187 1167 3281; baseline 0.009 -28"><span class='ocrx_word' id='word_1_212' title='bbox 72 3187 181 3275; x_wconf 88' lang='lat' dir='ltr'><strong>loquor,</strong></span> <span class='ocrx_word' id='word_1_213' title='bbox 210 3218 311 3281; x_wconf 87' lang='lat' dir='ltr'><strong>qnam</strong></span> <span class='ocrx_word' id='word_1_214' title='bbox 339 3198 512 3263; x_wconf 88' lang='lat' dir='ltr'><strong>somniavit</strong></span> <span class='ocrx_word' id='word_1_215' title='bbox 538 3197 649 3265; x_wconf 86' lang='lat' dir='ltr'><strong>Schol.</strong></span> <span class='ocrx_word' id='word_1_216' title='bbox 678 3196 778 3262; x_wconf 91' lang='lat' dir='ltr'><strong>Pind.</strong></span> <span class='ocrx_word' id='word_1_217' title='bbox 804 3197 860 3262; x_wconf 89' lang='lat' dir='ltr'><strong>Ol</strong></span> <span class='ocrx_word' id='word_1_218' title='bbox 890 3197 932 3261; x_wconf 92' lang='lat' dir='ltr'><strong>V.</strong></span> <span class='ocrx_word' id='word_1_219' title='bbox 956 3195 1028 3261; x_wconf 83' lang='lat'>121.</span> <span class='ocrx_word' id='word_1_220' title='bbox 1056 3192 1108 3262; x_wconf 80' lang='grc' dir='ltr'><strong><em>ὅτι</em></strong></span> <span class='ocrx_word' id='word_1_221' title='bbox 1129 3196 1167 3263; x_wconf 73' lang='grc' dir='ltr'><strong><em>τὰ</em></strong></span> 
     </span>
     <span class='ocr_line' id='line_1_29' title="bbox 72 3288 1193 3389; baseline 0.002 -28"><span class='ocrx_word' id='word_1_222' title='bbox 72 3288 225 3383; x_wconf 62' lang='lat' dir='ltr'><strong>reciproca</strong></span> <span class='ocrx_word' id='word_1_223' title='bbox 254 3296 316 3364; x_wconf 85' lang='grc' dir='ltr'><strong><em>καὶ</em></strong></span> <span class='ocrx_word' id='word_1_224' title='bbox 347 3294 562 3386; x_wconf 80' lang='grc' dir='ltr'><strong><em>πενθήμερον</em></strong></span> <span class='ocrx_word' id='word_1_225' title='bbox 593 3297 650 3364; x_wconf 86' lang='grc' dir='ltr'><strong><em>καὶ</em></strong></span> <span class='ocrx_word' id='word_1_226' title='bbox 684 3294 897 3383; x_wconf 76' lang='grc' dir='ltr'><strong><em>έπτοήμερον</em></strong></span> <span class='ocrx_word' id='word_1_227' title='bbox 922 3290 983 3363; x_wconf 72' lang='grc' dir='ltr'><strong><em>οὐκ</em></strong></span> <span class='ocrx_word' id='word_1_228' title='bbox 1009 3291 1078 3366; x_wconf 77' lang='grc' dir='ltr'><strong>ἀπὸ</strong></span> <span class='ocrx_word' id='word_1_229' title='bbox 1107 3303 1193 3389; x_wconf 13' lang='grc' dir='ltr'><strong><em>τοῦ,</em></strong></span> 
     </span>
     <span class='ocr_line' id='line_1_30' title="bbox 71 3391 1170 3486; baseline 0.005 -26"><span class='ocrx_word' id='word_1_230' title='bbox 71 3392 129 3477; x_wconf 77' lang='grc' dir='ltr'><strong><em>τρία</em></strong></span> <span class='ocrx_word' id='word_1_231' title='bbox 155 3401 211 3466; x_wconf 82' lang='grc' dir='ltr'><strong><em>καὶ</em></strong></span> <span class='ocrx_word' id='word_1_232' title='bbox 239 3398 343 3467; x_wconf 78' lang='grc' dir='ltr'><strong><em>πέντε</em></strong></span> <span class='ocrx_word' id='word_1_233' title='bbox 376 3400 435 3466; x_wconf 81' lang='grc' dir='ltr'><strong><em>καὶ</em></strong></span> <span class='ocrx_word' id='word_1_234' title='bbox 462 3396 548 3465; x_wconf 77' lang='grc' dir='ltr'><strong><em>ἑπτά</em></strong></span> <span class='ocrx_word' id='word_1_235' title='bbox 579 3398 669 3466; x_wconf 87' lang='grc' dir='ltr'><strong><em>έστιν</em></strong></span> <span class='ocrx_word' id='word_1_236' title='bbox 701 3392 776 3466; x_wconf 72' lang='lat' dir='ltr'><strong>‹itt&#39;</strong></span> <span class='ocrx_word' id='word_1_237' title='bbox 807 3391 874 3465; x_wconf 73' lang='grc' dir='ltr'><strong>ἀπὸ</strong></span> <span class='ocrx_word' id='word_1_238' title='bbox 900 3401 958 3465; x_wconf 82' lang='grc' dir='ltr'><strong><em>τοῦ</em></strong></span> <span class='ocrx_word' id='word_1_239' title='bbox 988 3398 1086 3486; x_wconf 86' lang='grc' dir='ltr'><strong><em>τριάς</em></strong></span> <span class='ocrx_word' id='word_1_240' title='bbox 1112 3399 1170 3465; x_wconf 72' lang='grc' dir='ltr'><strong><em>καὶ</em></strong></span> 
     </span>
     <span class='ocr_line' id='line_1_31' title="bbox 72 3493 1169 3591; baseline 0.007 -32"><span class='ocrx_word' id='word_1_241' title='bbox 72 3494 252 3575; x_wconf 65' lang='lat' dir='ltr'><strong>coniectori</strong></span> <span class='ocrx_word' id='word_1_242' title='bbox 275 3496 380 3578; x_wconf 65' lang='lat' dir='ltr'><strong>incole</strong></span> <span class='ocrx_word' id='word_1_243' title='bbox 403 3502 504 3591; x_wconf 78' lang='grc' dir='ltr'><strong><em>δῆλον</em></strong></span> <span class='ocrx_word' id='word_1_244' title='bbox 529 3493 596 3567; x_wconf 74' lang='grc' dir='ltr'><strong>ἀπὸ</strong></span> <span class='ocrx_word' id='word_1_245' title='bbox 619 3505 679 3567; x_wconf 84' lang='grc' dir='ltr'><strong><em>τοῦ</em></strong></span> <span class='ocrx_word' id='word_1_246' title='bbox 701 3497 926 3587; x_wconf 87' lang='grc' dir='ltr'><strong><em>τετραημέρου</em></strong></span> <span class='ocrx_word' id='word_1_247' title='bbox 949 3498 1007 3565; x_wconf 84' lang='grc' dir='ltr'><strong><em>καὶ</em></strong></span> <span class='ocrx_word' id='word_1_248' title='bbox 1029 3496 1169 3589; x_wconf 76' lang='grc' dir='ltr'><strong><em>έξαημέ-</em></strong></span> 
     </span>
     <span class='ocr_line' id='line_1_32' title="bbox 72 3593 1168 3691; baseline 0.006 -29"><span class='ocrx_word' id='word_1_249' title='bbox 72 3618 116 3677; x_wconf 81' lang='grc' dir='ltr'><strong>ρου</strong></span> <span class='ocrx_word' id='word_1_250' title='bbox 134 3600 188 3666; x_wconf 78' lang='grc' dir='ltr'><strong><em>καὶ</em></strong></span> <span class='ocrx_word' id='word_1_251' title='bbox 214 3594 443 3689; x_wconf 84' lang='grc' dir='ltr'><strong><em>ὀκταημέρου,</em></strong></span> <span class='ocrx_word' id='word_1_252' title='bbox 470 3596 526 3690; x_wconf 77' lang='grc' dir='ltr'><strong>ἐφ’</strong></span> <span class='ocrx_word' id='word_1_253' title='bbox 560 3593 611 3679; x_wconf 84' lang='grc' dir='ltr'><strong>οἷς</strong></span> <span class='ocrx_word' id='word_1_254' title='bbox 638 3596 657 3689; x_wconf 78' lang='grc' dir='ltr'><em>ἡ</em></span> <span class='ocrx_word' id='word_1_255' title='bbox 685 3596 846 3689; x_wconf 66' lang='grc' dir='ltr'><strong><em>συνθήκη·</em></strong></span> <span class='ocrx_word' id='word_1_256' title='bbox 869 3599 907 3680; x_wconf 82' lang='grc' dir='ltr'><strong>έξ</strong></span> <span class='ocrx_word' id='word_1_257' title='bbox 934 3594 1079 3691; x_wconf 73' lang='grc' dir='ltr'><strong><em>ἀνάγκης</em></strong></span> <span class='ocrx_word' id='word_1_258' title='bbox 1099 3596 1168 3671; x_wconf 73' lang='grc' dir='ltr'><strong>ἀπὸ</strong></span> 
     </span>
     <span class='ocr_line' id='line_1_33' title="bbox 71 3696 1170 3786; baseline 0.01 -27"><span class='ocrx_word' id='word_1_259' title='bbox 71 3699 116 3761; x_wconf 81' lang='grc' dir='ltr'><strong><em>τοῦ</em></strong></span> <span class='ocrx_word' id='word_1_260' title='bbox 134 3696 249 3786; x_wconf 78' lang='grc' dir='ltr'><strong><em>τετράς</em></strong></span> <span class='ocrx_word' id='word_1_261' title='bbox 277 3700 338 3767; x_wconf 85' lang='grc' dir='ltr'><strong><em>καὶ</em></strong></span> <span class='ocrx_word' id='word_1_262' title='bbox 367 3697 446 3780; x_wconf 80' lang='grc' dir='ltr'><strong>έξοὶς</strong></span> <span class='ocrx_word' id='word_1_263' title='bbox 477 3700 538 3767; x_wconf 81' lang='grc' dir='ltr'><strong><em>καὶ</em></strong></span> <span class='ocrx_word' id='word_1_264' title='bbox 566 3696 667 3779; x_wconf 77' lang='grc' dir='ltr'><strong><em>ὀκτοὶς</em></strong></span> <span class='ocrx_word' id='word_1_265' title='bbox 696 3699 875 3768; x_wconf 77' lang='grc' dir='ltr'><strong><em>δείκνυται.</em></strong></span> <span class='ocrx_word' id='word_1_266' title='bbox 920 3702 990 3770; x_wconf 88' lang='lat' dir='ltr'><strong>Sed</strong></span> <span class='ocrx_word' id='word_1_267' title='bbox 1020 3704 1170 3770; x_wconf 88' lang='lat' dir='ltr'><strong>adverbi-</strong></span> 
     </span>
    </p>
   </div>
   <div class='ocr_carea' id='block_1_5' title="bbox 71 3899 1233 4235">
    <p class='ocr_par' dir='ltr' id='par_1_5' title="bbox 71 3899 1233 4235">
     <span class='ocr_line' id='line_1_34' title="bbox 126 3899 1184 3977; baseline 0.008 -26"><span class='ocrx_word' id='word_1_268' title='bbox 126 3903 152 3966; x_wconf 79' lang='lat'><strong>4)</strong></span> <span class='ocrx_word' id='word_1_269' title='bbox 161 3901 216 3957; x_wconf 87' lang='lat' dir='ltr'><strong>Pro</strong></span> <span class='ocrx_word' id='word_1_270' title='bbox 229 3904 286 3958; x_wconf 89' lang='lat' dir='ltr'><strong>hoc</strong></span> <span class='ocrx_word' id='word_1_271' title='bbox 298 3899 1184 3977; x_wconf 45' lang='lat' dir='ltr'><strong>Passoviurrsoccpdxoxlcrscribendumputavitquaeforma1</strong></span> 
     </span>
     <span class='ocr_line' id='line_1_35' title="bbox 72 3984 1171 4062; baseline 0.009 -27"><span class='ocrx_word' id='word_1_272' title='bbox 72 3984 171 4041; x_wconf 86' lang='lat' dir='ltr'><strong>nominis</strong></span> <span class='ocrx_word' id='word_1_273' title='bbox 183 3988 338 4043; x_wconf 87' lang='lat' dir='ltr'><strong>numeralis</strong></span> <span class='ocrx_word' id='word_1_274' title='bbox 349 3996 414 4062; x_wconf 87' lang='lat' dir='ltr'><strong>post</strong></span> <span class='ocrx_word' id='word_1_275' title='bbox 425 3990 580 4043; x_wconf 84' lang='lat' dir='ltr'><strong>Homerum</strong></span> <span class='ocrx_word' id='word_1_276' title='bbox 593 3990 653 4043; x_wconf 84' lang='lat' dir='ltr'><strong>lere</strong></span> <span class='ocrx_word' id='word_1_277' title='bbox 665 3989 802 4045; x_wconf 82' lang='lat' dir='ltr'><strong>derelicta</strong></span> <span class='ocrx_word' id='word_1_278' title='bbox 812 3998 870 4059; x_wconf 82' lang='lat' dir='ltr'><strong>est3</strong></span> <span class='ocrx_word' id='word_1_279' title='bbox 889 3987 1128 4061; x_wconf 74' lang='grc' dir='ltr'><strong><em>τεσσαρέπλευρος</em></strong></span> <span class='ocrx_word' id='word_1_280' title='bbox 1142 4001 1171 4045; x_wconf 87' lang='lat' dir='ltr'><strong>et</strong></span> 
     </span>
     <span class='ocr_line' id='line_1_36' title="bbox 72 4069 1171 4148; baseline 0.012 -29"><span class='ocrx_word' id='word_1_281' title='bbox 72 4069 266 4146; x_wconf 79' lang='grc' dir='ltr'><strong><em>τεοσαρᾶγιονος</em></strong></span> <span class='ocrx_word' id='word_1_282' title='bbox 284 4074 395 4129; x_wconf 83' lang='lat' dir='ltr'><strong>affinxit</strong></span> <span class='ocrx_word' id='word_1_283' title='bbox 415 4072 538 4130; x_wconf 85' lang='lat' dir='ltr'><strong>Tzetzes</strong></span> <span class='ocrx_word' id='word_1_284' title='bbox 556 4075 650 4131; x_wconf 88' lang='lat' dir='ltr'><strong>Postb.</strong></span> <span class='ocrx_word' id='word_1_285' title='bbox 670 4078 730 4130; x_wconf 74' lang='lat'><strong>244.</strong></span> <span class='ocrx_word' id='word_1_286' title='bbox 750 4085 779 4130; x_wconf 86' lang='lat' dir='ltr'><strong>et</strong></span> <span class='ocrx_word' id='word_1_287' title='bbox 796 4076 857 4130; x_wconf 87' lang='grc'><strong>668.</strong></span> <span class='ocrx_word' id='word_1_288' title='bbox 894 4075 1022 4147; x_wconf 81' lang='lat' dir='ltr'><strong>Simplex</strong></span> <span class='ocrx_word' id='word_1_289' title='bbox 1041 4092 1171 4148; x_wconf 82' lang='grc' dir='ltr'><strong><em>τεσσαρο·</em></strong></span> 
     </span>
     <span class='ocr_line' id='line_1_37' title="bbox 71 4149 1233 4235; baseline 0.012 -30"><span class='ocrx_word' id='word_1_290' title='bbox 71 4149 142 4212; x_wconf 81' lang='grc' dir='ltr'><strong><em>κόσοι</em></strong></span> <span class='ocrx_word' id='word_1_291' title='bbox 153 4166 251 4215; x_wconf 87' lang='lat' dir='ltr'><strong>notum</strong></span> <span class='ocrx_word' id='word_1_292' title='bbox 263 4168 307 4215; x_wconf 88' lang='lat' dir='ltr'><strong>est</strong></span> <span class='ocrx_word' id='word_1_293' title='bbox 319 4162 429 4234; x_wconf 85' lang='lat' dir='ltr'><strong>saepius</strong></span> <span class='ocrx_word' id='word_1_294' title='bbox 443 4168 608 4233; x_wconf 87' lang='lat' dir='ltr'><strong>corruptum</strong></span> <span class='ocrx_word' id='word_1_295' title='bbox 620 4178 681 4217; x_wconf 87' lang='lat' dir='ltr'><strong>esse</strong></span> <span class='ocrx_word' id='word_1_296' title='bbox 696 4160 725 4215; x_wconf 91' lang='lat' dir='ltr'><strong>in</strong></span> <span class='ocrx_word' id='word_1_297' title='bbox 743 4155 909 4235; x_wconf 75' lang='grc' dir='ltr'><strong><em>τετρακόσιοι</em></strong></span> <span class='ocrx_word' id='word_1_298' title='bbox 922 4180 949 4215; x_wconf 83' lang='lat' dir='ltr'><strong>v.</strong></span> <span class='ocrx_word' id='word_1_299' title='bbox 963 4160 1120 4218; x_wconf 78' lang='lat' dir='ltr'><strong>Tzschuclr.</strong></span> <span class='ocrx_word' id='word_1_300' title='bbox 1134 4168 1171 4219; x_wconf 85' lang='lat' dir='ltr'><strong>ad</strong></span> <span class='ocrx_word' id='word_1_301' title='bbox 1229 4188 1233 4193; x_wconf 58' lang='lat'><em>⁷</em></span> 
     </span>
    </p>
   </div>
   <div class='ocr_carea' id='block_1_6' title="bbox 72 4238 1297 4321">
    <p class='ocr_par' dir='ltr' id='par_1_6' title="bbox 72 4238 1297 4321">
     <span class='ocr_line' id='line_1_38' title="bbox 72 4238 1297 4321; baseline 0.014 -31"><span class='ocrx_word' id='word_1_302' title='bbox 72 4238 239 4301; x_wconf 70' lang='lat' dir='ltr'><strong>scanvssn</strong></span> <span class='ocrx_word' id='word_1_303' title='bbox 255 4248 313 4301; x_wconf 80' lang='lat' dir='ltr'><strong>tlt.</strong></span> <span class='ocrx_word' id='word_1_304' title='bbox 351 4247 455 4303; x_wconf 78' lang='lat' dir='ltr'><strong>(lomes</strong></span> <span class='ocrx_word' id='word_1_305' title='bbox 470 4251 506 4302; x_wconf 87' lang='lat' dir='ltr'><strong>ad</strong></span> <span class='ocrx_word' id='word_1_306' title='bbox 519 4247 630 4303; x_wconf 84' lang='lat' dir='ltr'><strong>Aelian.</strong></span> <span class='ocrx_word' id='word_1_307' title='bbox 647 4268 676 4321; x_wconf 89' lang='lat' dir='ltr'><strong>p.</strong></span> <span class='ocrx_word' id='word_1_308' title='bbox 690 4250 750 4305; x_wconf 76' lang='lat'><strong>323.</strong></span> <span class='ocrx_word' id='word_1_309' title='bbox 769 4241 962 4318; x_wconf 73' lang='grc' dir='ltr'><strong><em>Τετρώκοστον</em></strong></span> <span class='ocrx_word' id='word_1_310' title='bbox 974 4249 1102 4303; x_wconf 87' lang='lat' dir='ltr'><strong>doricum</strong></span> <span class='ocrx_word' id='word_1_311' title='bbox 1113 4270 1171 4306; x_wconf 90' lang='lat' dir='ltr'><strong>non</strong></span> <span class='ocrx_word' id='word_1_312' title='bbox 1291 4300 1297 4307; x_wconf 89' lang='lat'>.</span> 
     </span>
    </p>
   </div>
   <div class='ocr_carea' id='block_1_7' title="bbox 71 4332 573 4406">
    <p class='ocr_par' dir='ltr' id='par_1_7' title="bbox 71 4332 573 4406">
     <span class='ocr_line' id='line_1_39' title="bbox 71 4332 573 4406; baseline 0.024 -28"><span class='ocrx_word' id='word_1_313' title='bbox 71 4332 241 4394; x_wconf 81' lang='lat' dir='ltr'><strong>praetermisit</strong></span> <span class='ocrx_word' id='word_1_314' title='bbox 253 4332 408 4389; x_wconf 83' lang='lat' dir='ltr'><strong>Ahrcnsins</strong></span> <span class='ocrx_word' id='word_1_315' title='bbox 425 4352 453 4406; x_wconf 92' lang='lat' dir='ltr'><strong>p.</strong></span> <span class='ocrx_word' id='word_1_316' title='bbox 467 4336 515 4389; x_wconf 75' lang='lat'><strong>281</strong></span> <span class='ocrx_word' id='word_1_317' title='bbox 530 4352 573 4406; x_wconf 90' lang='lat' dir='ltr'><strong>sq.</strong></span> 
     </span>
    </p>
   </div>
   <div class='ocr_carea' id='block_1_8' title="bbox 0 0 1418 4809">
    <p class='ocr_par' dir='ltr' id='par_1_8' title="bbox 0 0 1418 4809">
     <span class='ocr_line' id='line_1_40' title="bbox 0 0 1418 4809; baseline 0 5"><span class='ocrx_word' id='word_1_318' title='bbox 0 0 1418 4809; x_wconf 95' lang='lat' dir='ltr'><strong> </strong></span> 
     </span>
    </p>
   </div>
  </div>
 </body>
</html>
