2825 4809
226 366 305 440 zea
501 322 840 427 -οωεεετετιο
868 355 914 422 11.
957 356 998 422 P.
1020 355 1054 421 1.-

311 546 337 629 ξ.
359 542 391 609 5.
421 541 614 611 κῖοοεοιάίε
634 543 670 608 in
692 541 855 608 declinate
876 540 1009 607 mutatis
1035 540 1244 608 adnumerari
1266 569 1338 631 pos·

227 656 304 714 sunt
325 648 417 734 μῆρα
446 654 479 709 et
507 649 585 712 σῖτα
612 667 651 711 ea
679 643 805 711 ratione
834 643 925 730 quod
953 641 1093 728 pluralia
1114 653 1241 710 tantum
1261 659 1335 714 sunt.

225 748 297 819 Sed
324 746 376 812 his
406 745 591 834 profligatis
618 743 700 810 nihil
725 753 826 810 restat
862 755 991 832 praeter
1021 745 1156 812 nomina
1184 749 1339 832 quaedam

227 872 367 937 quorum
388 870 483 914 casus
505 847 630 933 obliqui
652 867 712 912 seu
723 847 799 932 jure
819 845 887 912 sive
908 846 1026 932 injuria
1048 848 1091 913 ad
1109 849 1340 915 nominativum

225 954 260 1020 in
278 939 314 1030 ις
333 950 524 1017 referuntur.
567 949 699 1014 Primus
722 958 772 1013 est
790 948 933 1014 nominis
954 949 1079 1037 proprii
1100 951 1266 1036 genitivus
1287 951 1341 1016 ba.

225 1065 362 1141 rytonus
396 1054 512 1130 Θῶνος
539 1074 570 1117 v.
599 1049 720 1116 Parull.
750 1049 800 1116 73.
830 1071 928 1135 quem
959 1050 1169 1118 Theodosius
1198 1053 1341 1120 Gramm.

228 1157 329 1234 1013,
359 1153 410 1220 14.
439 1152 614 1238 dupliciter
638 1151 781 1238 explicat
807 1148 844 1218 έκ
872 1154 932 1240 τῆς
963 1148 1114 1231 Θώνιδος
1135 1149 1339 1241 (Θῶνιος)ή

229 1254 381 1335 Θόωνος,
401 1254 463 1322 n'ec
487 1253 638 1321 dissentit
658 1252 822 1320 Arcadius
846 1252 922 1331 128,
943 1252 996 1318 20.
1026 1254 1118 1338 cujus
1139 1253 1241 1320 verba
1263 1277 1282 1319 a
1305 1255 1341 1318 li-

187 1421 194 1434 .
226 1357 342 1424 brariis
365 1356 512 1422 mutilata
541 1356 581 1423 τὸ
609 1358 722 1432 Θῶνος
756 1349 826 1421 άπὸ
856 1356 918 1422 τοῦ
947 1351 1096 1432 Θώνιδος
1127 1353 1185 1450 καί
1214 1350 1339 1430 Θῶνιος

226 1453 370 1535 ίωνικῶς
397 1455 456 1524 καί
484 1453 603 1540 κράσει
636 1457 766 1533 Θῶνος,
793 1448 815 1542 ἢ
846 1449 914 1521 ἀπὸ
944 1458 1007 1522 τοῦ
1044 1449 1173 1535 Θῶνιος
1206 1449 1340 1532 εὐθείας

225 1556 313 1626 κατὰ
341 1552 511 1644 σομκοιτήν
536 1556 583 1621 ite
605 1555 813 1622 resarcienda
842 1565 918 1621 suut
946 1548 1015 1624 άτιό
1042 1560 1103 1622 τοῦ
1129 1551 1266 1632 Θόωνος
1290 1556 1339 1622 καί

224 1656 344 1746 κράσει
368 1651 523 1743 Θῶνοςή
545 1650 615 1745 (iad
638 1660 697 1745 τῆς
723 1659 832 1736 Θῶνις
851 1652 990 1733 εὐθείας
1011 1650 1031 1743 ή
1054 1654 1164 1744 γενικὴ
1194 1655 1339 1734 Θώνιδος

226 1757 285 1826 καί
319 1755 450 1837 Θῶνιος
481 1755 540 1825 καί
570 1761 722 1846 σνγκοτιῇ
758 1758 947 1842 Θῶνοςῃ).
1002 1757 1072 1824 Sed
1102 1779 1210 1823 moras
1240 1756 1336 1822 nectit

225 1861 375 1929 Jcannes
401 1881 435 1945 p.
465 1857 515 1922 10.
545 1855 773 1947 σεσημείωται
799 1855 838 1924 τό
866 1860 994 1936 Θῶνος·
1023 1854 1054 1926 εἰ
1080 1856 1142 1948 γὰρ
1164 1855 1338 1944 συνεκόπη,

225 1955 368 2042 ῶξόνιτο
390 1955 432 2027 ἂν
452 1954 499 2038 ῶς
519 1954 540 2045 ή
564 1954 708 2043 πατρός,
727 1957 868 2044 μητρός·
896 1953 971 2024 dtt’
1002 1954 1080 2026 οὐδέ
1103 1954 1284 2046 συνῄρηται
1306 1956 1339 2022 ἐκ

223 2064 285 2149 τῆς
304 2061 436 2138 Θέωνος
453 2058 542 2144 (εἰσ),
564 2052 755 2146 ἀμάρτυρον
770 2055 844 2146 γάρ.
889 2060 959 2127 Sed
978 2060 1093 2146 regula
1114 2059 1178 2124 iste
1199 2059 1243 2124 de
1262 2081 1342 2143 oxy-

224 2162 333 2230 tonesi
360 2161 577 2248 genitivorum
606 2181 753 2247 syncope
781 2161 971 2231 affectorum
997 2162 1111 2228 nititur
1138 2181 1260 2247 genere
1282 2183 1341 2226 no·

224 2265 349 2332 minum
368 2263 468 2348 longe
490 2262 629 2339 diverso,
651 2262 739 2326 unde
757 2261 962 2342 catholicum,
985 2265 1076 2349 quod
1095 2263 1222 2340 dieitur,
1247 2285 1342 2348 pree·

225 2374 372 2451 eeptum.
389 2363 507 2429 ducere
532 2363 723 2449 religiosum
751 2373 810 2430 est.
861 2365 933 2430 Nec
966 2365 1105 2431 validius
1132 2365 1342 2451 impugnatur

225 2464 419 2552 synaeresis.
463 2463 556 2548 Quid
577 2463 664 2531 enim
681 2485 799 2530 causae
821 2465 887 2531 dici
904 2477 1015 2553 potest
1032 2489 1089 2548 cur
1104 2489 1234 2532 nomen
1247 2461 1341 2532 Θόων

224 2565 350 2634 homini
365 2565 535 2653 Aegyptio
558 2565 665 2631 minus
686 2567 861 2632 conveniat
875 2590 974 2653 quam
990 2568 1135 2652 Trojano
1152 2577 1185 2634 et
1198 2566 1340 2632 Phaeaci
1390 2613 1391 2648 3

220 2669 357 2735 aliisve?
378 2668 566 2736 Difficultas
588 2668 623 2732 in
643 2667 707 2734 hoc
728 2690 794 2734 uno
818 2668 967 2734 consistit
981 2670 1071 2754 quod
1085 2692 1248 2755 nusquam
1268 2671 1341 2734 Θῶν
1390 2671 1391 2750 l

223 2770 363 2836 aliumve
390 2792 502 2835 casum
516 2778 730 2835 contractum
754 2770 935 2856 reperimus
966 2771 1014 2837 sie
1034 2781 1071 2837 ut
1085 2767 1264 2838 Ἱπποθῶν
1282 2791 1341 2855 pro
1390 2819 1391 2826 .

217 2863 430 2968 ’ἐπ-ιτσθόων,
458 2873 598 2966 τρῶσαι-ι
629 2892 690 2957 pro
720 2873 893 2956 ντροῶσαι,
923 2881 956 2937 et
985 2872 1116 2938 omnino
1147 2870 1284 2936 nomina
1308 2870 1341 2932 in
1390 2873 1391 2958 ή

223 2997 291 3042 οων
314 2982 444 3060 praeter
463 2993 547 3057 quae
567 2995 589 3035 τ
608 2970 643 3036 in
663 2971 807 3058 genitivo
829 2971 1003 3058 accipiunt,
1029 2995 1096 3038 non
1115 2982 1237 3037 extant
1275 2971 1341 3038 Sed
1390 3024 1391 3062 3

223 3097 290 3142 non
311 3074 419 3161 magis
442 3070 657 3139 demonstrari
679 3082 791 3160 potest
811 3072 880 3138 iota
898 3083 972 3140 ante
989 3073 1232 3140 terminationes
1253 3061 1342 3152 ἆξαι

223 3163 247 3244 ἶ
259 3175 375 3242 elisum
396 3197 479 3242 esse.
520 3176 576 3241 De
598 3173 708 3240 dativo
732 3174 865 3259 quidem
891 3173 926 3242 ἐν
947 3172 1020 3244 κόνι
1042 3167 1117 3262 άγχι
1138 3170 1250 3259 πυρός
1273 3173 1343 3240 od.

221 3276 288 3344 XI.
314 3277 386 3342 191.
414 3275 573 3342 deliberat
594 3275 796 3344 scholiastes
822 3286 931 3340 utrum
957 3275 1000 3342 sit
1021 3276 1107 3344 κατὰ
1128 3270 1340 3361 σνμκοντήνή
1372 3315 1377 3322 ·

221 3375 309 3444 κατὰ
335 3374 526 3462 συναίρεσιν
548 3387 581 3443 et
603 3378 647 3442 ad
665 3377 705 3442 Il.
729 3379 771 3445 V.
793 3377 867 3442 299.
891 3372 1021 3445 άλκί-
1034 3368 1158 3464 ῶφειλε
1185 3375 1342 3442 ἐκτείνειν

222 3465 307 3560 ‘tl-l·
352 3478 422 3545 Sed
450 3499 620 3565 syncopen
647 3480 699 3545 vel
727 3501 901 3566 apocopen
929 3477 1140 3563 relinquimus
1174 3476 1344 3562 versifica·

222 3579 348 3647 toribus
371 3578 582 3658 Christianis,
605 3580 663 3666 qui
685 3581 868 3646 dativorum
889 3575 975 3658 κόνι,
999 3576 1098 3658 πόσι,
1121 3575 1219 3663 λάτρι
1243 3577 1340 3662 sylla·

221 3679 299 3750 bam
328 3681 475 3747 ultimam
506 3691 664 3766 sequente
692 3704 839 3748 consona
869 3679 1050 3768 corripiunt
1080 3703 1111 3746 v.
1134 3679 1270 3748 Jacobs.
1293 3677 1342 3741 ad

221 3781 325 3850 Anth„
349 3806 382 3869 p.
405 3781 479 3846 417.
521 3784 577 3849 De
599 3783 742 3867 antiquis
764 3782 853 3848 aliud
874 3782 975 3848 valet:
1002 3777 1048 3860 ῶς
1070 3777 1139 3848 άπὸ
1162 3785 1223 3849 τοῦ
1243 3783 1341 3868 μήτις

220 3883 316 3974 μήνιε
341 3881 399 3950 καί
426 3877 544 3968 κράσει
567 3880 663 3971 μήτι,
690 3882 777 3951 cliuo
809 3885 907 3963 Θέτις
936 3884 1031 3961 Θέτι,
1055 3886 1146 3970 νήνις
1166 3878 1240 3970 νήνι
1259 3879 1342 3948 ΕΜ.

221 3985 301 4065 448,
318 3984 372 4050 25.
401 3978 473 4050 κόνι
494 3977 541 4062 ῶς
566 3985 647 4052 Θέτι
669 3984 748 4052 Sch.
772 3986 812 4051 Il.
835 3985 970 4054 XXIV.
995 3984 1045 4050 18.
1073 3983 1126 4048 cui
1150 3981 1338 4070 Stephanus

221 4139 555 4156 *un-ffl—

290 4221 339 4289 tt)
355 4221 464 4276 insulse
479 4220 695 4288 Choeroboseus
714 4219 782 4278 Can.
796 4223 856 4277 410.
886 4224 980 4283 Θῶνος
997 4218 1107 4292 gravari
1124 4217 1193 4274 dicit
1211 4215 1340 4288 exemplo

222 4305 456 4361 nominativorum
473 4298 556 4373 ῶνος,
576 4309 673 4368 κῶνος.
