2825 4809
182 305 247 371 Du
268 302 538 372 PROSTHESI
557 303 619 370 ΕΤ
640 305 906 374 APHAERESI.
940 306 980 374 C.
997 309 1076 376 VII.
1126 313 1199 388 143

84 488 258 577 παρολκιὶκ
278 481 325 567 αῖς
348 488 388 556 τὸ
413 489 606 574 ἐναλίγκιος,
634 487 790 568 ἐναντίος,
814 490 955 559 ἐνέπειν.
998 489 1049 560 Al
1074 494 1111 560 δέ
1130 518 1200 562 τοι·

83 594 182 656 οῦτοι
202 594 272 656 τιῦν
295 590 498 675 προθέσεων
518 588 770 676 παρελκόμεναι
785 588 946 680 καθάπερ
962 591 1200 676 πλεονάυμοιτα

84 684 180 758 οόσαι
204 685 284 758 oica
303 688 404 758 τάσιν
425 685 502 758 oilae
523 682 606 758 άλλο
627 716 661 756 τι
680 695 746 757 τῶν
770 692 1017 776 παρεπομένων
1043 692 1201 762 ἐναλλάτ·

81 816 184 860 τουσι.
230 793 288 858 De
304 791 370 858 hoo
384 792 575 878 pleonasmo
590 790 873 879 praepositionum
887 792 1033 876 loquitur
1050 791 1198 860 Choero·

81 892 199 960 boseus
231 891 314 959 Can.
337 916 371 981 p.
393 894 459 959 524
477 915 527 978 sq.
548 893 678 958 Aneeth
701 892 810 960 cram.
839 894 900 964 IV.
930 895 1002 962 180.
1031 897 1200 984 συλλαβῆς

81 997 350 1082 προςερχομίνης
369 994 432 1066 καὶ
453 989 493 1062 οὖ
518 994 639 1074 λέξεως
658 994 906 1082 ἐξαμαυροῦται
931 996 969 1062 τὸ
993 992 1119 1078 ἰδίωμα
1140 1001 1200 1085 τῆς

78 1099 342 1182 προθέσεως-
358 1096 418 1162 καί
443 1096 501 1163 διὰ
522 1099 621 1163 τοῦτο
641 1093 770 1174 ἔξωθεν
791 1093 1060 1185 ἔποιόσατοπίγν
1083 1094 1199 1176 κλίσιν,

80 1192 308 1282 ἐκαθεζόμην,
347 1194 549 1273 ἐκάθευδον,
593 1193 779 1279 ἐκάμμυου,
819 1189 957 1286 ἤνεπον,
996 1191 1043 1276 τῖς
1084 1197 1200 1279 σχεδὸν
1250 1203 1257 1222 “

80 1294 197 1384 άπλῶν
220 1294 334 1365 οὖσάν
354 1301 421 1364 τῶν
441 1297 571 1379 λέξειαν,
592 1296 711 1382 hisque
736 1297 905 1384 subjungit
926 1297 1087 1383 adjectiva
1109 1297 1200 1366 ἐναν-

78 1400 152 1477 τίος,
174 1385 376 1481 ἐναντίβιος,
397 1397 646 1484 ἐναλίγκιοςθὸ)
667 1399 788 1484 qrrihus
813 1400 917 1470 simile
945 1409 996 1466 est
1016 1397 1146 1484 ἔμπλην
1170 1399 1201 1464 si

80 1522 133 1586 pro
155 1496 313 1586 πλησίω
336 1498 455 1564 dieitur
474 1508 509 1564 et
529 1498 722 1586 ἐμπελάδην
745 1501 813 1568 sive
831 1499 1030 1585 ἐμπελαδόν.
1063 1500 1133 1570 Sed
1151 1510 1201 1566 est

82 1602 168 1666 aliud
194 1599 344 1687 ἔμπλην,
371 1600 463 1685 quod
485 1601 576 1666 idem
603 1610 703 1686 atque
728 1602 831 1688 χωρίς
851 1615 945 1672 extra
966 1603 1145 1689 significat,
1167 1611 1201 1670 et

79 1703 221 1791 simplex
243 1699 335 1789 πλήν
355 1702 392 1766 id
413 1714 464 1766 est
483 1703 583 1768 πλεῖν
603 1702 673 1768 sive
692 1704 797 1770 πλέον
819 1705 908 1790 plus;
931 1727 1007 1769 nam
1028 1704 1120 1788 quod
1141 1725 1199 1770 ex·

81 1819 125 1870 tra
148 1825 331 1870 numerum
356 1813 422 1880 est,
448 1803 524 1889 plus
552 1812 612 1868 est.
665 1804 707 1869 In
734 1803 797 1870 hoe
824 1804 1026 1891 praepositio
1057 1802 1201 1889 syllabae

79 1909 186 1972 locum
207 1904 338 1970 obtinet
364 1925 433 1968 non
458 1903 627 1983 dictionis,
653 1928 763 1991 neque
791 1906 886 1972 facile
913 1904 1070 1991 explicari
1091 1913 1202 1992 potest

81 2008 152 2083 nisi,
171 2016 213 2070 ut
236 2004 387 2088 ἔμπλεος
409 2005 528 2070 dieitur
549 2029 610 2092 pro
632 2008 737 2085 πλέος
753 2017 786 2074 et
806 2007 968 2091 ἔμμεστος
986 2028 1048 2092 pro
1069 2001 1201 2090 μεστός,

83 2109 198 2174 eodem
228 2116 330 2194 paeto
366 2103 497 2193 ἔμπλην
528 2129 589 2192 pro
618 2105 724 2194 πλήν·
759 2107 841 2174 haee
874 2108 960 2173 enim
989 2107 1100 2172 omnia
1126 2129 1201 2172 eum

81 2208 186 2288 πολάς
210 2209 326 2275 πλέων
346 2209 444 2274 πλεῖν
472 2229 622 2274 connexa
641 2208 794 2274 videntur
813 2219 851 2274 ut
875 2208 1061 2294 germanica
1084 2210 1148 2276 auli
1169 2217 1202 2273 et

79 2315 145 2378 οίιλ.
191 2309 373 2395 Singulare
396 2319 446 2372 est
466 2306 556 2398 ἔμπη
577 2311 613 2375 in
637 2309 794 2376 Phalaeei
821 2309 925 2396 epigr.
952 2309 1079 2374 aeolioo
1109 2306 1201 2396 ἔμπη

79 2411 169 2498 νίκης
204 2412 227 2476 i.
256 2431 286 2477 e.
315 2413 387 2476 ποῦ
415 2408 540 2488 ἐνίκας,
574 2412 667 2496 eujus
696 2411 822 2496 syllaba
846 2413 950 2497 prima
982 2422 1038 2477 aut
1066 2432 1201 2497 prorsus

79 2512 287 2601 pleonastiea
315 2520 373 2574 aut
402 2512 607 2597 praepositio
633 2523 684 2578 est
715 2514 859 2578 reotione
895 2535 954 2578 sua
985 2514 1141 2578 destituta
1167 2511 1202 2580 ἐν

79 2621 129 2705 πῇ
156 2619 199 2682 ἐπ
226 2615 306 2679 att?
334 2622 368 2676 et
398 2610 532 2698 hyphen
557 2612 664 2701 ἐμπῆ,
693 2637 770 2680 nam
792 2615 840 2680 sio
863 2614 974 2701 potius
994 2613 1202 2680 scribendum

78 2717 176 2783 fuerit
206 2724 347 2781 aoeentu
372 2735 440 2777 non
467 2723 604 2780 remoto.
652 2715 800 2782 Naturae
822 2717 956 2801 quidem
976 2716 1058 2782 haec
1082 2736 1201 2782 conso·

78 2819 175 2884 cirtio
208 2813 395 2905 praeverbii
422 2834 497 2880 eum
522 2814 677 2882 adverbio
703 2817 952 2904 interrogativo,
983 2819 1074 2904 quod
1103 2817 1202 2884 dativi

79 2922 221 3006 liguram
248 2915 352 2982 habet
381 2916 467 2982 sieut
492 2916 689 2983 redditivum
717 2924 759 3009 τῇ
779 2925 846 2998 δίο,
879 2921 970 2985 haud
995 2920 1204 2984 dissentanea

79 3021 211 3086 videtur
239 3020 302 3084 sed
330 3018 517 3084 testimonio
547 3019 756 3105 comprobari
775 3045 843 3086 non
860 3031 980 3108 potest.
1023 3019 1202 3104 Praeposi-

80 3123 178 3189 tionis
204 3120 406 3206 quiescentis
427 3120 613 3208 exemplum
635 3122 731 3187 affert
745 3122 857 3189 Schol.
873 3123 975 3188 Arist.
991 3123 1094 3207 Vesp.
1108 3119 1202 3187 1115.

78 3221 230 3309 ἔμβραχυ
252 3222 291 3290 τά
315 3219 483 3300 καθάπαξ
498 3218 519 3308 ἢ
537 3219 771 3290 παντάπασιν·
794 3219 910 3310 άττικὴ
926 3219 1091 3312 συνήθεια
1106 3217 1204 3290 otto

83 3326 185 3392 πλέον
202 3324 355 3409 δηλοῦσα
374 3317 395 3409 ἢ
413 3320 452 3388 τό
470 3320 579 3410 βραχύ
596 3317 643 3400 ὡς
659 3322 823 3411 ἐμφαγεῖν
838 3322 875 3391 rh
893 3331 1022 3413 φαγεῖν.
1048 3325 1125 3390 Ηοσ
1140 3323 1201 3388 mi·

79 3425 165 3492 nime
183 3424 335 3511 quadrat
367 3423 571 3489 Aduerbium
587 3423 669 3488 illud
685 3424 849 3490 interdum
866 3423 900 3491 ἐν
917 3430 1036 3512 βραχεῖ
1054 3424 1205 3492 scribitur

83 3537 117 3592 et
134 3527 214 3594 hino
239 3526 325 3591 illud
346 3535 550 3591 oontraetum
575 3547 650 3592 esse
673 3526 838 3612 signifieat
862 3527 1017 3592 Timaeus
1034 3523 1204 3615 ’Ἐμβραχυ

83 3625 256 3710 συντόμως
285 3625 345 3692 καί
377 3618 450 3693 οἷον
478 3625 515 3691 ἐν
542 3632 670 3712 βραχεῖ.
723 3625 895 3694 Consimili
925 3628 1067 3713 syllabae
1098 3629 1204 3696 finalis
1321 3621 1325 3642 ¹

63 3729 296 3816 ‘aonuptione
321 3725 446 3793 Coraes
482 3727 526 3791 ad
553 3727 656 3794 Isoer.
683 3752 717 3815 p.
739 3729 813 3795 226.
842 3727 953 3810 ἔμπας
984 3742 1017 3796 et
1042 3730 1137 3818 ἐγγός
1164 3753 1205 3798 ex

88 3827 120 3893 ἐν
138 3837 241 3910 πᾶσι,
268 3830 306 3897 ἐν
326 3830 436 3915 γυίοις
450 3827 529 3895 ὀταν
550 3838 646 3915 putat
666 3838 712 3907 et,
735 3840 892 3915 quantum
912 3831 956 3897 ad
976 3832 1058 3898 illud
1081 3833 1204 3909 attinet,

86 3950 149 3994 non
175 3931 352 3997 dissentire
378 3931 507 3997 videtur
532 3929 722 4020 Hesychius
736 3928 872 4017 ’Έμπαν
894 3928 1037 4012 πόντιος.
1081 3935 1205 4002 Verum

153 4169 198 4238 tt)
207 4169 347 4239 Ἀλίγκιος
361 4170 410 4221 καλ
425 4166 485 4223 κατ’
501 4170 648 4224 ἐπέκτασιν
661 4171 817 4242 ἐναλίγκιος
826 4169 925 4224 Tzetz.
935 4167 1050 4224 ssts.
1058 4167 1135 4240 opp.
1145 4168 1203 4224 128.

92 4254 241 4321 protherio
259 4252 436 4326 significans.
1057 4254 1065 4264 ¹
