2825 4809
201 304 279 381 860
493 302 815 371 DISSERTATIO
837 300 885 367 11.
927 299 1038 366 P.11.

164 529 171 539 ·
203 488 343 555 habent:
366 481 385 576 ἦ
410 480 494 553 κατά
517 485 742 573 συγκέκοπται
765 485 823 552 καὶ
845 484 926 573 ὅλην
947 482 1115 571 συλλαβὴν
1136 476 1325 567 ἇποβάλλει

139 666 142 677 ὅ
204 588 240 657 c
266 593 314 676 ιο
341 582 482 655 κειται.
509 588 619 675 npim.
648 588 676 653 1.
711 587 786 653 sss.
818 587 935 651 zonas.
965 564 1058 650 1178.
1117 586 1195 649 Hoc
1221 604 1324 669 genus

204 700 375 781 poetarum
399 686 514 763 ditioni
537 689 719 775 subjectum
742 698 802 754 est.
844 689 931 755 Nam
952 687 1043 773 quod
1065 685 1253 773 promiscue
1276 683 1324 747 di-

205 791 289 856 citur
316 784 480 875 κάπυρος,
511 790 546 854 id
576 813 617 855 ex
646 786 839 877 κατάπυρυς
868 790 993 867 lactum
1022 810 1096 855 esse
1124 788 1201 872 jure
1226 795 1326 871 negat

207 890 429 959 Schneiderus
441 892 484 975 ⁶).
527 890 742 957 Homericum
764 882 882 957 άντιτα
905 890 1017 959 Schol.
1044 889 1113 957 Od.
1134 888 1253 955 XVII.
1273 886 1324 972 51.

205 1002 240 1058 et
259 992 298 1057 ll.
321 991 455 1058 XXIV.
481 992 554 1057 273.
577 1015 645 1059 non
668 1002 758 1058 recte
779 1002 991 1077 acoepcnmt:
1022 982 1140 1057 άνιιτα
1167 983 1243 1057 ἀντὶ
1266 990 1324 1053 τοῦ

205 1087 357 1159 άντίτιτα
386 1085 595 1181 ἀτιμώρητα·
625 1092 697 1161 ἔστι
726 1092 764 1160 δὲ
795 1091 947 1182 συγκοπὴ
983 1096 1044 1179 τῆς
1071 1078 1113 1157 τι
1144 1091 1324 1178 συλλαβῆς.

205 1195 293 1261 Nam
315 1214 356 1258 ex
378 1184 517 1260 άνάτιτα
540 1204 740 1260 contractum
762 1206 830 1272 est,
861 1194 939 1260 licet
959 1192 1024 1259 hoc
1044 1214 1208 1277 nusquam
1228 1211 1324 1276 repe-
1391 1221 1393 1261 ι

203 1296 359 1379 riaturl).
401 1293 518 1377 Itaque
540 1317 606 1359 una
633 1306 682 1361 est
709 1296 913 1384 praepositio
935 1288 1026 1383 άμφί
1054 1294 1132 1359 huic
1158 1291 1324 1357 affectioni
1391 1324 1393 1359 2

205 1403 394 1483 opportuna
422 1394 541 1459 sedin
567 1419 633 1462 uno
663 1398 734 1463 solo
760 1397 922 1465 vocabulo
955 1395 1047 1481 quod
1075 1394 1187 1463 Schol.
1208 1392 1322 1480 Apoll
1391 1422 1393 1459 τ

203 1498 265 1564 IV.
290 1495 383 1560 1187.
408 1494 606 1581 designavit:
627 1496 830 1577 Παυσανίας
849 1497 936 1587 φησὶ
955 1496 1013 1565 τὸν
1035 1490 1235 1585 άμᾳιιφορέα
1257 1489 1322 1561 ὑπὸ
1392 1526 1393 1547 ÷

207 1590 400 1682 Ἀθηναίων
426 1590 584 1685 ἀμφορέα
604 1600 806 1680 καλεῖσθαι,
840 1600 942 1686 idque
966 1598 1101 1686 publica
1120 1594 1323 1662 consuetudo

203 1696 330 1783 recepit
348 1718 414 1760 una
436 1718 510 1763 oum
532 1698 683 1765 affinibus
713 1693 941 1788 άμφορίσκος,
972 1692 1242 1787 άμφορεαφόρος
1264 1706 1322 1761 etc.
1392 1740 1393 1766 ;

205 1809 344 1885 excepto
366 1821 432 1864 uno
455 1794 690 1889 άμφιφορίτης
713 1793 817 1887 άγάν,
850 1823 892 1866 ex
913 1824 979 1887 quo
1006 1798 1216 1885 cognoscitur
1244 1818 1322 1863 con·
1391 1830 1393 1865 ι

205 1899 368 1964 cinnitatis
391 1914 522 1965 sensutn
549 1901 628 1965 alias
650 1902 725 1989 plus
746 1903 888 1969 valuisse
909 1903 989 1967 alias
1018 1901 1125 1965 minus
1151 1924 1183 1964 v,
1204 1898 1323 1964 Parall.
1392 1934 1393 1965 t

205 2000 250 2065 44
272 2023 321 2085 sq.
354 2000 491 2086 parique
512 2001 731 2068 inconstantia
757 2008 925 2071 ambicisus
948 2002 1068 2069 dicitur
1099 2012 1144 2089 et⁴
1161 2004 1324 2085 anfractas
1392 2036 1393 2057 t

206 2092 310 2185 ctc.⁸)
348 2102 636 2189 Praepositionum
654 2104 922 2191 inseparabilium
943 2127 1010 2169 una
1030 2102 1190 2189 syllabam
1209 2100 1325 2183 amittit
1391 2134 1393 2167 ι

205 2201 240 2267 in
267 2197 465 2289 ἡμέάιμνσς,
498 2205 589 2290 quod
616 2206 782 2291 Didymus
812 2205 854 2270 ab
884 2205 1006 2271 Atticis
1039 2205 1104 2271 dici
1130 2204 1267 2268 affirmat
1291 2224 1322 2266 v.

204 2302 325 2369 Parall.
347 2302 400 2367 44.
435 2306 494 2370 sed
522 2329 589 2371 non
614 2306 734 2392 legitur
759 2306 822 2371 nisi
849 2306 887 2369 in
913 2306 1016 2371 Inscr.
1048 2305 1324 2371 Tauromenitana

204 2405 248 2470 N.
270 2404 343 2469 226.
374 2404 445 2471 Col.
468 2406 515 2472 Il.
545 2408 600 2473 lin.
624 2408 676 2473 34.
720 2410 774 2473 Ex
803 2406 965 2472 adverbiis
994 2408 1058 2472 buo
1081 2406 1324 2495 appropinquat

206 2499 397 2593 ὃπισθὲναρ
427 2502 478 2571 bis
506 2509 597 2595 apud
622 2510 794 2575 Pollucem
830 2509 987 2596 scriptum
1016 2519 1153 2574 accentu
1182 2509 1247 2573 alio
1273 2518 1322 2571 at·
1392 2534 1393 2573 1

207 2630 271 2693 quc
296 2602 533 2692 ὀπισθόδομος
556 2620 588 2675 et
609 2610 674 2674 alia
695 2633 771 2676 vere
794 2610 978 2697 composita
990 2611 1033 2693 ⁹).

289 2710 344 2775 De
355 2709 542 2775 nominibus
554 2712 678 2798 primae
690 2694 915 2777 declinationis
927 2732 1033 2775 senno
1042 2732 1109 2774 non
1115 2710 1235 2794 longus
1247 2708 1322 2783 erit3
1391 2752 1393 2761 <

205 2808 263 2877 τὸν
286 2803 418 2895 ἀγκῶνα
442 2806 473 2875 oi
486 2805 667 2900 Ἀθηναῖοι
689 2811 750 2896 μὲν
772 2806 969 2898 ὦλέκρανον,
993 2805 1027 2876 oi
1041 2815 1186 2896 Δωριεῖς
1207 2806 1246 2874 δὲ
1265 2803 1322 2872 κά-

205 2917 300 2995 βιτον
322 2904 521 2992 ὀνομάζουσι
544 2912 659 2978 Galen.
683 2914 725 2979 de
749 2914 835 2979 Mot.
856 2914 965 2979 Muso.
983 2912 1029 2976 ΙΙ.
1052 2913 1083 2991 3,
1104 2910 1180 2975 430.
1203 2909 1245 2973 Τ.
1261 2908 1319 2974 IV.
1391 2964 1393 2977 2

205 3012 281 3078 Rus.
306 3011 347 3075 de
368 3011 458 3075 Part.
481 3036 514 3099 p.
534 3014 586 3078 22.
607 3014 664 3079 ubi
687 3009 876 3101 ὀλέκρανον,
898 3024 935 3078 ut
956 3013 1046 3100 apud
1055 3012 1319 3099 Aristophanem,
1392 3041 1393 3078 ι

207 3114 373 3189 scribitur,
404 3134 567 3197 nusquam
589 3138 665 3181 vero
688 3107 914 3199 τάλενάκροινον
936 3114 1004 3179 siue
1033 3108 1252 3200 άλιυάκρανον
1270 3136 1319 3177 re·
1391 3142 1393 3181 ι

205 3225 336 3304 pentum
357 3224 415 3279 est.
461 3215 635 3303 Synoopae
659 3215 865 3302 effugiendae
885 3214 972 3279 viam
999 3215 1144 3280 ostendit
1162 3215 1319 3300 Hesycbii

277 3400 307 3469 6)
320 3406 348 3452 K
348 3396 470 3469 άτροιτον
482 3395 611 3461 κάταντες
621 3400 690 3454 Hes.
704 3402 784 3469 quod
795 3406 872 3453 recte
894 3400 1039 3454 confertur
1057 3384 1318 3473 eumKatcirpcncr

207 3484 346 3551 κάταντες,
362 3483 489 3538 doricum
502 3492 545 3537 est
557 3486 603 3538 vel
617 3486 756 3539 aeolicum
771 3492 802 3538 ut
814 3490 956 3551 κυμαίνειν
968 3493 1021 3540 etc.

277 3557 302 3616 7)
312 3552 488 3623 Ἀνσχεθέειν
507 3554 666 3609 Eustctbius
685 3556 758 3607 1538.
780 3554 852 3607 male
868 3552 1071 3625 interpretatur
1088 3552 1277 3625 ἀνασχεθέειν
1292 3564 1316 3609 et

208 3640 304 3699 Schol.
324 3639 406 3693 Pind.
423 3638 533 3693 01.111.
547 3642 588 3692 54.
603 3638 749 3713 ἀντιθεῖσα
759 3641 837 3693 haud
848 3639 947 3693 melius
959 3637 1027 3692 ἀνθ’
1043 3640 1141 3708 ἑαυτῆς
1151 3648 1244 3695 θεῖσα.

277 3727 307 3795 8)
322 3724 457 3780 Confusio
471 3723 614 3779 nominum
627 3719 769 3797 παραστάς
786 3732 815 3779 et
827 3718 934 3785 παστάς
945 3724 1120 3779 Schneidero
1139 3725 1170 3779 in
1182 3726 1272 3798 Epim.
1284 3728 1316 3779 ad

206 3812 282 3868 Xen.
297 3812 382 3865 Mem.
396 3829 424 3882 p.
438 3810 498 3865 286.
513 3811 702 3881 suspicionem
713 3810 847 3883 praebuit
863 3812 918 3864 hoc
939 3828 975 3864 ex
992 3809 1043 3864 1110
1063 3818 1240 3866 contractum
1252 3828 1313 3867 esse.

206 3899 263 3955 Pro
276 3898 307 3953 ἔν
321 3894 456 3971 προστάάι
475 3896 569 3951 Schol.
582 3897 678 3969 Apoll.
696 3898 720 3951 Ι.
742 3899 816 3951 1104.
835 3898 903 3951 cod..
914 3889 1091 3970 nponaouidt
1111 3899 1241 3968 praebet.
1266 3898 1315 3952 Sed

207 3983 376 4057 significatio
390 3982 530 4055 discrepat
542 3990 571 4039 et
583 3982 663 4053 origo
677 3982 788 4037 diversa
801 3990 853 4036 est.

120 4057 128 4066 ⁹
278 4071 307 4139 9)
320 4070 354 4124 In
365 4068 541 4139 Theognosti
557 4069 620 4125 loco
635 4086 718 4139 quem
731 4066 869 4140 adscripsi
888 4066 917 4120 in
934 4065 1038 4122 Parall.
1057 4084 1085 4137 p.
1105 4068 1166 4121 205.
1185 4085 1237 4139 pro
1253 4062 1314 4134 νάυρ

207 4156 304 4213 nescio
318 4173 354 4209 an
366 4155 548 4209 scribendum
566 4153 602 4211 sit
614 4151 691 4229 Ζότιρ
704 4173 721 4210 0
734 4154 839 4210 Suidae
859 4153 955 4224 glossa
971 4150 1126 4210 subditicia
1143 4148 1220 4225 Ζάαρ
1233 4149 1312 4218 τόκοι,

208 4241 259 4312 qui
271 4241 338 4295 alibi
351 4237 446 4315 Ζόαρα
459 4248 585 4297 vocatur.
