2825 4809
224 285 302 384 sos
584 302 917 376 passarino
935 303 977 376 v.

224 491 360 564 dictioni
386 490 559 582 propiores
587 490 674 579 μέγα
701 490 864 571 πλούσιος
897 501 930 558 et
956 490 1042 579 μέγα
1068 484 1178 578 diriter
1202 497 1309 563 Herod.

222 600 307 687 μίγα
333 592 501 680 εὐδαίμων
525 593 684 683 Xenoph.
708 617 739 660 v.
763 593 898 662 Jacobs.
926 594 969 659 ad
989 595 1117 661 Aelian.
1143 594 1239 682 pot.
1261 620 1311 664 neo

223 699 330 764 solum
346 696 513 782 adjectivis
535 695 713 762 sedetiam
735 694 945 762 substantivis
967 719 1049 782 quae
1066 707 1217 763 vocantur
1236 701 1310 764 attri'·
1382 727 1383 730 ¹

222 799 343 866 butivis
361 798 438 885 μέγ’
462 791 544 879 δίυαξ
563 801 646 865 Hes.
659 797 800 884 ‘Theog.
821 797 895 863 486.
917 797 991 883 μέγ’
1019 796 1193 888 ἐϋμμελίης
1213 799 1309 883 Quint.

222 901 285 970 IV.
307 901 379 967 127.
410 910 444 966 et
469 900 634 966 interdum
661 921 736 968 eum
764 898 918 966 adverbio
947 910 984 965 ut
1010 890 1131 967 δίυευθε
1157 898 1238 986 μέγα
1262 924 1310 988 pro

173 988 177 996 ¹
223 999 312 1072 πάνυ
332 1001 513 1092 πόῤῥωθευ
538 1003 578 1068 ΙΙ.
599 1002 721 1069 XXII.
744 1002 796 1068 88.
838 1001 934 1066 Illam
962 1022 1039 1067 vero
1068 1000 1245 1068 interiorem
1269 1027 1311 1070 so·

223 1104 383 1182 rietatem,
399 1124 483 1189 quae
499 1103 645 1190 synthesi
660 1103 808 1182 efficitur,
825 1125 899 1170 cum
915 1113 1030 1170 neutro
1050 1101 1166 1168 horum
1181 1121 1312 1190 generum
1382 1147 1383 1188 p

224 1205 312 1273 coire
333 1205 434 1283 solet;
455 1227 531 1271 nam
551 1227 612 1293 pro
629 1204 855 1294 Μεγαίφρουες
874 1201 1123 1294 μεγαλόφρονες
1146 1199 1165 1292 ἢ
1186 1204 1312 1292 μεγάλως

224 1300 369 1394 ἄφρονες
390 1306 537 1394 Hesych.
551 1305 741 1394 Stephanus
761 1327 837 1373 vere
858 1307 993 1404 corrigit
1011 1303 1085 1394 μέγ’
1112 1300 1250 1394 ippone
1266 1309 1310 1376 de·

221 1407 288 1475 leto
307 1408 469 1496 proximo,
489 1410 580 1495 quod
599 1407 874 1495 Lexicographus
895 1409 968 1496 ipse
988 1408 1153 1475 damnavit
1174 1409 1310 1498 adscripto

222 1504 244 1595 ἢ
265 1506 423 1594 μεγάλως
441 1503 593 1598 inponere.
636 1507 855 1596 Μεγατίμιος
879 1520 929 1576 ter
949 1511 1069 1598 legitur
1094 1511 1130 1576 in
1153 1510 1308 1599 Theophyl

222 1609 304 1679 Sim.
325 1609 414 1676 Hist.
435 1609 463 1677 I.
487 1611 538 1689 10,
560 1609 612 1676 21.
634 1612 678 1678 Α.
701 1611 767 1677 ΙΠ.
790 1612 840 1691 12,
865 1613 915 1678 78.
935 1613 982 1678 D.
1007 1613 1067 1680 IV.
1093 1613 1123 1692 7,
1148 1613 1219 1679 100.
1236 1615 1264 1679 Β.
1282 1624 1307 1692 ut

221 1711 258 1778 in
278 1712 353 1780 cod.
375 1711 507 1778 Aeliani
528 1714 574 1777 H.
595 1713 663 1778 An.
684 1712 713 1778 I.
736 1713 788 1780 59.
812 1714 872 1781 sed
900 1714 1074 1801 disparatis
1099 1713 1236 1780 -vocibus
1256 1713 1305 1800 χεὶρ

221 1813 308 1899 μέγα
327 1813 425 1899 τιμία
444 1812 498 1881 IV
498 1861 507 1878 .
527 1813 559 1892 3,
579 1813 630 1881 93.
654 1815 837 1899 eodemque
854 1817 954 1882 ruodo
977 1816 1067 1903 apud
1089 1816 1264 1884 Aelianv.
1276 1817 1310 1880 H.
1382 1805 1383 1816 ’

144 1963 161 2006 ;
222 1915 302 1984 VII.
329 1915 360 1983 8.
398 1913 491 1984 Suid.
526 1938 552 1980 s.
579 1912 736 2003 Μίλητος
767 1938 801 2003 p.
830 1916 902 1984 766.
939 1919 990 1984 ed.
1022 1917 1146 1984 Bernh.
1181 1927 1212 1983 et
1243 1917 1312 1983 elios.
1382 1921 1383 1972 ἴ

226 2013 430 2104 Μθλᾱκήρυξ
450 2017 702 2083 condonandum
725 2029 775 2084 est
799 2018 977 2086 Theodoro
998 2019 1203 2098 Prodromo,
1228 2019 1275 2105 qui
1295 2020 1314 2084 si

91 2200 95 2206 Δ
220 2113 450 2235 μεγαλοκήρυξ
480 2120 684 2206 scripsisset,
717 2120 911 2188 insolentiae
946 2121 1080 2188 haberet
1110 2121 1238 2198 minus;
1268 2113 1383 2188 hoc
1382 2173 1383 2220 γ

223 2217 310 2286 enim
329 2219 514 2307 complures
534 2221 662 2307 hujus
653 2222 790 2291 mscitae
812 2208 928 2290 aetatis
951 2224 1036 2312 scrip
1039 2234 1126 2290 tores
1149 2233 1274 2289 utuntur
1290 2232 1317 2287 ut
1382 2223 1383 2234 ’

222 2319 467 2388 MoetasAnn.
487 2323 631 2405 ΧΧ.6,
653 2326 727 2392 373.
755 2326 870 2392 etalii
901 2349 931 2392 v.
960 2326 1156 2411 adPhryn.
1179 2324 1248 2389 600.
1272 2323 1383 2422 sed

220 2431 370 2488 neutrum
392 2444 431 2488 eo
452 2424 539 2490 valet
557 2437 595 2490 ut
615 2425 818 2496 Schneidero
843 2427 885 2492 ad
901 2427 986 2494 Plat.
1004 2427 1075 2495 civ.
1099 2427 1142 2493 Τ.
1155 2427 1218 2493 III.
1237 2451 1267 2513 p.
1276 2426 1316 2490 40.

222 2524 401 2590 concedam
416 2525 590 2623 Platonem
609 2527 855 2614 μεγαβασιλείς
874 2530 996 2596 dixisse
1014 2529 1104 2615 quod
1125 2530 1243 2595 inuno
1259 2527 1318 2594 cod.

221 2626 454 2714 scriptumest.
496 2627 553 2694 Ab
572 2627 624 2694 his
641 2631 786 2717 separari
805 2642 936 2718 oportet
951 2629 1217 2719 μεγαβρεμέτης,
1234 2655 1319 2714 μεγα-
1380 2669 1381 2676 υ

220 2730 395 2816 ctissime·
415 2752 493 2796 nam
514 2731 675 2818 simplicia
694 2731 874 2820 βμεμέυης,
897 2731 1059 2820 σθευὲυης
1080 2754 1149 2798 non
1170 2732 1270 2818 magis
1293 2731 1319 2796 in
1380 2743 1381 2792 1

106 2900 110 2908 ,
220 2852 283 2896 usu
304 2841 380 2897 sunt
400 2854 498 2919 quam
521 2833 689 2920 δερκέτης,
712 2831 863 2920 μευέυης,
887 2832 1020 2921 ἐργέυης
1043 2843 1076 2900 et
1091 2834 1143 2916 lris
1163 2833 1318 2900 similia-
1380 2893 1381 2896 ,

219 2933 429 3018 Adjectivum
459 2927 549 3002 πολύ
580 2945 701 3022 poetae
733 2934 890 3003 adhibent
921 2937 1170 3024 amplificandae
1203 2932 1318 3021 adjecti·
1380 2941 1381 2968 ³

220 3055 334 3101 vorum
351 3035 582 3124 significationi
598 3035 813 3117 πολύκοιυος,
834 3036 1100 3118 πολυδαίδαλος,
1121 3047 1246 3114 cetera3
1266 3057 1318 3122 quo

221 3135 264 3202 de
291 3159 412 3224 genere
439 3138 541 3234 multa
569 3137 744 3225 scriptores
772 3135 964 3224 posterioris
992 3140 1171 3220 aetatisip
1197 3139 1319 3206 solutum

219 3240 413 3308 transtulere
441 3227 640 3308 sennonem:
673 3238 910 3330 πολυοίγαθος,
939 3238 1152 3330 stolidoque,
1182 3235 1318 3324 πολυμά-

218 3364 329 3422 ταιος,
351 3337 585 3429 πολύφαυλος,
607 3335 811 3427 πολύξηρος,
834 3341 1094 3422 πολυποίκιλος,
1117 3343 1210 3429 quod
1222 3341 1317 3408 etram-

218 3465 306 3510 nunc
336 3442 372 3510 in
401 3465 465 3510 usu
497 3454 565 3522 cst,
599 3453 632 3510 et
662 3442 855 3529 trisyntheta
883 3440 1160 3530 πολυάγρυπυος,
1192 3438 1317 3511 πολυαί-

220 3546 423 3629 οπλαγχυυς,
453 3541 701 3631 πολυεύπορος,
732 3545 822 3631 quod
851 3545 1040 3612 hoc-modo
1072 3569 1126 3634 ap.
1150 3545 1316 3614 Cedrenum

217 3646 354 3733 legitur,
383 3645 445 3712 sub
475 3645 604 3713 duobus
628 3669 706 3727 vero
729 3645 916 3712 accentibus
945 3671 999 3735 ap.
1025 3647 1182 3713 Malelam
1211 3647 1315 3732 impro-

217 3748 316 3816 bante
345 3749 478 3835 quidem
500 3743 679 3816 Schaelero
712 3750 756 3820 ad
781 3750 884 3816 Dion.
911 3773 945 3836 p.
969 3749 1042 3844 200.
1071 3747 1104 3815 b.
1129 3749 1189 3814 sed
1213 3745 1316 3813 difficili
1380 3827 1381 3832 ἵ

220 3861 253 3918 et
278 3850 322 3917 ad
351 3851 595 3919 assentiendum
618 3862 651 3916 et
676 3851 720 3916 ad
746 3861 823 3918 cont
823 3875 859 3918 ra
810 3851 1057 3917 tdicendum
1079 3852 1230 3939 optione3
1256 3869 1316 3914 nam

220 4025 268 4078 εῦο
288 4016 363 4078 πάνυ
381 4019 452 4084 oica
436 4023 574 4077 κυααλέ
565 4023 736 4097 ᾖυσνηδείᾳ
754 4024 907 4094 μίγαςμῶ
907 4041 964 4097 ρος.
999 4026 1085 4093 Μεγα
1068 4017 1183 4090 uiritim
1153 4039 1214 4082 πιος
1230 4019 1315 4074 eodem

221 4107 461 4165 locohabendum
475 4115 519 4163 est
534 4126 590 4181 quc
607 4104 811 4181 μεγαλὸδηλος,
821 4127 951 4182 μεγαπ
879 4112 928 4164 ulo
930 4104 1030 4163 πίλα
986 4122 1072 4177 υσο,ς
1092 4125 1171 4179 aqui
1144 4106 1224 4162 uibus
1241 4103 1315 4159 utin·

219 4194 336 4250 tellectn
356 4196 396 4250 ita
416 4194 582 4265 antiquitate
602 4194 738 4250 differunt
754 4213 828 4269 μεγα
810 4192 954 4264 adsideres,
975 4187 1200 4266 μεγαλοπόνηρος
1216 4193 1266 4245 hoc
1282 4193 1315 4242 est

194 4343 203 4365 Ι
221 4279 253 4334 ir
270 4278 402 4356 μεγάλοις
418 4277 546 4359 πονηρός.

383 4538 395 4577 l
