2825 4809
246 322 319 397 aaa
610 310 931 384 mssauufflo
964 315 992 380 1.
1186 291 1245 422 '·
1380 362 1381 426 ,

326 505 354 586 i.
376 501 408 566 2.
451 497 507 564 Ab
529 497 592 564 hac
618 508 803 584 temporum
827 481 1034 584 obliquoruin
1061 499 1234 585 anadiplosi
1252 521 1322 568 com-

144 593 148 601 ’
245 601 336 668 muni
360 609 394 666 et
415 597 525 664 ionica
546 597 655 664 differt
682 621 723 664 ea
745 621 811 684 qua
833 599 1006 666 verborum
1030 599 1203 686 positiones
1222 600 1324 686 prinae

244 710 414 787 augentur.
457 699 512 764 Illi
534 698 620 764 euim
637 721 704 764 uua
717 697 878 766 vocalium
888 699 1042 766 attaibuta
1059 709 1108 766 cst
1120 700 1246 787 sputu,
1265 699 1325 767 huic

244 805 370 890 pluras,
391 820 454 866 ccc
477 799 607 866 vocales
627 799 728 865 modo
750 800 811 866 scd
832 800 930 866 stiam
948 798 1159 887 diphthongi,
1179 799 1325 885 atquibus

244 903 346 970 semel
366 900 507 968 accessit
525 921 695 986 nunquam
715 899 908 978 detrahitur3
929 900 1099 966 nonenim
1118 899 1269 986 τριμαένω
1288 901 1325 964 di·

244 1005 328 1069 citur
345 1023 406 1087 pro
429 997 648 1086 τετρεμαίνω,
675 1021 745 1065 non
767 999 926 1082 δι’σναμαι
952 1022 1014 1066 nec
1042 1001 1146 1068 simile
1167 997 1326 1085 quidquam

243 1105 362 1187 Itaque
386 1123 426 1168 eo
448 1101 541 1186 quod
559 1095 727 1185 βαβράθω
747 1099 782 1164 in
803 1122 866 1166 usu
887 1111 938 1166 cst
965 1101 1148 1168 excluditur
1170 1121 1232 1166 nou
1249 1101 1327 1164 redu·

245 1205 401 1290 paenam
421 1197 564 1288 μανι,
589 1199 681 1284 quos
703 1199 914 1266 cammada
940 1202 1070 1288 fingunt
1096 1201 1202 1288 upum.
1222 1201 1248 1266 1.
1270 1199 1328 1266 aaa

244 1301 420 1389 πεποίηκα
440 1295 620 1386 πεποιὴκω
641 1298 698 1366 καλ
718 1298 847 1383 βριάθω
869 1303 1032 1387 βέβρωθα
1051 1300 1214 1387 βτβριάθω
1235 1310 1264 1366 et
1273 1301 1328 1387 ple·
1382 1293 1383 1302 ’

245 1404 320 1472 nius
329 1401 417 1500 FM.
441 1399 514 1497 104,
537 1399 588 1463 10.
611 1398 648 1466 ἐκ
669 1403 731 1465 τοῦ
750 1401 825 1483 βράί
844 1399 968 1483 βρώσω
986 1401 1143 1488 βέβρωκα
1165 1400 1220 1468 καὶ
1239 1403 1328 1488 τροπῇ

245 1509 307 1571 τοῦ
335 1527 355 1567 κ
379 1497 429 1579 εἷς
451 1506 480 1566 a
500 1494 680 1586 βιβρώθω.
723 1500 795 1566 Nos
816 1499 877 1565 hac
898 1500 1036 1587 ambage
1063 1523 1133 1566 non
1162 1501 1271 1566 utimur
1285 1497 1331 1563 sed

247 1606 289 1671 ab
316 1601 433 1668 ecdem
460 1599 601 1664 themate
626 1597 719 1686 βόρα
745 1596 836 1686 βρόω
857 1623 923 1666 una
951 1623 1053 1688 opera
1082 1610 1116 1666 et
1137 1597 1287 1686 βτβριέθω
1307 1607 1332 1662 et
1383 1584 1384 1668 i

246 1699 428 1790 βιβρώσκω
449 1708 669 1786 propagatum
697 1721 771 1766 esse
798 1709 831 1766 et
861 1712 1001 1788 utroque
1029 1703 1246 1768 continuatum
1263 1719 1331 1764 mor·

248 1827 321 1870 sum
340 1802 478 1868 indicaui
499 1799 738 1878 contendimus,
759 1801 888 1885 qualem
908 1799 1104 1887 δαρδάπτω,
1127 1801 1292 1888 γάγγραινα
1309 1807 1333 1862 et

190 1904 195 1914 '
248 1899 374 1993 ἐάηάιάν
395 1901 431 1967 id
453 1911 504 1966 est
524 1901 713 1988 φαγέδαινα
736 1901 920 1987 significant
939 1925 970 1968 v.
988 1907 1013 1988 ξ.
1026 1903 1057 1968 8.
1080 1900 1209 1970 Vitiosa
1229 1908 1273 1964 est
1290 1919 1332 1962 co·

249 2004 359 2068 dicum
376 2000 609 2068 nonnullorum
629 2001 791 2086 scriptura
809 1999 1008 2072 κεντάθουσι
1027 2003 1109 2070 Eur.
1134 2003 1216 2068 Hcc.
1231 1998 1292 2065 865.
1310 2005 1334 2062 et

246 2104 317 2170 vitii
345 2123 482 2169 consors
509 2099 712 2168 Scholiastea
742 2101 782 2168 cd
810 2087 1102 2181 ἧάναάίπλωσις
1129 2089 1335 2188 acamantida
1384 2111 1385 2144 ³

249 2200 446 2270 νενάάονται
470 2198 682 2282 (κεκάδοντο)
703 2202 886 2288 eodemque
902 2221 1010 2269 errore
1028 2201 1159 2268 ducitur
1170 2199 1268 2270 Schol.
1280 2197 1334 2266 Od

249 2304 310 2372 VI.
332 2302 407 2368 303.
430 2300 459 2366 si
480 2295 650 2368 κεκύθωσι
673 2301 913 2387 subjunctivum
933 2304 1115 2390 praesentis
1139 2324 1211 2368 csse
1226 2297 1337 2388 putauit.

249 2401 440 2484 Κανέλαμαι
460 2422 607 2485 uuquam
626 2400 748 2468 dicum
770 2423 842 2468 esse
862 2425 906 2468 ne
926 2403 951 2466 ii
973 2403 1107 2487 quidem
1125 2401 1289 2469 credidisse
1301 2397 1337 2462 vi-
1385 2396 1386 2464 i

251 2505 368 2569 deutur
390 2500 447 2587 qui
468 2499 532 2565 hoc
552 2500 708 2586 primitivi
728 2502 830 2568 instar
842 2499 979 2568 habent:
999 2503 1085 2569 νέλω
1108 2503 1168 2570 καὶ
1189 2502 1221 2569 ἐν
1239 2500 1338 2568 dmic-
1385 2541 1386 2546 κ

250 2607 384 2690 ωιασμῷ
414 2599 536 2668 uenatu
562 2601 619 2666 καὶ
646 2599 682 2666 ἐν
703 2607 854 2693 σαγνοπῇ
876 2603 980 2672 ιιένλω
1001 2605 1097 2670 Eust.
1123 2599 1338 2680 1306,12.c.

251 2703 376 2770 Techn.
401 2702 473 2766 111.
504 2700 640 2768 Rectius
654 2696 877 2790 Ἡρακλείδης
900 2702 989 2790 λέγει
1011 2701 1066 2770 ὅτι
1086 2698 1186 2791 ἡνίκα
1207 2699 1262 2786 μέν
1279 2701 1340 2768 συλ-

249 2806 357 2889 λαβῆς
379 2796 608 2878 άναδέντλωσις
627 2793 651 2889 ᾗ
661 2851 669 2878 ,
692 2799 730 2866 τὸ
753 2800 879 2870 τέλειον
901 2803 957 2870 ναὶ
978 2802 1090 2868 κοινὸν
1110 2802 1260 2870 λείπεται
1277 2804 1342 2884 μιάς

249 2905 417 2990 συλλαβῆς
437 2897 524 2986 πρὸς
543 2899 582 2966 τὸ
603 2899 923 2984 διπλασιαζόμενον,
953 2899 1047 2986 λάβω
1070 2898 1218 2986 λελάβω,
1245 2899 1295 2968 ὅτε
1314 2897 1343 2964 di

249 3001 422 3091 γράμματι
440 2999 660 3084 ένβεωρεῖται
682 2995 731 3066 ἑνὶ
747 2996 767 3088 ἡ
786 2993 1026 3080 άναδένιλωσις,
1051 2997 1127 3068 τότε
1142 2999 1343 3086 ἰσοσυλλαβεῐ,

250 3108 339 3191 μένω
368 3101 495 3187 μλμνω,
523 3097 607 3185 γένω
634 3097 749 3183 γέγνω,
775 3098 867 3184 μέλω
895 3102 1034 3186 μέμβλω
1063 3101 1160 3168 Eust.
1185 3100 1279 3178 1722,
1303 3097 1344 3162 61.

117 3229 120 3241 ’
252 3203 378 3268 chhn.
402 3200 475 3264 127.
498 3199 573 3262 adn.
602 3220 668 3283 quo
691 3199 790 3264 etiam
811 3199 991 3280 πέπταμαι
1013 3201 1220 3266 referendum
1238 3199 1346 3265 videtur

252 3302 379 3384 Quinto
398 3299 638 3383 frequentatum
659 3321 720 3383 pro
743 3298 894 3381 πέταμαι
916 3300 980 3365 ΙΠ.
1003 3299 1076 3365 660.
1107 3312 1141 3366 et
1163 3301 1240 3366 alibi
1268 3323 1295 3364 v.
1314 3296 1347 3362 ad

249 3406 372 3468 Buttm.
394 3398 469 3463 272.
512 3399 557 3462 Et
585 3397 669 3462 hanc
693 3398 791 3464 unius
819 3421 982 3465 consonae
1010 3387 1201 3488 principalis
1222 3399 1347 3467 iteratio·

251 3526 336 3582 nem,
359 3498 451 3584 cujus
472 3497 612 3584 vestigia
632 3521 766 3584 quaqua
785 3519 879 3564 versa
898 3500 1053 3586 indagavi
1074 3501 1109 3566 in
1129 3500 1249 3568 Parall.
1267 3525 1297 3590 p.
1306 3497 1348 3564 96.

252 3615 285 3670 ct
303 3600 395 3668 Add.
417 3598 491 3666 541.
520 3621 541 3664 a
571 3611 729 3666 consueto
760 3599 1033 3688 anadiplasiasmo
1061 3601 1205 3690 syllabae
1232 3600 1348 3692 proprio

250 3701 434 3792 pleonasmi
453 3701 586 3767 numine
611 3701 784 3788 distinguit
805 3701 1044 3770 Grammaticus
1064 3703 1099 3770 iu
1119 3705 1200 3772 EM.
1223 3703 1293 3782 600,
1308 3702 1350 3768 31.

251 3803 341 3870 Gud.
362 3803 439 3880 313,
459 3802 492 3867 3.
513 3797 544 3866 ci
565 3802 662 3888 παρὰ
680 3802 720 3870 τὸ
742 3803 827 3870 κέλω
858 3801 990 3871 indisso
1016 3803 1183 3884 ἐκέκλιτο,
1225 3807 1351 3872 πλεονα-

252 3903 338 3989 σμός
361 3901 434 3970 ἐστι
448 3891 557 3969 aad}
586 3899 617 3970 ci
637 3902 676 3969 dd
694 3903 790 3990 παρὰ
812 3902 852 3972 τὸ
875 3905 969 3971 καλῶ
985 3907 1055 3972 ιιλῶ
1068 3904 1202 3990 (κέκλω)
1217 3899 1276 3972 adu
1293 3899 1352 3970 έσιι

234 4001 464 4088 ’πλεονασμὸς
491 3997 576 4071 άλλά
605 3996 847 4083 άναάίνιλωσις.
875 3996 973 4071 ’Ἔστι
1006 4001 1068 4094 γὰρ
1100 4008 1166 4072 uiui
1202 4002 1259 4072 καὶ
1287 3993 1350 4068 κατ’

250 4101 571 4188 ἆναδιιιλασιασμὸν
593 4099 718 4170 νέκλω·
741 4098 780 4172 οὗ
802 4105 866 4194 γὰρ
876 4103 979 4190 μόνον
992 4101 1049 4174 διά
1060 4093 1307 4193 analyticum
1329 4093 1354 4166 ci

252 4201 564 4286 άναδινιλασιασμοὶ
586 4196 672 4272 ἀλλὰ
700 4203 758 4272 καὶ
781 4205 839 4274 διὰ
860 4209 919 4276 τοῦ
941 4191 977 4289 ἶ,
1002 4205 1091 4293 μένω
1118 4207 1248 4292 μέμνω,
1276 4199 1354 4294 φέναι
