2825 4809
274 381 339 445 DE
359 373 638 444 PAREOTASI.
684 375 724 444 O.
746 371 808 445 IV.
841 380 867 462 t.
890 377 921 442 3.
1083 386 1159 456 443

82 576 161 648 theto,
184 566 291 654 quibus
312 563 531 641 metitur,
562 574 594 630 et
622 561 672 627 hie
702 573 844 649 cognata
867 584 938 627 non
963 583 1030 628 uno
1057 567 1159 631 modo

82 673 235 742 scribuntur.
276 665 518 753 Moschopuluo
541 663 662 733 Sched.
684 665 736 730 89.
761 676 794 731 et
814 666 1026 732 Herodianus
1047 667 1158 792 Epim,

80 777 132 843 767.
148 770 219 839 στοά
236 765 336 855 μόνον
355 762 484 853 μικράν,
503 765 546 833 τά
567 767 604 835 dd
622 762 708 853 παρ’
729 762 834 834 αὐτοῦ
853 763 984 854 μεγάλα
1006 768 1158 851 στιιικάς,

78 873 223 958 ἕξάστιοον,
245 867 449 947 πολύστιοον,
472 864 663 954 πράστωον·
687 869 747 934 sod
765 868 836 934 iota
854 869 1119 951 mmmdcc
1129 873 1158 938 1

78 974 229 1061 περίοιωον
250 974 308 1041 σὺν
332 973 382 1058 τῷ
404 995 416 1036 ι
426 963 619 1094 γράφεται
632 973 679 1056 τῷ
703 974 892 1058 χαρακτῆρι
919 974 987 1037 τῶν
1016 971 1074 1039 διὰ
1100 979 1159 1042 τοὶ·

77 1105 123 1146 σοι
140 1076 190 1144 καὶ
210 1072 261 1143 ὅτι
283 1069 355 1141 άπὸ
380 1076 441 1140 τοῦ
463 1065 562 1138 στοιά
585 1069 710 1156 γίνεται
731 1067 926 1156 περίστοιον
946 1097 1006 1138 και
996 1071 1157 1143 ἐκτάσει

76 1174 311 1266 (περίσιιιον)“
290 1199 377 1261 οπερ
406 1169 549 1259 εὐλόγως
579 1167 881 1257 προπαροξύνεται.
927 1173 977 1241 Τὸ
1005 1174 1043 1241 δε
1070 1201 1159 1265 προ

74 1283 153 1367 emim
182 1277 472 1362 προπερισπάται·
506 1272 564 1339 καὶ
593 1266 790 1360 ὤφειλεν
767 1301 787 1358 η
818 1271 861 1340 τὰ
895 1269 955 1340 doio
988 1299 1158 1364 προπιρι-

73 1384 196 1448 autnon
217 1373 237 1468 ἢ
253 1376 296 1443 τά
320 1371 379 1443 δύο
396 1371 733 1460 προπαροξύνεσθαι,
754 1372 873 1465 ἐπειδὴ
894 1369 964 1445 άπὸ
982 1383 1043 1445 τοῦ
1059 1381 1157 1448 στοιά

71 1477 216 1568 ἀμφότερα
239 1480 380 1566 γέγονεν.
428 1477 526 1542 Hanc
549 1483 703 1540 accentus
725 1474 1030 1562 inconsequentiam
1050 1482 1158 1547 Arco-
1248 1564 1252 1573 ἱ

72 1585 124 1648 dim
143 1603 267 1668 quoque
291 1587 461 1646 attestatur
483 1602 516 1665 p.
540 1577 611 1644 122.
639 1577 700 1642 sed
725 1577 759 1642 in
780 1579 860 1644 EM.
882 1579 958 1658 413,
982 1581 1032 1646 74.
1058 1607 1157 1670 περι-

34 1697 35 1704 ’
69 1689 150 1771 σῷον
168 1683 323 1769 een'ptnm
346 1691 396 1747 est
421 1690 458 1746 ut
483 1683 675 1767 προστῷον,
704 1701 809 1766 eoque
830 1681 1055 1750 modulatione
1077 1683 1159 1750 haec

70 1785 282 1872 distinguuntur
308 1782 349 1848 ob
378 1781 547 1868 adjectivis
572 1782 849 1869 propmoxytonie
874 1781 1066 1867 πράστωος,
1094 1810 1158 1851 πε-

68 1887 199 1970 ρίσιιιος,
242 1885 362 1974 quibus
402 1883 565 1951 accedunt
603 1880 775 1970 πρόστοος
816 1893 850 1949 ct
887 1881 1070 1970 περίστοος
1092 1887 1157 1970 ¹²).

65 1988 136 2054 Ηεοο
158 1989 257 2076 igitur
288 1989 358 2054 iota
388 2010 408 2054 o
437 1997 616 2075 prototypo
646 1982 746 2052 στοιά
773 1996 987 2072 occeperunt,
1020 1987 1112 2072 quod
1139 2011 1160 2052 ιι

65 2089 128 2156 otio
150 2091 292 2156 manavit
306 2092 358 2176 ίθ)
386 2088 471 2155 sicut
498 2111 518 2153 c
543 2087 609 2154 κέοι
636 2085 790 2172 (κεῖμαι)
816 2091 920 2154 Κοῖον
943 2087 982 2155 τὸ
1007 2085 1159 2175 ἐνέχυρον

65 2201 89 2256 et
110 2187 204 2261 Κάισν
233 2195 319 2280 (hoc
347 2202 397 2258 cet
422 2190 541 2278 Κῷον)
572 2187 723 2274 ἐνέχυρον
750 2185 810 2252 καὶ
838 2183 973 2266 ἱμάτιον
987 2189 1040 2274 ¹⁴)
1072 2211 1159 2276 quoe

62 2293 220 2378 Hesychius
254 2295 350 2361 offert
386 2315 459 2359 cum
490 2289 598 2357 verbis
636 2288 714 2354 hino
748 2289 907 2355 traductis
943 2285 1092 2373 κοιάζιιν
1125 2308 1158 2357 et

61 2392 229 2478 κοάζιιν
193 2423 231 2464 το
262 2392 497 2480 ἐνεχυριάζειν,
524 2393 679 2478 idemque
699 2390 836 2457 verbum
855 2392 1072 2478 praestruitur
1094 2391 1157 2459 Ιιο·

60 2498 154 2564 nerico
172 2499 339 2588 epitheto.
360 2496 455 2583 παρὰ
476 2492 515 2563 τὸ
534 2494 613 2561 ueto
631 2487 807 2614 ὀρέσκοιρς
822 2517 881 2559 και
873 2488 1035 2560 ἐκτάσει
1056 2500 1117 2561 τοῦ
1139 2520 1158 2559 o

59 2599 99 2664 καὶ
122 2599 307 2681 μεταθέσει
338 2602 398 2666 τοῦ
430 2593 529 2664 τόνου
562 2588 732 2680 ὀρεσκῶος
763 2589 817 2660 ὅτι
842 2617 886 2660 τα
915 2592 973 2660 διὰ
1000 2598 1062 2660 τοῦ
1091 2621 1159 2675 ωος

58 2721 85 2761 κι
87 2699 170 2784 ηιικιὶ
198 2702 435 2788 περισπῶνται
458 2696 569 2783 Epim
596 2695 625 2760 1.
647 2694 722 2760 304.
752 2694 813 2760 sed
839 2693 893 2760 hic
914 2706 1069 2762 occentus
1090 2719 1158 2763 non

56 2801 231 2868 certissimus
255 2812 309 2868 eet
328 2801 406 2887 quie
429 2799 496 2864 duo
518 2807 645 2864 tontum
672 2817 770 2863 cocus
792 2796 963 2883 leguntur,
993 2800 1157 2864 secundus

57 2905 216 2984 ettertius,
239 2927 282 2972 ac
302 2927 345 2970 ne
368 2904 410 2969 de
432 2913 541 2988 etymo
565 2898 698 2986 quidem
720 2899 873 2965 convenit
896 2923 926 2966 v.
949 2900 1042 2966 Dies.
1062 2899 1108 2966 Π.
1129 2923 1157 2966 ο.

54 3001 101 3069 ΠΙ.
120 3009 144 3090 i.
164 3007 195 3072 3.
241 3006 431 3071 Allatorum
451 3003 601 3069 ultimum
624 2996 779 3087 άπερῶον
804 3023 846 3066 ex
866 2996 1028 3088 ὕπεροῖος
1043 3012 1157 3067 netum

56 3125 109 3170 csse
132 3108 213 3174 inim
247 3107 431 3174 ostendam.
483 3103 539 3170 Ab
567 3103 619 3168 his
645 3103 746 3189 igitur
768 3101 919 3168 omnibus
946 3102 1070 3169 distent
1090 3097 1159 3171 ‹io'o

53 3219 76 3269 et
94 3211 184 3290 ζῶον,
218 3233 363 3297 quorum
390 3207 472 3273 illud
491 3227 627 3294 prorsus
650 3205 701 3269 sui
717 3206 803 3290 juris
823 3229 886 3272 nec
910 3205 1062 3272 alicunde
1084 3227 1159 3271 cue·

53 3331 169 3394 pensum
191 3325 254 3391 eet,
281 3311 417 3377 alterum
437 3309 562 3375 nullum
585 3307 747 3393 ejusmodi
769 3307 868 3372 habet
889 3318 1039 3392 etymon,
1068 3308 1158 3373 unde

51 3409 103 3476 icto
121 3417 315 3482 transfluere
338 3411 497 3502 potuerit,
526 3431 564 3476 oe
591 3410 784 3496 plerumque
811 3410 882 3474 cine
907 3409 977 3475 iota
1005 3409 1158 3475 scribitur

53 3512 104 3580 cive
133 3519 278 3607 simplex
307 3524 358 3582 eet
386 3515 454 3580 sive
489 3510 663 3599 compositi
698 3522 826 3597 portem
861 3510 988 3576 obtinet
1015 3511 1158 3598 priorem

53 3613 214 3702 ζωογόνος,
255 3615 425 3708 ζώφυτον,
461 3613 653 3701 ζωγράφος,
688 3613 741 3678 cui
773 3634 906 3678 causam
934 3611 1024 3677 houd
1051 3634 1159 3678 veram

51 3763 375 3780 Q—--a--u—-h

106 3842 146 3908 to)
162 3846 321 3910 Περίσιοος
336 3831 484 3907 οἰκοδομή,
504 3835 583 3904 quod
601 3833 629 3886 in
640 3831 726 3888 Thes.
743 3850 779 3887 ex
792 3832 934 3903 Hesychio
953 3833 1078 3896 offertur,
1095 3831 1159 3884 Mu·

50 3924 95 3978 suri
113 3926 253 3982 com-ectio
275 3931 332 3991 est3
357 3925 434 3994 apud
451 3919 582 3976 Photium
602 3925 755 3992 περίσιοιος
777 3918 883 3989 legitur
904 3925 936 3972 ut
960 3917 989 3971 in
1008 3916 1103 3971 Schol.
1123 3916 1158 3970 ΙΙ.

47 4007 285 4168 ΧΧΙ76)2131ῗιοστά
267 4115 314 4163 ας,
340 4095 418 4164 quod
436 4091 595 4163 Hesychius
617 4087 761 4161 πρόσιωον
780 4089 992 4161 interpretatur,
1010 4083 1161 4156 perepicuo

48 4197 99 4236 cnm
115 4188 272 4257 προστῆναι
292 4183 433 4236 cohaeret.

106 4272 147 4337 1⁴)
157 4273 224 4328 Hoc
237 4271 380 4324 incertum
392 4272 534 4320 vestemne
546 4263 633 4319 Coum
646 4261 787 4333 significet
798 4277 833 4312 on
846 4257 961 4330 pellium
978 4255 1165 4328 ὑποκείμενον

46 4353 94 4410 sive
109 4356 223 4429 pignori
244 4363 369 4426 captum.
