2825 4809
97 353 183 436 'nn
204 351 476 419 PARATHESI
497 344 559 416 nr
577 335 861 420 'susurnam
883 347 923 416 c.
935 350 996 418 1v.
1012 352 1039 434 §-
1052 350 1082 416 1.
1109 339 1186 426 sos
1225 416 1233 431 .

67 537 175 616 adero,
204 531 343 616 duodic,
371 531 530 624 ἆπϋτρῖς,
561 531 764 621 transeat
788 519 1096 621 adaequatione,
1126 533 1186 600 sed

69 638 234 704 desiderat
252 639 312 727 adv
332 633 465 726 ἀκριβῆ·
478 633 655 718 ἀπόδειξιν
675 625 787 726 ‹td-⁷²29
806 635 847 701 τὸ
869 633 1105 715 δισταζόμενον
1124 641 1187 725 τῆς

66 737 251 820 συντάξεως
269 734 533 826 rteqrhyqoicpeto·
554 738 589 804 τί
606 736 668 824 γὰρ
685 733 815 822 μᾶλλόν
835 735 907 802 ἐστι
925 734 965 800 rb
983 731 1052 801 ἀπὸ
1069 730 1189 823 ὅψὲὒ

65 837 109 904 roi
128 863 167 904 τε
182 835 286 922 ὅμοια
306 836 365 905 dio
382 840 464 926 μέρη
483 836 584 926 λόγου
603 831 689 926 ἤπερ
710 837 763 916 iv,-
785 859 865 923 ergo
881 837 1070 905 addendum
1083 838 1187 904 fnisse

67 940 330 1028 praepositiones
367 961 440 1006 eum
475 938 658 1005 carentibus
694 961 772 1004 easu
802 939 838 1003 i‘n
870 961 972 1002 unum
1003 939 1187 1006 ooalesoere

66 1041 137 1106 sive
165 1052 202 1106 ut
233 1040 322 1107 brevi
351 1051 429 1130 post
458 1041 538 1108 dieit
566 1041 639 1106 337.
671 1038 707 1106 oi
737 1037 926 1126 προθέσεις
953 1037 988 1106 ἐν
1015 1033 1189 1119 danninum
1308 1126 1311 1136 Ι

64 1137 153 1210 καθ’
183 1143 241 1210 ἕνα
268 1143 501 1231 σχηματισμὸν
521 1139 843 1226 ’μεταλαμβάνονται
870 1138 934 1205 boa
960 1149 1010 1204 est
1036 1136 1187 1207 {amnas

64 1254 102 1308 ut
120 1245 197 1310 alibi
214 1245 360 1330 loquitur
372 1245 462 1310 hdr.
473 1244 548 1309 509.
593 1243 634 1308 In
654 1263 720 1327 quo
737 1242 819 1306 mihi
836 1242 1017 1307 sententiae
1035 1251 1189 1308 auctores

65 1345 311 1438 quodammodo
347 1344 488 1411 oaviilari
521 1343 659 1410 videtur.
713 1345 763 1408 Hi
795 1345 882 1409 enim
912 1343 1001 1409 idem
1034 1344 1186 1410 ffixerunt

63 1445 174 1512 verbis
199 1447 280 1513 aliis.
312 1449 360 1512 'A
383 1456 560 1534 praesepto
587 1447 663 1532 ipso
686 1445 834 1532 plurimis
860 1447 895 1510 in
920 1445 1002 1511 loeis
1026 1443 1101 1511 libri
1123 1469 1188 1512 no·

64 1548 126 1613 stri
149 1549 418 1636 editi-manuque
442 1547 555 1635 scripti
582 1547 744 1612 dissident
764 1547 1027 1634 praepositiones
1050 1548 1185 1614 seorsim

65 1648 207 1736 scriptas
226 1648 428 1727 exhibentes,
445 1651 537 1734 eujus
555 1650 735 1738 scripturae
747 1651 905 1737 ,exempla
922 1649 1092 1716 contrariis
1107 1658 1186 1736 per·
1273 1718 1277 1728 ,

64 1751 167 1815 mixta
197 1773 217 1814 a
245 1751 403 1817 Fischero
432 1751 575 1816 Animm.
608 1751 650 1815 ad
674 1751 760 1818 Vell.
790 1751 831 1816 Τ.
856 1752 917 1818 IV.
943 1751 1018 1816 229.
1054 1744 1186 1818 Sturzio

64 1853 166 1918 Dial.
180 1853 313 1921 Maced.
342 1850 416 1919 299.
455 1853 594 1920 Winero
627 1853 772 1921 Gramm.
801 1854 844 1918 N.
875 1853 920 1917 T.
946 1851 1020 1918 356.
1051 1861 1085 1917 et
1110 1852 1186 1918 486.

64 1954 109 2020 G.
132 1956 308 2042 Kruegero
331 1955 475 2022 Gramm.
499 1956 557 2022 Gr.
580 1957 620 2021 P.
641 1957 669 2021 I.
691 1956 788 2020 Faso.
811 1955 857 2019 Π.
880 1953 954 2019 295.
976 1953 1072 2045 plura
1093 1976 1114 2019 a
1134 1976 1188 2019 me

61 2056 109 2120 ad
129 2055 212 2122 Phr.
231 2058 274 2122 46
297 2081 345 2143 sq.
370 2067 528 2143 congesta
551 2067 626 2122 sunt
646 2056 798 2144 neglecto
820 2065 929 2120 tamen
949 2055 1130 2141 Apollonio
1153 2067 1186 2120 et

60 2157 197 2222 omissis
220 2157 309 2223 haud
331 2159 455 2246 paneis.
500 2159 567 2224 Hio
587 2169 695 2225 autem
713 2157 863 2243 quaestio
884 2157 1058 2222 habebitur
1076 2167 1186 2222 utrum

56 2257 188 2324 librarii
225 2261 432 2348 peccaverint
468 2261 651 2347 composita
688 2261 875 2326 dirimentes
911 2282 953 2323 an
985 2260 1187 2347 Apollonius

57 2371 155 2426 certa
178 2363 341 2448 quaedam
362 2360 589 2428 adverbiorum
609 2385 730 2450 genera
748 2363 794 2427 'de
810 2362 885 2446 lege
907 2361 1071 2426 exemerit.
1115 2362 1185 2426 Ita·

56 2485 129 2548 que
148 2483 273 2554 genera
290 2463 363 2550 ipsa
381 2463 554 2529 eontraotis
573 2464 719 2550 undique
739 2463 962 2550 exemplorum
983 2463 1092 2549 eopiis‘
1107 2484 1187 2550 pro-

57 2565 156 2629 duci*
175 2575 209 2629 et
237 2565 272 2630 in
299 2585 398 2650 quarn
426 2567 582 2650 quodque
611 2566 803 2650 scripturam
832 2564 1039 2650 propendeat
1066 2563 1188 2649 inquiri

54 2665 252 2753 oportebit,
281 2667 487 2732 considerata
513 2669 673 2751 cujusque
694 2664 947 2750 significatione,
974 2664 1187 2744 derivatione,

53 2769 311 2836 construetione
335 2779 368 2833 et
389 2769 416 2832 si
439 2789 504 2852 qua
526 2768 590 2832 alia
616 2766 811 2832 diversitatis
835 2766 956 2831 indicia
982 2766 1186 2853 deprehendi

52 2869 208 2957 possint.
252 2871 328 2935 Hae
349 2870 402 2934 via
422 2890 491 2935 rem
514 2869 699 2934 absolutum
724 2869 764 2932 iri
789 2891 858 2934 non
879 2869 1097 2956 spondemus,
1127 2869 1187 2933 sed

52 2971 265 3048 tentabitur3
291 2983 328 3038 at
350 2977 490 3058 quimus,
514 2973 622 3056 ajunt,
648 2973 775 3054 quondo
796 2982 832 3036 at
853 2972 1088 3036 volamus'aoa
1109 2971 1187 3037 dcet.

50 3074 224 3141 Ceterum
246 3096 315 3140 non
337 3074 442 3139 solum
465 3072 643 3158 scripturae
672 3070 776 3157 gratia
797 3069 852 3134 hio
879 3069 1075 3158 suscipietur
1095 3070 1189 3156 labor

52 3176 128 3242 sed
154 3175 252 3240 simul
277 3185 315 3239 ut
339 3174 496 3241 sermonis
526 3173 650 3258 antiqui
675 3182 708 3238 et
732 3172 846 3237 novitii
870 3172 1038 3237 diversitas
1063 3173 1103 3237 in‘
1123 3173 1188 3238 hoe
1272 3244 1279 3249 ,

49 3299 202 3364 quoque
219 3297 340 3362 genere
356 3273 577 3361 usurpationis
595 3275 877 3340 animadvertatur.
901 3273 1188 3356 Quemadmodum

49 3379 155 3446 enim
176 3377 277 3442 latina
299 3377 503 3442 consuetudo
527 3376 669 3443 ext-insto
691 3376 773 3440 flore
796 3374 1002 3460 eloquentiae
1023 3375 1105 3440 fines
1127 3397 1187 3440 an-

47 3481 206 3566 tiquitus
230 3477 427 3544 constitutos
448 3477 654 3542 multifariam
678 3476 855 3563 transiluit,
879 3476 926 3540 ita
948 3474 1046 3540 etiam
1067 3477 1188 3544 Graeci

47 3605 132 3669 quo
165 3581 297 3668 longius
327 3579 368 3645 ab
397 3579 453 3644 illo
482 3580 613 3666 fastigio
644 3571 863 3656 defluxerunt,
897 3599 937 3644 eo
965 3577 1099 3644 effusius
1127 3578 1191 3645 hao

45 3683 292 3771 componendi
316 3682 464 3748 libertate
486 3680 542 3746 usi
562 3691 647 3746 sunt.
690 3710 694 3716 ·

238 3854 407 3870 ..ua—unq

133 3955 246 4022 2)1100
264 3971 351 4026 qaum
362 3949 603 4012 antecedentibus
621 3967 781 4022 repugnare
800 3948 930 4003 videatur
947 3949 982 4002 ab
996 3948 1057 4006 ott.
1072 3945 1190 4002 Schnei-

40 4047 134 4098 dero
156 4039 186 4094 in
199 4039 355 4094 Commeat.
370 4039 406 4091 do
419 4035 515 4106 Apoll.
527 4036 627 4106 Synth.
646 4043 675 4088 et
692 4034 836 4088 Parathesi
856 4036 989 4106 (Ephem.
1002 4031 1109 4088 Seient.
1121 4033 1189 4087 Ant.

41 4147 131 4184 ann.
147 4127 224 4180 1843.
240 4127 276 4180 N.
289 4127 330 4180 81.
343 4142 370 4195 p.
385 4115 460 4189 su.)
480 4127 509 4174 et
528 4120 689 4175 Skrzeczka
705 4126 802 4174 nostro
821 4119 851 4172 in
870 4121 1031 4174 Observatt.
1050 4117 1080 4172 in
1092 4118 1188 4190 Apoll.

42 4218 100 4269 de
121 4211 214 4277 Pron:
229 4227 257 4282 p.
277 4212 317 4265 16.
339 4208 368 4264 in
389 4205 560 4262 eostmrium
581 4204 699 4261 vertitur
721 4204 889 4277 interposita
911 4202 1064 4275 negatione
1088 4204 1192 4281 1(de

40 4299 97 4358 οὔ
117 4300 230 4368 μᾶλλον
249 4293 278 4350 τὸ
297 4293 353 4350 dud
369 4293 480 4366 ὂψέ-.
505 4293 541 4348 Id
559 4289 681 4348 animodi
699 4289 736 4344 sit
752 4297 855 4362 postea
872 4289 1041 4351 videbimus.

116 4401 253 4448 hohsek,
268 4399 359 4439 Pathol.
940 4394 983 4460 39
