2825 4809
247 339 326 438 urs
599 333 920 403 o1ssunruu10
946 338 1010 404 ιιι.

245 518 487 586 materiantium
517 527 692 606 putescunt
720 519 761 584 ef.
790 521 916 586 Techn
943 523 1018 588 294.
1048 525 1120 590 adn
1147 527 1194 591 10.
1229 529 1321 615 Neque

251 633 360 686 tamen
380 620 653 708 praetereundum
675 631 727 685 est
752 623 893 688 eundem
918 634 1053 710 poetam
1079 627 1165 711 ligna
1180 639 1240 692 nou
1257 634 1321 718 κῆλα

249 724 361 794 dicere
390 724 451 789 sed
479 725 577 788 κᾶλα.
622 724 664 788 ln
699 723 836 788 transitu
864 745 931 788 non
957 725 1140 792 omittemus
1165 729 1322 812 adectivun

248 825 340 910 quod
363 825 443 890 EM.
461 824 534 900 510,
549 822 601 891 26.
626 822 667 888 ab
691 823 807 889 eadem
830 825 957 912 origine
978 829 1113 893 arcessit
1131 828 1322 919 κῆλατὰβέλη

247 925 344 1014 παρὰ
365 925 404 994 τὸ
429 923 526 1002 unito,
553 919 634 990 ὅθεν
656 924 739 1009 πιρὶ
761 927 869 1012 κηλέῳ
894 926 1046 994 τουτέστι
1070 935 1227 1016 καυστικῷ
1245 933 1321 996 oleo·
1380 926 1381 977 ἶ

244 1053 304 1094 να
291 1029 363 1154 prepi
385 1031 493 1104 ταῦε,
516 1024 573 1090 ubi
595 1023 721 1110 aliquid
742 1028 905 1094 excidisse
925 1029 1055 1094 videtur
1070 1029 1272 1112 hujusmodi?
1270 1029 1324 1096 tue

247 1127 305 1204 καὶ
325 1127 364 1195 τὸ
393 1126 590 1194 inlustrate
619 1128 721 1214 καλός
744 1123 763 1194 ὁ
785 1125 962 1207 καυστικός
988 1131 1045 1198 καὶ
1073 1133 1308 1217 πλεονασμῷ
1280 1156 1322 1194 κα-

245 1224 332 1308 λιαῖς.
385 1227 604 1314 Bisyllabum‚
643 1228 735 1312 quod
764 1229 1012 1314 Hesychius
991 1228 1091 1320 ,ηρόν
1124 1233 1323 1318 interpretetur,

247 1331 456 1418 Chrysippus
480 1328 617 1394 inseruit
643 1329 767 1414 Odyss.
785 1331 828 1396 V.
847 1331 922 1396 240.
945 1355 1008 1418 pro
1027 1331 1190 1418 περίκηλα
1212 1331 1324 1397 scribens

245 1433 327 1520 περὶ
357 1434 443 1522 κῆλα
473 1425 573 1519 ἤγουν
602 1434 770 1515 περισσῶς
798 1428 903 1517 ξηρά,
936 1431 1096 1498 incertum
1128 1456 1192 1519 quo
1211 1444 1324 1498 accentu

244 1535 334 1609 Nam
357 1535 397 1600 ll.
420 1531 518 1599 VIII.
543 1530 617 1595 217.
641 1529 697 1594 alii
719 1533 826 1618 κηλέῳ
848 1533 1011 1617 jubebant
1037 1546 1193 1620 tanquam
1211 1534 1246 1598 ab
1263 1533 1323 1598 inte

244 1629 477 1724 grossitates,
510 1632 566 1698 alii
591 1633 700 1718 κηλεῴ
718 1642 875 1718 tanquam
894 1635 1058 1722 integrum
1081 1661 1102 1701 a
1120 1649 1207 1702 recto
1229 1630 1323 1722 καλιάς,

245 1738 338 1825 quod
363 1731 495 1825 κηλειός
524 1733 589 1800 dici
615 1733 725 1820 potuit
749 1743 786 1799 ut
812 1731 962 1817 ἔρινειός.
1012 1734 1174 1822 Οἰνάρεον
1195 1736 1320 1820 quomodo
1380 1792 1381 1795 ,

244 1863 320 1906 oum
353 1835 485 1924 οἷ’ναραν
519 1834 711 1902 commutari
742 1835 850 1921 poscit
881 1837 1056 1924 explanavi
1095 1839 1130 1902 in
1160 1838 1252 1904 Proll.
1269 1837 1325 1900 200.

244 1940 424 2010 Nominum
453 1936 679 2002 tritoolitorum
715 1957 816 2000 unum
845 1959 950 2022 genus
978 1939 1045 2004 huc
1074 1940 1262 2026 applicatur:
1286 1959 1326 2000 κε-

241 2038 325 2110 vectu
346 2033 555 2124 περιεκτικόν
578 2036 666 2115 ἐστι,
696 2036 908 2119 πλεονασμὸν
935 2039 974 2104 δὲ
997 2037 1065 2120 ἐξίει
1088 2045 1146 2104 τοῦ
1171 2025 1329 2120 δευτέραν-ι
1380 2068 1381 2103 3

244 2139 332 2210 κατὰ
356 2165 394 2203 τα
422 2132 608 2221 ἆνθαρεών,
645 2131 838 2215 ἆκανθεών,
867 2136 1011 2217 nolens,
1031 2136 1224 2225 χαράδρεών
1242 2135 1328 2204 schot
1380 2168 1381 2205 ι

123 2293 132 2310 .
239 2239 404 2327 nepueu
432 2237 633 2305 ιικααι.
664 2236 991 2316 euenturum
1020 2241 1081 2304 seu
1109 2238 1330 2314 suenrus
1308 2208 1382 2303 ul

239 2335 362 2406 urseris
356 2338 424 2402 ab
447 2337 606 2422 adjectivo
631 2332 742 2414 κενιός
762 2337 898 2426 repetit3
929 2362 1038 2425 neque
1060 2340 1171 2404 obstat
1190 2339 1271 2425 quod
1288 2359 1331 2453 pe·

239 2439 375 2506 ricctica
402 2436 444 2504 ab
472 2437 640 2522 adjectivis
670 2460 738 2502 non
767 2438 968 2517 derivantur3
999 2464 1075 2506 nam
1106 2441 1233 2506 illude
1218 2439 1333 2527 speeiem

241 2541 343 2606 modo
380 2538 548 2627 periectiei
580 2538 690 2604 habet
742 2538 839 2622 Quae
868 2564 945 2606 vere
980 2543 1250 2630 comprehensiva
1278 2548 1334 2604 suut

242 2645 328 2711 duas
351 2641 594 2708 terminationes
616 2639 753 2718 habent,
782 2664 882 2706 unam
910 2642 1090 2708 solemnem
1117 2654 1153 2710 ct
1178 2640 1333 2708 atticamin
1378 2702 1380 2707 ⁴

241 2733 306 2822 ι’ὖιῗ,
336 2744 470 2808 alteram
497 2742 605 2808 minus
626 2752 792 2828 receptam
816 2742 853 2808 in
867 2729 942 2810 ἧκα-κ’
956 2765 987 2808 v.
1012 2745 1055 2808 ad
1083 2746 1209 2810 Buttm.
1230 2744 1296 2809 422.
1312 2750 1336 2804 et

240 2845 308 2918 hoe
332 2843 461 2930 epsilon
493 2852 531 2908 ut
557 2843 591 2908 in
621 2843 809 2908 nominibus
836 2844 872 2910 in
892 2830 957 2924 {0}
974 2844 1172 2911 exeuntibus
1210 2865 1266 2932 pro
1292 2864 1334 2906 eu·
1379 2908 1380 2911 ,

232 2947 360 3031 jusque
382 2965 535 3010 mensura
563 2942 663 3008 modo
691 2953 818 3010 mutum
844 2956 893 3011 est
930 2948 1030 3012 modo
1058 2946 1220 3031 syllabam
1249 2942 1336 3018 elficit,
1379 2980 1380 3005 2

240 3048 289 3112 sic
314 3046 412 3112 etiam
431 3047 466 3111 in
486 3043 550 3111 hoo
570 3051 706 3130 genere3
727 3068 804 3110 nam
824 3044 971 3128 χαλκεών
994 3049 1085 3133 apud
1105 3059 1225 3134 poetas
1245 3046 1336 3132 epicos
1379 3080 1380 3111 ;

236 3145 437 3232 bisyllabum
468 3155 518 3212 est
550 3144 610 3210 scd
642 3142 855 3230 παρθενεών,
894 3144 1076 3232 ε’σχαραών,
1100 3143 1276 3233 ἀμπελεών
1303 3143 1337 3209 sic
1365 3164 1380 3226 ᾗ

238 3248 497 3336 pronunciantur
525 3255 562 3310 ut
587 3255 726 3310 metrum
756 3247 875 3332 poscit.
927 3249 1051 3314 Verum
1075 3259 1207 3335 tempus
1233 3248 1337 3312 videtur

240 3369 425 3416 sermonem
449 3347 494 3411 ad
515 3347 595 3412 aflas
621 3356 731 3432 partes
757 3347 913 3416 orationis
935 3349 1118 3416 transferre.
1163 3344 1338 3442 Βλεμιαλνω

241 3447 339 3533 παρὰ
357 3445 396 3513 τὸ
413 3445 529 3534 βρὲμω
547 3443 718 3531 βρεμαινω
735 3452 845 3535 τροπῇ
860 3452 923 3516 τοῦ
939 3473 959 3535 ρ
977 3474 1036 3514 και
1027 3448 1256 3535 πλεονασμῷ
1268 3451 1339 3512 uois
1378 3498 1379 3517 p

238 3550 321 3622 EM.
344 3547 417 3626 199,
438 3547 491 3613 45.
535 3547 589 3612 Illi
612 3547 810 3613 simillimum
833 3558 884 3614 est
909 3546 1149 3636 Bpspteoe'vm’
1129 3553 1200 3638 ηχῶ
1222 3551 1297 3614 Hes.
1315 3557 1339 3610 et

238 3649 337 3732 hujus
367 3658 481 3736 aperta
508 3669 582 3712 cum
611 3647 723 3732 βρέμω
751 3645 916 3735 βριμαίνω
942 3654 1155 3735 βριμαῦσθαι
1188 3646 1337 3735 cognatim
1378 3708 1379 3735 p

238 3751 282 3817 de
318 3751 374 3818 illo
405 3749 554 3816 nonnulli
586 3746 737 3812 dubitant
765 3771 795 3814 v.
826 3747 952 3816 Teeluu.
983 3751 1057 3816 237.
1093 3751 1226 3838 epsilon
1251 3760 1340 3814 autem
1378 3768 1379 3799 ι

237 3853 369 3938 utrique
396 3863 464 3918 tam
491 3852 592 3914 fixum
622 3857 672 3912 est
697 3871 794 3933 quam
822 3849 922 3917 verbo
951 3849 1123 3928 μενεαίνω.
1179 3849 1339 3934 Quomodo

236 3974 260 4018 a
280 3959 388 4036 τεῖχος
408 3949 539 4033 τειχίζια
565 3949 702 4027 ducitur,
728 3943 813 4014 ab''
790 3958 896 4029 ακθας
920 3946 1059 4034 ἆνθίζω,
1083 3951 1130 4016 sie
1146 3951 1192 4017 ab
1210 3952 1340 4017 obsoleto

238 4051 358 4142 κτέρας
379 4048 516 4138 κτερίζω
546 4062 578 4114 ct
598 4050 674 4114 hinc
703 4050 857 4137 κτερειζω
879 4075 940 4138 per
960 4053 1144 4140 pareetasin
1174 4063 1213 4117 ut
1233 4050 1340 4136 preleio

238 4146 435 4235 Θλμελεΐζω
457 4172 530 4216 cum
552 4148 705 4214 adverbio
727 4149 876 4232 μελελστί
898 4152 988 4237 quod
1010 4177 1109 4242 saepe
1130 4154 1304 4238 legitur,p
1305 4175 1342 4216 ιε·

234 4249 330 4316 iuuat
362 4251 472 4316 semel.
536 4251 758 4315 Numeralium
789 4253 987 4317 mentionem
1019 4255 1154 4318 iacimus
1188 4277 1258 4318 non
1287 4263 1341 4314 tan
