2825 4809
239 325 315 451 ssa
503 437 508 446 ,
599 362 920 435 nrssnnrsmo
946 365 989 434 υ.

237 544 401 636 prorupti,
431 542 575 633 διαπρό,
606 547 695 628 dria,
726 548 855 631 παρὲκ,
885 544 991 628 ἀπὲκ,
1021 547 1160 614 editores
1178 550 1317 618 novissumi

236 657 431 736 seneperunt
459 671 520 736 pro
550 648 743 734 disjunetis3
776 671 841 733 qua
870 649 911 716 de
936 672 973 716 rs
999 650 1187 736 Spitznerua
1211 651 1242 716 in
1263 654 1318 718 llx-

238 774 335 820 cursu
353 751 496 826 ‚XVlIL
524 762 591 816 tum
617 749 823 818 abundanter
850 760 883 815 et
911 750 1074 837 explicate
1100 751 1178 816 dixit
1203 762 1235 816 ut
1256 754 1319 818 nili

238 853 427 920 addendum
458 863 573 940 putem
603 862 734 941 praeter
764 851 912 938 Longini
943 853 1162 923 testimonium
1189 851 1231 918 X.
1255 851 1319 920 dl

236 955 382 1044 ποιητὴς
396 955 458 1034 τὰς
472 954 657 1040 προθέσεις
672 949 878 1032 ἀσυνθέτους
896 945 1000 1032 odone
1016 951 1231 1041 συνηνάγκασε
1245 955 1319 1038 παρὰ

236 1052 339 1144 φύσιν
361 1052 469 1134 „iudx
489 1052 679 1136 θαυάτοιο“
701 1054 877 1142 (φέρονται
897 1054 937 1118 Il.
950 1054 1032 1123 XV.
1052 1054 1141 1138 628.)
1163 1054 1245 1138 quod
1262 1055 1321 1120 alibi

238 1155 318 1224 dicit
348 1153 560 1244 insapiens.
609 1155 792 1242 ,Longinus
827 1155 928 1242 igitur
959 1179 1061 1242 quum
1092 1156 1320 1244 praepositiones

236 1252 442 1334 ἀσυνθέτους
463 1266 574 1334 vocat,
597 1279 674 1326 cum
693 1257 867 1324 latinarum
891 1257 1008 1323 artium
1030 1256 1237 1342 scriptoribus
1254 1257 1321 1322 haud

237 1356 376 1424 obseura
404 1357 573 1431 consentit.
619 1359 675 1426 De
702 1358 931 1446 epanadiploei
959 1359 1236 1446 praepositionum
1255 1352 1321 1445 ἀμφὶ

236 1457 316 1544 περὶ
329 1458 363 1524 in
373 1457 467 1528 Dies
475 1458 519 1534 ¹de
530 1459 768 1528 Prostnvln.
780 1463 806 1546 d.
813 1460 845 1526 9.
857 1459 986 1526 not44.
998 1460 1157 1546 loquutus
1169 1483 1242 1526 sum.
1260 1459 1319 1526 Vol·

236 1559 324 1648 garis
348 1557 477 1625 dialecti
499 1571 575 1626 sunt
595 1558 706 1628 ε”υαυιι
728 1561 972 1648 Geopp.1.l4,
990 1563 1019 1626 1.
1042 1557 1204 1632 ἀπέναντι
1220 1560 1318 1645 spon

236 1683 266 1726 v.
288 1661 363 1726 587.
385 1660 490 1729 Diod.
516 1669 577 1728 ete.
604 1661 748 1742 ἐξέυαυυι
773 1663 810 1728 in
834 1664 876 1730 V.
899 1663 941 1728 Τ.
968 1662 1148 1730 κατέναντι
1165 1654 1317 1742 Ὀλυμπίου

235 1763 375 1842 Initium
394 1763 506 1848 Fugit.
529 1767 554 1848 ξ.
573 1765 603 1830 1.
626 1777 659 1832 et
679 1764 796 1850 steph.
816 1787 843 1830 s.
865 1759 1018 1851 Κατάνῃ,
1041 1762 1137 1848 quod
1155 1760 1263 1826 librarii
1275 1759 1317 1822 di.

237 1865 366 1950 quoties
394 1885 455 1951 pro
485 1864 604 1930 usitato
633 1866 815 1932 καοὲυαυτα
844 1865 1035 1930 invexerunt
1065 1887 1094 1929 v.
1122 1861 1273 1948 Spitzner.
1292 1860 1323 1924 nd

238 1966 353 2052 Quint.
377 1966 428 2040 84.

320 2068 385 2134 His
407 2079 444 2136 ut
463 2066 599 2132 facultas
622 2063 694 2132 tulit
714 2065 895 2151 explanatis
915 2065 959 2130 ad
981 2063 1220 2149 disputandum
1239 2082 1326 2146 super·

237 2179 313 2237 sunt
332 2168 577 2256 conjunctiones
599 2177 631 2233 et
650 2166 902 2250 interjectiones.
943 2166 1011 2232 Sed
1026 2167 1096 2250 jam
1116 2163 1330 2253 propemodum

237 2293 352 2338 vereor
376 2293 420 2336 ne
445 2269 593 2356 plerique
619 2268 800 2354 legentium
827 2268 911 2333 haee
939 2266 1191 2352 grammatioae,
1220 2275 1255 2330 ut
1277 2286 1332 2328 eum

237 2371 381 2440 Alouino
405 2371 534 2455 loquar,
565 2369 734 2436 densitatis
757 2369 887 2456 spineta
909 2369 1067 2434 excedere
1090 2363 1243 2453 gestiant.
1279 2365 1333 2430 lle·

238 2495 303 2560 que
331 2484 440 2552 tamen
466 2472 536 2538 fore
563 2481 644 2558 puto
671 2471 728 2555 qui
755 2492 889 2557 operam
918 2469 952 2537 in
980 2467 1033 2536 his
1050 2469 1158 2535 rebus
1184 2470 1335 2534 insumus
1388 2496 1389 2531 t

237 2574 407 2642 fastidiose
444 2583 654 2660 aspernetur,
694 2582 863 2657 totamque
897 2571 1126 2656 quaestionem
1160 2569 1278 2636 nullius
1305 2565 1337 2628 ml

237 2677 349 2763 gruem
370 2675 528 2744 sermonis
551 2674 772 2761 cognitionem
792 2673 950 2739 momenti
969 2695 1043 2738 esse
1060 2682 1166 2760 putet.
1210 2671 1251 2734 Id
1269 2678 1338 2734 certe

234 2777 502 2866 *deprecabuntur
520 2787 646 2844 veteres
670 2775 776 2854 docti,
805 2795 944 2859 quorum
963 2775 1101 2842 subtiles
1129 2775 1175 2840 de
1195 2769 1339 2859 parathesi

239 2891 273 2946 et
294 2877 440 2964 synthesi
463 2877 701 2964 disputationes
724 2878 930 2944 manifestum
954 2876 1079 2944 faciunt
1098 2885 1225 2960 quanto
1248 2872 1338 2938 studio

238 2979 342 3048 varias
371 2981 442 3048 illae
474 2979 708 3047 vocabulorum
736 2979 823 3044 inter
848 3001 886 3048 se
915 2979 1166 3063 conjunctiones,
1199 2986 1233 3042 et
1260 2972 1340 3038 unius

239 3085 282 3148 ad
303 3083 437 3148 alterans
457 3081 630 3148 relationes
660 3080 794 3146 scrutati
821 3081 895 3146 sint.
939 3083 1071 3148 Horum
1094 3075 1340 3165 praeceptalem

239 3183 357 3251 diffuso
379 3183 422 3246 ad
444 3183 590 3248 ordinem
613 3181 776 3267 quendam
801 3181 953 3266 redigere
982 3192 1016 3246 et
1036 3180 1147 3266 quoad
1172 3199 1248 3243 oum
1267 3171 1340 3238 libris

238 3285 358 3352 nostris
381 3283 577 3349 conveniant
597 3283 767 3367 exquirere
784 3305 852 3348 non
867 3282 1134 3368 intempestivum
1153 3278 1236 3347 duxi
1251 3293 1340 3357 neque

238 3387 362 3452 minore
385 3407 461 3452 eura
483 3385 651 3469 dignanda
673 3407 772 3469 quam
793 3384 858 3448 alia
883 3381 1139 3468 orthographiae
1161 3389 1202 3450 ,et
1226 3377 1341 3463 palaeo·

238 3487 395 3572 graphiae
419 3485 537 3572 eapite.
