2825 4809
226 361 300 433 122
591 355 912 424 DISSERTATIO
941 356 970 420 1.

221 540 323 615 σέλας
334 537 390 622 ⁴²)
412 559 454 602 ex
470 537 660 610 Ruhnkenii
679 517 843 604 sententio:
860 539 904 603 ad
922 538 1008 604 Tim.
1022 536 1073 602 96.
1091 531 1216 612 σαυκιῖς
1238 531 1341 619 ξηρός
1388 611 1389 628 ¹

220 639 305 704 Hes.
336 636 378 702 ab
411 631 508 718 αὖος,
540 651 579 704 ut
611 640 744 726 opinor;
777 649 834 705 aut
862 640 1047 706 merismum
1073 645 1110 702 nl
1136 631 1215 719 ε’ίρω
1238 631 1339 718 σειρά

224 738 339 822 (seria)
363 738 397 804 ἕν
422 739 625 828 πλεονασμῷ
646 744 706 806 τοῦ
729 727 936 808 σὈὴοειοΙ).
961 739 1059 806 Orth.
1079 736 1158 813 260,
1180 735 1235 800 29.
1258 730 1339 800 εἴλω

223 835 344 904 iel-loom
378 836 484 918 ἕλινσς
501 839 559 924 ⁴⁸)
595 841 790 927 pampinus,
830 841 971 919 σέλινον,
1008 839 1073 905 nisi
1110 847 1237 904 veteres
1275 832 1340 898 hoo

221 936 342 1002 reolius
364 936 407 1001 ab
428 935 503 1016 ἕλυς
523 952 677 1028 repetunt
697 965 727 1006 v.
746 939 848 1006 Proll.
865 941 939 1008 313.
957 977 999 990 -
1024 940 1150 1006 Eodem
1170 935 1340 1002 distinctio

221 1049 274 1104 est
298 1037 533 1104 vocabulorum
565 1064 651 1126 quae
677 1065 840 1108 consonas
869 1042 904 1107 in
926 1042 1088 1128 principio
1110 1039 1240 1104 habent.
1285 1038 1341 1102 Ex

220 1139 394 1205 labialibus
420 1140 484 1206 huo
518 1144 682 1228 pertinent
710 1145 795 1210 duae
820 1143 988 1212 nominum
1015 1142 1171 1217 familias,
1200 1161 1340 1226 quarum

221 1250 359 1326 utraque
390 1263 484 1306 suam
514 1253 548 1308 et
577 1244 746 1332 propriam
778 1244 1048 1332 significationem
1076 1242 1176 1308 habet
1208 1241 1269 1306 sed
1305 1240 1340 1303 in

221 1364 348 1406 summa
374 1344 586 1422 conveniunt3
615 1347 764 1424 πέλεθσς
785 1342 940 1424 dorsariis,
966 1345 1136 1422 σπέλεθυς
1158 1339 1339 1426 ἑλληνικῶς
1389 1377 1390 1408 ι

219 1443 329 1507 Moer.
360 1443 484 1510 πελλία
515 1446 680 1514 σπέλεθσι
708 1448 790 1512 Hes.
818 1470 848 1512 v.
877 1445 997 1511 Parall.
1020 1444 1093 1508 364.
1124 1443 1244 1529 quibus
1267 1442 1341 1526 jam
1389 1469 1390 1482 ι

221 1542 277 1606 alii
303 1542 503 1608 eruditorum
533 1558 790 1632 composuerunt
814 1544 969 1632 πύραθοι
994 1545 1067 1610 Nio.
1098 1542 1274 1628 antipodas
1308 1551 1341 1606 et

219 1643 396 1732 Σφυράόες
423 1644 465 1713 τὰ
491 1643 731 1732 διαχωρήματα
759 1653 825 1714 τῶν
848 1646 950 1731 αἰγῶν
971 1646 1027 1711 καὶ
1049 1641 1229 1729 προβάτων
1253 1644 1339 1706 Hes.

220 1765 243 1811 o
261 1748 369 1830 formo
387 1748 534 1828 oloboso,
566 1750 650 1812 unde
671 1751 781 1814 baccae
802 1757 958 1814 vocantur
988 1746 1189 1818 oPollodio,
1219 1745 1340 1826 pilulae

219 1867 242 1912 o
261 1848 368 1916 Plinio
395 1848 572 1925 Valeriano,
593 1846 699 1930 inquit
719 1848 893 1914 Reinesius
915 1849 1009 1913 Varr.
1031 1846 1120 1910 Lett.
1141 1845 1188 1908 11.
1211 1843 1337 1921 9,199.

218 1948 254 2014 A
277 1946 483 2033 conglobatis
503 1958 613 2012 autem
636 1969 705 2012 non
725 1947 825 2033 longe
846 1948 968 2012 distant
989 1945 1177 2023 convoluta,
1197 1967 1340 2029 quorum

219 2047 354 2113 nomina
378 2048 502 2113 familia
529 2049 630 2113 altera
658 2049 865 2114 eontinentur
897 2053 1022 2130 σπεῖρα
1055 2057 1087 2112 et
1107 2052 1256 2134 σφαῖρα,
1286 2045 1339 2110 cui

218 2149 372 2214 Lacones
395 2149 500 2234 sigma
521 2149 730 2216 detraxerunt
756 2150 946 2236 φαιρίὸδειν
974 2150 1118 2216 dieentes
1138 2148 1237 2212 Proll.
1259 2146 1339 2212 362.

220 2247 305 2314 Cum
326 2255 452 2334 σπεῖρα
471 2260 579 2314 autem
602 2262 743 2337 cognata
764 2262 840 2316 sunt
855 2250 977 2338 σπυρίς
1000 2261 1113 2338 sporta
1134 2260 1168 2314 et
1184 2244 1275 2337 πήρα
1296 2259 1339 2312 ut

219 2348 261 2414 ab
283 2348 348 2414 alio
364 2348 515 2414 volvendi
530 2353 630 2418 verbo
654 2349 733 2420 silei
755 2347 856 2429 οὐλάς
878 2349 897 2440 ἡ
915 2349 1009 2444 πήρα
1024 2351 1126 2416 Proll.
1139 2351 1213 2414 440.
1245 2349 1340 2413 Num

218 2471 297 2514 vero
325 2450 430 2535 sigma
455 2451 490 2515 in
516 2451 591 2538 ipsa
617 2453 719 2540 stirpe
750 2451 863 2517 horum
886 2453 1120 2519 vocabulorum
1141 2450 1276 2514 insitum
1295 2473 1341 2514 an
1390 2503 1391 2510 ,

218 2550 416 2637 aspirandae
438 2553 529 2617 tenui
548 2554 696 2618 additum
722 2553 772 2630 sit,
795 2564 931 2640 propter
952 2553 1214 2620 obliterationem
1238 2555 1343 2639 etymi
1390 2609 1391 2612 ,

219 2652 398 2738 dijudicare
415 2654 553 2718 arduum
571 2665 630 2719 est.
672 2655 802 2719 Eodem
823 2655 899 2740 loeo
915 2673 1086 2720 censemus
1104 2657 1237 2741 Πέργυς
1255 2658 1343 2740 πρέ-

218 2758 300 2834 σβυς
328 2754 411 2817 Hes.
442 2776 502 2839 pro
538 2756 684 2840 σπέργυς
717 2755 784 2818 sive
816 2741 954 2839 πρεῖγυς
982 2767 1015 2820 et
1043 2757 1189 2822 aviculae
1216 2778 1344 2822 nomen

218 2851 404 2944 πέργσυλσς
433 2863 465 2917 et
493 2855 715 2938 σπέργσυλσς,
736 2857 827 2939 eujus
851 2855 943 2942 origo
966 2857 1107 2922 maxime
1129 2857 1344 2942 disputabilis

217 2974 248 3015 v.
270 2953 372 3019 Proll.
403 2954 474 3019 132.
506 2963 539 3018 et
564 2952 708 3018 Abrens.
739 2957 822 3021 Dor.
842 2955 916 3021 558.
959 2958 1116 3042 Denique
1137 2959 1265 3022 nullum
1287 2958 1343 3021 in-

217 3053 397 3120 dubitabile
425 3064 458 3120 et
481 3054 636 3118 invictum
656 3056 710 3119 vel
732 3054 920 3141 aphaeresis
942 3058 994 3123 vel
1017 3060 1202 3145 pleonasmi
1225 3081 1344 3124 exem-

216 3154 308 3237 plum
336 3155 372 3218 in
400 3156 554 3242 expedito
583 3165 632 3220 est
658 3167 788 3242 praeter
817 3160 907 3242 quod
932 3160 1146 3228 Herodianus
1178 3161 1278 3226 offert
1308 3162 1346 3224 in

215 3253 295 3317 EM.
321 3255 398 3331 724,
422 3258 474 3320 32.
504 3255 613 3323 Crem.
634 3259 663 3322 Ι.
686 3258 760 3322 362.
791 3259 868 3336 τοὺς
898 3261 1028 3344 πυρσὸς
1054 3258 1087 3328 oi
1107 3259 1344 3348 Συρακούσιοι

216 3353 367 3437 σπυρσύς
387 3355 531 3437 λέγουσι,
548 3379 623 3420 nam
642 3356 783 3422 triticum
800 3383 819 3422 a
835 3359 943 3424 oolore
959 3360 1081 3428 burrho
1098 3385 1221 3428 nomen
1237 3363 1346 3427 habet

214 3472 282 3514 non
303 3474 322 3516 a
345 3453 472 3533 σπείρω
493 3464 529 3517 ut
541 3456 651 3522 Sohol.
663 3459 776 3543 Apoll.
788 3460 853 3524 Ill.
865 3462 938 3526 413.
957 3461 1087 3548 σπυρός
1108 3462 1228 3549 πυρός,
1246 3465 1346 3548 quod

215 3551 373 3634 PPOSOdia
399 3552 531 3629 ΐθῘθΠὶῐῐ
564 3554 679 3635 nlla}
709 3581 769 3642 pro
802 3560 939 3641 σπάλαξ
966 3563 1099 3628 oodioes
1126 3564 1263 3628 Aelian.
1294 3567 1344 3628 Η.

284 3766 330 3833 42)
344 3765 424 3836 Ἓλη,
444 3773 501 3839 εἴλη
519 3772 638 3827 fortasse
656 3791 714 3827 non
730 3776 851 3830 calorem
871 3775 1013 3847 significat
1032 3783 1084 3834 sed
1102 3782 1244 3837 clarorem
1266 3783 1344 3839 ooeli

213 3849 322 3916 sereni,
341 3851 388 3922 qui
405 3859 531 3925 tempore
549 3857 654 3912 aestivo
670 3858 810 3916 fervorem
824 3863 920 3928 affert,
941 3865 1062 3921 hiberno
1076 3867 1177 3938 frigus,
1193 3873 1277 3940 quod
1289 3889 1345 3924 nos

214 3934 332 3990 dicimus
347 3936 517 4001 Froslbelle
535 3941 623 3996 Siculi
642 3951 670 3996 et
685 3943 752 3998 Osci
772 3949 865 4015 γέιαν,
883 3949 959 4018 ρεΙα.

282 4024 327 4088 43)
346 4023 437 4093 Hujus
458 4028 562 4081 vocalis
581 4028 673 4083 modia
689 4029 782 4084 brevis
803 4039 846 4085 est
865 4034 918 4087 sed
936 4039 1096 4094 necessario
1116 4039 1292 4108 producitur
1312 4041 1344 4092 in

214 4106 367 4176 composito
380 4109 473 4163 Noun.
483 4111 561 4165 XVI.
570 4116 629 4166 278.
645 4112 798 4185 ἑλινοφὸρῳ
812 4118 843 4171 δὲ
855 4118 987 4190 κορύμβαι
1001 4131 1029 4176 el
1042 4123 1137 4178 XVII.
1146 4126 1208 4179 333.
1228 4124 1344 4196 Βάκχαι

103 4217 107 4224 -
212 4189 267 4256 μὲν
283 4189 453 4261 θεράποντες
470 4192 634 4266 ἑλινοφὸρου
650 4195 798 4255 Διονύσου.
835 4201 921 4265 Quod
939 4205 1024 4263 The.
1040 4227 1062 4263 s.
1077 4211 1105 4263 h.
1119 4229 1146 4264 v.
1163 4212 1361 4284 proponitur'

213 4272 395 4348 σελινοαόρσυ
415 4297 508 4351 nequo
525 4281 618 4336 versui
637 4281 768 4338 convenit
787 4303 880 4357 neque
900 4290 964 4344 deo.
