2825 4809
141 358 194 424 m
212 336 421 423 srncorn
442 349 588 421 nurus
608 350 834 421 vocius.
864 353 903 420 0.
914 353 962 421 11.
979 358 1006 450 s.
1017 355 1048 421 e.
1079 362 1156 435 seo

83 543 160 609 auctis
178 554 339 628 personam
365 540 537 627 singularis
559 540 685 607 numeri
710 540 838 607 tertiam
857 538 1060 607 fundamenti
1079 543 1154 623 loeo

82 645 277 741 substernuntr
295 638 328 707 σί
347 632 458 717 'leores
485 641 543 709 ἐπί
572 646 631 710 τοῦ
659 640 775 731 τρίτου
800 638 987 727 ατραςαίτααυ
1013 636 1154 728 recorre-

80 745 211 813 atarseo
234 766 273 808 σκ
298 734 415 829 diacono
438 743 506 808 κτλ.
530 740 562 809 σί
585 743 623 811 δὲ
646 742 786 831 ποιηταί
811 741 900 809 κατὰ
927 740 1069 831 μίμησιν
1087 747 1155 809 ταῖν

75 841 231 912 Ἰώκανκαί
255 842 291 909 τὸ
316 846 450 929 πρῶτον
472 841 592 917 καὶτὸ
617 840 772 929 δεύτερον
792 844 930 910 nosaico
951 839 1010 909 deci
1031 847 1092 911 τοῦ
1112 831 1154 912 ἦ

76 943 270 1030 χαίρεσκον
302 941 378 1029 γὰρ
412 939 545 1031 ἔγωγε
577 943 635 1011 καί
666 941 839 1029 patorem
869 941 1035 1009 Choerob.
1070 944 1153 1013 Cam

75 1045 131 1121 633,
149 1044 193 1109 23.
208 1043 266 1127 41)·
281 1044 391 1131 Epim.
414 1045 443 1108 I.
465 1044 539 1111 376.
571 1044 651 1112 ΕΜ.
676 1044 756 1124 624,
780 1045 833 1111 54.
861 1046 1062 1132 eosdemque
1090 1069 1153 1135 pro

74 1146 153 1233 epsilo
171 1168 399 1233 nonnunquam
420 1145 519 1234 alpha
540 1144 795 1212 substituerent
816 1143 980 1234 ῥίπτασκε
999 1147 1058 1214 καί
1080 1147 1153 1229 ἕχε-

72 1271 128 1325 σκες
145 1242 197 1314 oto
215 1244 335 1315 ίωνακσί
354 1247 445 1315 ἐστιν
466 1242 552 1313 ἀλλὰ
573 1244 734 1333 ποιητικά
751 1248 862 1334 Epim.
877 1247 905 1312 Ι.
918 1248 993 1313 385.
1036 1249 1080 1314 Id
1097 1249 1154 1314 alii

73 1348 248 1434 apraeaenti
280 1342 453 1435 ῥαπτάσκω
486 1346 699 1425 declinatum,
734 1348 790 1413 alii
820 1370 968 1435 syncope
1001 1350 1154 1415 effectum

72 1450 156 1514 dieunt
174 1472 202 1515 v.
223 1450 264 1515 P.
283 1448 329 1515 ΙΙ.
352 1454 377 1534 ξ.
401 1450 430 1515 7.
455 1450 489 1515 in
513 1450 618 1535 primo
641 1459 750 1515 autem
776 1450 897 1517 aoristo
911 1449 1006 1515 hanc
1026 1450 1153 1516 literam

71 1552 179 1637 eprima
199 1561 231 1616 et
251 1552 398 1617 secunda
418 1574 563 1639 persona
581 1550 747 1617 transferri
768 1551 811 1615 ad
828 1551 1027 1617 ultimam-
1045 1573 1152 1637 προς-

70 1656 130 1737 p'lte
147 1650 183 1719 τὸ
202 1641 534 1739 κεχρεωστημίνανα
551 1649 702 1743 τίψασκε
725 1650 847 1718 Choer.
866 1653 887 1718 1.
902 1674 931 1717 0.
975 1652 1033 1719 Sic
1055 1653 1153 1718 etiem
1198 1736 1204 1747 ι
1244 1719 1250 1747 ⁸

68 1753 149 1819 Selol.
169 1754 251 1821 Vict.
278 1753 318 1818 Il.
340 1752 405 1817 111.
430 1754 502 1819 103.
531 1750 666 1822 εἴπεσκε
691 1751 870 1838 (elisaeus)
892 1747 962 1819 ἀπὸ
987 1757 1049 1822 τοῦ
1069 1746 1151 1821 elau

68 1850 98 1931 ὡς
112 1854 306 1941 στρέψασκε,
338 1854 398 1919 scd
423 1854 650 1921 Aristarchum
676 1846 778 1930 εἶπας
807 1851 1002 1918 scribentem
1022 1854 1051 1917 I.
1078 1853 1150 1919 106.

67 1955 238 2040 reprehendit
261 1954 375 2023 Schol.
394 1957 434 2020 B.
462 1952 567 2022 εἶπαίν
589 1954 652 2043 γὰρ
676 1950 730 2021 ἀεὶ
755 1953 815 2019 καί
840 1950 975 2038 εἴποιμι
1001 1952 1150 2041 λέγομεν,

68 2080 113 2139 quo
130 2058 248 2123 decreto
275 2056 501 2143 imperativum
521 2052 640 2124 εἴπατε
659 2056 700 2121 ab
716 2056 864 2121 Homero
885 2076 953 2121 non
975 2054 1150 2140 abjudicat.

68 2158 109 2222 De
122 2159 231 2237 aoristo,
256 2161 353 2245 cujus
369 2158 505 2246 proprio
525 2166 575 2223 est
596 2167 629 2221 et
650 2156 824 2243 peculiaris
841 2156 1026 2223 terminatio
1041 2156 1170 2243 ulpho,-

70 2262 192 2327 erousotio
224 2260 287 2325 illa
319 2259 562 2347 anticipationis
596 2260 674 2324 sutis
704 2259 798 2336 facit,
831 2259 892 2323 sed
923 2257 1087 2346 ῥίπτασκε
1118 2269 1152 2325 et

65 2357 217 2443 κρύπτασκε
236 2371 328 2427 certe
346 2360 544 2427 irrationalia
561 2370 646 2427 sunt.
666 2412 668 2415 .
690 2362 732 2427 In
747 2360 855 2427 verbis
869 2359 1050 2447 berytonia
1065 2382 1150 2445 quaa

62 2484 118 2545 pure
136 2463 362 2543 terminantur,
392 2464 521 2551 epsilon
544 2472 732 2529 constanter
755 2474 914 2540 servatur,
941 2462 1096 2530 κλαίεσκε
1117 2473 1150 2528 et

61 2560 162 2631 δεύεσκε
174 2566 280 2630 Hom.
302 2562 453 2651 ψαύεσκε
469 2566 579 2632 Nonis.
600 2576 730 2653 praeter
748 2563 886 2633 σείασκε
905 2566 941 2628 in
960 2564 1035 2629 loco
1056 2564 1148 2629 lecu·
1208 2634 1211 2641 ,

59 2685 117 2729 noso
139 2667 181 2731 H.
202 2668 249 2731 H.
281 2666 315 2729 in
331 2667 407 2752 ·Ap.
431 2666 506 2733 403.
536 2667 627 2753 quod
660 2690 677 2732 0
709 2667 784 2733 cod.
814 2686 876 2753 pro
906 2663 1065 2733 catenosi
1095 2686 1149 2731 re·

57 2766 170 2848 positum
190 2777 250 2834 est.
297 2769 496 2833 Buttmanno
518 2779 625 2834 autem
647 2769 792 2835 Gremm.
814 2772 840 2853 ξ.
862 2764 915 2833 94.
938 2767 1013 2832 adn.
1034 2766 1068 2831 4.
1090 2788 1150 2832 ao·

56 2867 127 2933 rietus
143 2892 211 2937 esse
228 2869 364 2935 videtur
384 2870 531 2935 exaeresi
546 2870 643 2935 unius
661 2870 759 2937 trium
776 2869 950 2955 sigrnetum
964 2868 1149 2953 mitigatum

57 2979 103 3034 tun
121 2974 205 3057 quod
226 2970 343 3039 Schol.
365 2970 405 3035 Il.
421 2970 519 3053 XIV.
536 2972 586 3036 77.
608 2971 783 3037 memoriae
803 2970 951 3057 prodidit
971 2990 1033 3055 pro
1052 2965 1151 3035 τόνδε

31 3156 32 3163 ¹
55 3066 75 3132 l'
97 3069 202 3139 ἔασκεν
224 3070 341 3138 nescio
365 3092 463 3157 quem
486 3073 628 3164 suasisse
652 3072 710 3138 τὸν
732 3074 770 3141 δὲ
792 3073 931 3140 δίασκεν
951 3062 1053 3157 ἤγουν
1067 3067 1149 3135 ἐδέ-

54 3193 159 3252 σμευεν·
185 3174 248 3239 sed
276 3174 401 3259 ligandi
426 3172 561 3239 verbum
587 3173 627 3239 ab
655 3172 687 3237 h.
713 3174 734 3238 1.
762 3172 846 3237 odeo
869 3172 1010 3236 alienum
1035 3179 1090 3235 est·
1111 3180 1150 3234 ut

53 3274 172 3358 suspicer
186 3286 407 3344 correctorem
422 3276 513 3339 illum
527 3272 621 3341 τόνδε
639 3270 672 3340 d'
691 3270 824 3342 εἴασκεν
838 3273 1009 3360 scripsisse
1023 3281 1150 3337 retenta

53 3372 235 3464 diphthongo
255 3398 341 3463 quae
362 3377 397 3441 in
413 3377 543 3442 duobus
563 3376 635 3440 aliis
653 3385 773 3462 poetae
791 3374 939 3439 versibus
959 3382 1064 3437 metro
1088 3372 1148 3437 de·

51 3474 166 3543 fenditur
196 3480 270 3545 iota
299 3478 505 3566 pleonastico
532 3488 570 3543 ut
595 3477 705 3563 Epim.
728 3477 757 3542 Ι.
783 3477 862 3553 377,
893 3476 923 3540 8.
951 3474 997 3538 ait
1036 3483 1147 3549 aucta3

51 3576 162 3646 sedhic
184 3581 244 3667 qui
269 3580 317 3646 sic
340 3580 471 3667 scripsit
497 3580 627 3645 brevem
649 3600 723 3643 esse
744 3577 857 3641 voluit.
900 3577 935 3640 A
957 3574 1057 3640 verbo
1080 3572 1148 3640 δέκα

51 3678 204 3747 derivatum
225 3682 256 3747 si
280 3693 366 3748 esset
386 3680 621 3769 imperfectum,
642 3680 677 3743 in
696 3678 842 3766 paralexi
863 3674 999 3741 haberet
1018 3675 1148 3761 epsilon

49 3790 73 3843 ut
89 3794 187 3849 cetera
207 3784 308 3869 hujus
331 3783 455 3849 ordinis
476 3784 667 3868 ταρα3ἑεσκε
681 3782 781 3847 Hom.
803 3774 1015 3868 ἂμφιθέεσκε
1031 3775 1146 3858 Quint.

48 3880 77 3945 V.
95 3886 161 3949 371.
182 3884 369 3972 προρέεσκε
391 3884 549 3970 Apollon.
567 3882 631 3947 Ill.
648 3880 723 3947 225.
743 3887 878 3962 χίεσκαν
898 3879 1015 3963 Sibyll.
1027 3879 1055 3943 Ι.
1074 3879 1146 3945 111.

48 3980 246 4069 δακρυχέεσκε
275 3986 385 4050 Noun.
414 3986 490 4051 Par.
517 3984 601 4050 XX.
630 3984 682 4048 57.
714 3994 747 4047 et
779 3982 884 4047 vocali
916 3988 1047 4044 auctum
1080 3974 1147 4059 cipe*

97 4222 140 4290 47)
159 4222 219 4279 Pro
240 4227 353 4278 roera
370 4240 394 4277 r.
409 4223 433 4277 l'.
445 4216 571 4291 perora,
590 4236 641 4291 pro
659 4214 807 4295 βρίσασκε,
826 4212 965 4284 uriacens
976 4229 1003 4265 v.
1020 4211 1060 4265 17.
1075 4204 1147 4285 χρή·
1230 4265 1233 4269 .

47 4315 128 4377 eacus,
147 4307 291 4379 πλήσασκε
309 4307 429 4381 supponi
447 4313 576 4379 possunt.
