2825 4809
181 306 247 380 Ds
263 309 534 384 PARATHESI
551 310 614 378 ΕΤ
635 310 912 382 SCRIPTURA.
936 307 974 379 O.
986 307 1033 380 11.
1051 306 1114 399 §.2
1145 312 1220 394 so?

102 498 444 588 Epim.1.338‚17.
471 498 531 564 sed
560 497 623 565 hoc
652 501 716 566 arsi
745 499 941 587 productum
965 509 1024 564 est.
1074 501 1120 566 Et
1147 521 1221 568 oum

105 601 324 679 substantivis,
346 601 530 685 cujusmodi
551 611 627 666 sunt
647 600 846 689 πανήγυρις,
870 597 1068 686 πανηγτμιέν
1089 611 1122 668 ct
1143 625 1220 688 pro·

103 704 186 790 priis
207 703 403 784 Παναχαιοί
409 753 420 792 2
449 688 668 792 Πανέλληνες.
714 693 783 770 Sed
812 702 893 768 hoec
924 723 998 768 cum
1026 723 1105 768 cusu
1130 715 1219 770 recto

104 807 277 890 conjuncta
298 815 374 870 sunt
395 801 518 882 πάντες
532 798 665 884 Ἀχαιοί
688 815 749 870 eto.
765 805 795 889 ⁸)
822 803 984 892 prioribus
1005 826 1082 872 vero
1109 805 1222 874 subest

101 907 194 973 notio
213 905 359 971 adverbii
377 904 511 984 πάντως
526 905 578 971 vel
593 927 687 972 ossus
706 906 831 994 obliqui
849 904 935 972 κατὰ
952 901 1218 997 revertetur,

91 1004 237 1076 ,πάντων
257 1002 396 1096 ἡγεμών,
419 1007 563 1073 omnium
582 1017 691 1077 autem
711 1009 835 1076 nullum
860 1017 909 1074 est
932 1009 1022 1092 quod
1044 1007 1219 1094 syntheton

103 1131 177 1174 esse
203 1130 273 1174 non
302 1108 483 1176 conveniet.
533 1110 620 1175 Nam
652 1132 726 1176 curn
758 1109 925 1195 adjectivis
956 1109 1089 1194 quidem
1122 1133 1219 1178 eccu-

102 1211 226 1302 sativus
247 1214 315 1279 πᾶν
332 1222 370 1276 ⁴et
390 1210 500 1277 πάντα
517 1211 770 1297 nnncsynthesi
789 1211 991 1302 connectitur
1008 1207 1218 1296 πανάγαθος,

101 1313 316 1389 πανιίκιλας,
332 1307 563 1393 sandycem,
578 1312 816 1403 παντάρισισς,
831 1333 917 1378 nuuc
932 1310 1096 1398 porothesi
1109 1309 1220 1380 πάντα

100 1406 251 1496 ἀγαθός,
278 1408 378 1478 πάντ’
408 1408 536 1491 εἴκελος
562 1423 598 1478 ut
626 1410 726 1479 πάντ’
756 1410 867 1484 εἰκυῖα
897 1407 1011 1496 Quint.
1033 1413 1117 1480 XII.
1145 1415 1217 1481 107.

98 1537 130 1580 v.
149 1515 194 1581 ad
206 1515 263 1599 Aj.
285 1537 315 1579 v.
327 1515 419 1581 1415.
464 1515 533 1583 Sed
555 1537 630 1580 cum
647 1514 858 1608 substantivis
879 1539 946 1582 uno
966 1515 1091 1584 ratione
1113 1539 1218 1581 παντ-

100 1611 201 1695 άναξ,
234 1614 464 1702 παντεμγάτης
493 1628 525 1682 et
556 1617 620 1684 alis
653 1617 867 1704 scriptoribus
897 1617 1011 1705 probis
1042 1617 1220 1702 aequaliter
1322 1678 1326 1693 ,

98 1719 226 1804 ignoto.
273 1718 506 1804 Appositionis
535 1719 721 1805 exemplum
748 1719 875 1788 nullum¹
900 1719 1009 1786 inveni
1036 1719 1099 1787 nisi
1127 1719 1246 1804 quod'

98 1821 309 1896 Hermannus
342 1821 378 1886 in
408 1820 513 1908 Soph.
538 1823 618 1888 Ant
648 1821 719 1886 717.
754 1813 859 1907 ἄνδρα
891 1815 995 1888 πάντ’
1032 1815 1220 1908 ἐπιστήμης

98 1922 214 1988 πλέων
241 1921 370 1988 duobus
396 1921 564 1993 vocabulis
591 1916 692 2006 πάντ’
721 1918 891 2009 ἐπιστήμη
916 1940 1018 1989 unum
1042 1919 1218 2006 significari

98 2022 273 2089 arbitratur
293 2027 431 2108 perlecto
449 2036 725 2108 consummatoque
746 2027 886 2099 ιαιίιιιὶα,
909 2020 979 2108 'quo'
997 2022 1096 2090 modo
1119 2022 1217 2088 etiarn

99 2123 307 2190 bratheas.
324 2120 451 2191 τούτων
472 2119 572 2192 πάντ’
597 2121 785 2214 ἐπιστήμην
808 2121 870 2205 έχω
893 2123 1060 2212 occepisse
1077 2124 1217 2193 videtur.

99 2226 173 2292 Sed
204 2236 238 2290 et
266 2225 331 2292 hoo
363 2226 457 2290 aliter
487 2225 718 2312 interpretatur
750 2223 943 2296 Schueferus
976 2223 1062 2294 κατὰ
1096 2220 1218 2304 πάντα,

97 2327 274 2412 idemque«
284 2328 421 2412 quadrat
448 2327 491 2392 ed
519 2328 611 2394 illum
638 2327 747 2394 locum
774 2323 855 2417 ἀνὴρ
889 2326 975 2395 κατὰ
1002 2322 1113 2397 πάντα
1140 2324 1217 2392 έπι-
1297 2335 1299 2338 ’

99 2426 230 2518 στήμης
244 2494 247 2500 ,
261 2431 375 2508 πλέως
404 2452 471 2496 uno
502 2429 601 2496 verbo
632 2426 894 2515 πανεπιστήμων
926 2429 993 2494 sive
1026 2423 1218 2512 πάνσοφος,

97 2553 210 2616 neque
240 2554 309 2602 non
339 2531 417 2599 licet
447 2526 556 2600 πάντα
588 2553 649 2616 pro
678 2529 858 2594 masculino
872 2529 1016 2597 *numeri
1046 2527 1219 2614 singularis

21 2704 22 2707 ,
98 2633 256 2719 accipere
273 2637 342 2710 πᾶς
362 2629 475 2710 πλέως
496 2627 682 2720 ἐπιστήμης
710 2643 792 2701 totns
816 2634 950 2716 refertos
975 2633 1106 2696 scientio
1134 2629 1219 2694 sicut

97 2734 191 2800 idem
211 2744 312 2822 poete
333 2732 416 2798 dixit
435 2736 504 2810 πᾶς
526 2726 663 2818 έναγνος
681 2743 765 2798 totus
787 2735 964 2800 sceleratos
1006 2730 1104 2797 Adeo
1126 2752 1220 2798 cereo

99 2846 154 2900 est
174 2846 346 2922 poetarum
365 2834 588 2922 interpretatio
611 2844 644 2898 et
664 2832 817 2898 flexibilis
838 2835 873 2898 in
892 2854 1119 2918 quamcunque
1140 2855 1218 2918 por·-

98 2949 168 3004 tem
190 2938 390 3004 ducetur.-
414 2936 499 3003 Cum
521 2940 588 3002 πᾶν
610 2935 809 3002 conveniunt
828 2933 915 3020 μέγα
937 2944 970 2998 et
990 2932 1088 3000 πολύ.
1126 2932 1220 3000 <litut

96 3050 222 3126 poetae
249 3039 435 3124 frequenter
464 3037 675 3125 praemittunt
703 3036 871 3122 adjectivis
902 3035 949 3102 sic
977 3043 1014 3100 nt
1041 3033 1219 3120 particulae

96 3141 364 3232 epitoticoevim
385 3139 531 3206 obtinent
550 3141 636 3228 μέγα
658 3139 791 3226 κνδήεις
815 3137 962 3224 Oppicn.
986 3135 1070 3221 Cyn.
1091 3136 1120 3201 1.
1144 3135 1219 3212 158,

95 3245 186 3330 μέγα
201 3238 467 3332 νήπιοςλ),.μέγ’
488 3234 623 3327 ἄριστος
643 3249 676 3304 et
695 3239 859 3306 interdum
877 3241 1053 3337 scriptores
1070 3239 1219 3327 poetices

170 3490 201 3557 8)
218 3487 461 3560 Appellativorum
479 3485 592 3540 unicum
610 3491 653 3539 est
672 3483 745 3540 illud
762 3484 791 3539 in
806 3483 927 3556 Oppien.
941 3485 1011 3556 Cyn.
1025 3484 1048 3542 1.
1062 3486 1120 3539 453.
1139 3479 1220 3546 κύνες

97 3577 131 3632 δὲ
150 3581 286 3645 πανίχνια
304 3571 470 3644 σημήναντα,
491 3574 568 3644 qnod
586 3589 639 3643 pro
657 3567 747 3631 πάντα
762 3575 836 3641 ἴχνια
854 3570 990 3644 accipi-tur
1004 3575 1055 3626 sed
1070 3571 1169 3627 dubito
1182 3589 1219 3626 sn

99 3660 303 3731 corrigendum
315 3659 352 3714 sit
363 3657 431 3728 παρ’
449 3663 525 3730 ἴχνια
539 3655 696 3729 σημήναντα
709 3655 794 3712 idest
808 3654 1048 3731 παρεσημήνανιό.
1073 3659 1128 3712 Pro
1145 3677 1220 3712 παν-

97 3734 306 3820 respuamus.
317 3745 499 3802 vscxcvr.
512 3743 692 3801 eonsensum
707 3752 750 3800 ιιι
764 3745 946 3810 assertam
958 3745 1013 3810 ver,
1026 3750 1057 3798 ut
1068 3744 1218 3814 Bergkius,

98 3836 313 3907 πανέείμανιοι.
338 3833 373 3886 In
386 3831 474 3904 Soph.
488 3830 559 3884 Phil.
572 3833 631 3884 915.
651 3821 748 3904 obuio
766 3827 800 3884 σὺ
820 3834 865 3883 καὶ
883 3835 941 3886 πᾶν
959 3833 1043 3904 δεῖμα
1060 3848 1141 3884 nemo
1157 3837 1218 3883 ten·

98 3919 173 3974 tavit
192 3916 335 3989 πάνιλειμα
350 3935 520 3990 proponere.

142 4070 144 4075 ,
171 4025 201 4092 9)
219 4023 276 4077 Pro
293 4025 519 4092 μεγαλανηιιίους
536 4018 634 4074 Tzetz.
654 4021 692 4073 sd
711 4019 780 4075 Hes.
804 4020 879 4090 Opp.
900 4020 956 4074 129.
971 4019 1058 4094 Nquod
1082 4016 1111 4070 in
1132 4017 1219 4074 Thes.

98 4109 250 4174 omissum,
273 4110 349 4176 Edu.
368 4110 436 4162 vett.
457 4100 734 4177 μεγάλους.νηιιίοσς
757 4108 909 4176 praebent,
934 4122 990 4174 quo
1014 4105 1098 4158 modo
1120 4103 1218 4158 Grum-

95 4197 220 4253 maticos
237 4195 352 4268 quidem
368 4192 556 4249 adulterinam
572 4190 753 4263 scriptionem
766 4192 868 4262 Odyss.
880 4189 989 4246 XXIV.
1002 4190 1062 4246 229.
1081 4192 1170 4258 μέγας
1186 4187 1215 4242 δ’

97 4286 139 4340 ἔτι
157 4280 256 4353 νήπιος
274 4271 310 4351 ipo
328 4279 418 4353 accipi
438 4297 520 4353 posse
540 4276 674 4334 credidit:
700 4274 816 4333 δύναται
835 4280 882 4331 καὶ
901 4271 1049 4338 ἐπιπάστοις
1065 4267 1136 4330 εἶναι
1157 4273 1219 4334 civit
