<?xml version="1.0" encoding="UTF-8"?>
<!DOCTYPE html PUBLIC "-//W3C//DTD XHTML 1.0 Transitional//EN"
    "http://www.w3.org/TR/xhtml1/DTD/xhtml1-transitional.dtd">
<html xmlns="http://www.w3.org/1999/xhtml" xml:lang="en" lang="en">
 <head>
  <title>
</title>
<meta http-equiv="Content-Type" content="text/html;charset=utf-8" />
  <meta name='ocr-system' content='tesseract 3.04.00' />
  <meta name='ocr-capabilities' content='ocr_page ocr_carea ocr_par ocr_line ocrx_word'/>
</head>
<body>
  <div class='ocr_page' id='page_1' title='image "./pathologiaegrae01lobegoog/pathologiaegrae01lobegoog_0378.png"; bbox 0 0 2825 4809; ppageno 0'>
   <div class='ocr_carea' id='block_1_1' title="bbox 251 343 1085 452">
    <p class='ocr_par' dir='ltr' id='par_1_1' title="bbox 251 343 1085 452">
     <span class='ocr_line' id='line_1_1' title="bbox 251 343 1085 452; baseline -0.022 -24"><span class='ocrx_word' id='word_1_1' title='bbox 251 351 325 428; x_wconf 79' lang='lat' dir='ltr'><strong>eoo</strong></span> <span class='ocrx_word' id='word_1_2' title='bbox 403 447 407 452; x_wconf 82' lang='lat'><strong>.</strong></span> <span class='ocrx_word' id='word_1_3' title='bbox 535 343 856 414; x_wconf 80' lang='lat' dir='ltr'><strong>mssnnrauro</strong></span> <span class='ocrx_word' id='word_1_4' title='bbox 883 343 929 411; x_wconf 90' lang='lat'><strong>11.</strong></span> <span class='ocrx_word' id='word_1_5' title='bbox 973 344 1014 410; x_wconf 84' lang='lat' dir='ltr'><strong>r.</strong></span> <span class='ocrx_word' id='word_1_6' title='bbox 1038 343 1085 410; x_wconf 89' lang='lat'><strong>11.</strong></span> 
     </span>
    </p>
   </div>
   <div class='ocr_carea' id='block_1_2' title="bbox 176 527 1386 3348">
    <p class='ocr_par' dir='ltr' id='par_1_2' title="bbox 176 527 1386 3348">
     <span class='ocr_line' id='line_1_2' title="bbox 250 527 1324 619; baseline -0.004 -19"><span class='ocrx_word' id='word_1_7' title='bbox 250 527 481 619; x_wconf 63' lang='lat' dir='ltr'><strong>menophanto</strong></span> <span class='ocrx_word' id='word_1_8' title='bbox 508 528 568 596; x_wconf 82' lang='grc' dir='ltr'><strong>καὶ</strong></span> <span class='ocrx_word' id='word_1_9' title='bbox 595 528 785 619; x_wconf 54' lang='lat' dir='ltr'><strong>argiripam,</strong></span> <span class='ocrx_word' id='word_1_10' title='bbox 816 529 876 596; x_wconf 84' lang='lat' dir='ltr'><strong>sed</strong></span> <span class='ocrx_word' id='word_1_11' title='bbox 903 528 1059 596; x_wconf 80' lang='lat' dir='ltr'>refellitur</span> <span class='ocrx_word' id='word_1_12' title='bbox 1086 527 1126 595; x_wconf 90' lang='lat' dir='ltr'><strong>ab</strong></span> <span class='ocrx_word' id='word_1_13' title='bbox 1152 529 1324 596; x_wconf 77' lang='lat' dir='ltr'>Herodiano:</span> 
     </span>
     <span class='ocr_line' id='line_1_3' title="bbox 250 624 1326 722; baseline -0.005 -22"><span class='ocrx_word' id='word_1_14' title='bbox 250 631 423 722; x_wconf 76' lang='grc' dir='ltr'><strong>παρ’(λρσία</strong></span> <span class='ocrx_word' id='word_1_15' title='bbox 444 628 477 700; x_wconf 81' lang='grc' dir='ltr'><strong>ολ</strong></span> <span class='ocrx_word' id='word_1_16' title='bbox 498 631 560 716; x_wconf 80' lang='grc' dir='ltr'><strong>μὲν</strong></span> <span class='ocrx_word' id='word_1_17' title='bbox 583 624 732 700; x_wconf 70' lang='lat' dir='ltr'><strong>dadraei</strong></span> <span class='ocrx_word' id='word_1_18' title='bbox 751 627 962 718; x_wconf 85' lang='grc' dir='ltr'><strong><em>παντορησία</em></strong></span> <span class='ocrx_word' id='word_1_19' title='bbox 978 628 1065 696; x_wconf 86' lang='grc' dir='ltr'><strong><em>κατὰ</em></strong></span> <span class='ocrx_word' id='word_1_20' title='bbox 1080 629 1250 717; x_wconf 79' lang='grc' dir='ltr'><strong><em>σομιιοιιήν,</em></strong></span> <span class='ocrx_word' id='word_1_21' title='bbox 1263 627 1326 716; x_wconf 70' lang='grc' dir='ltr'><strong>ὅπερ</strong></span> 
     </span>
     <span class='ocr_line' id='line_1_4' title="bbox 251 724 1327 820; baseline -0.006 -18"><span class='ocrx_word' id='word_1_22' title='bbox 251 732 342 803; x_wconf 83' lang='grc' dir='ltr'><strong><em>ιλστὶν</em></strong></span> <span class='ocrx_word' id='word_1_23' title='bbox 371 726 514 800; x_wconf 69' lang='grc' dir='ltr'><strong><em>ἄτοπον·</em></strong></span> <span class='ocrx_word' id='word_1_24' title='bbox 547 727 634 803; x_wconf 73' lang='grc' dir='ltr'><strong>ἀλλὰ</strong></span> <span class='ocrx_word' id='word_1_25' title='bbox 664 730 763 818; x_wconf 79' lang='grc' dir='ltr'><strong><em>παρὰ</em></strong></span> <span class='ocrx_word' id='word_1_26' title='bbox 795 729 833 796; x_wconf 80' lang='grc' dir='ltr'><strong>τὰ</strong></span> <span class='ocrx_word' id='word_1_27' title='bbox 868 733 938 798; x_wconf 81' lang='grc' dir='ltr'><strong>πᾶν</strong></span> <span class='ocrx_word' id='word_1_28' title='bbox 962 735 1092 820; x_wconf 76' lang='grc' dir='ltr'><strong><em>τροπῇ,</em></strong></span> <span class='ocrx_word' id='word_1_29' title='bbox 1126 724 1162 798; x_wconf 79' lang='grc' dir='ltr'><strong>οὗ</strong></span> <span class='ocrx_word' id='word_1_30' title='bbox 1195 735 1327 818; x_wconf 58' lang='lat' dir='ltr'><strong>normani.</strong></span> 
     </span>
     <span class='ocr_line' id='line_1_5' title="bbox 251 831 1328 921; baseline -0.004 -19"><span class='ocrx_word' id='word_1_31' title='bbox 251 834 340 921; x_wconf 80' lang='grc' dir='ltr'><strong><em>Περὶ</em></strong></span> <span class='ocrx_word' id='word_1_32' title='bbox 374 836 497 900; x_wconf 69' lang='grc' dir='ltr'><strong><em>παθῶν</em></strong></span> <span class='ocrx_word' id='word_1_33' title='bbox 528 833 609 900; x_wconf 97' lang='grc' dir='ltr'><strong>ΕΜ.</strong></span> <span class='ocrx_word' id='word_1_34' title='bbox 641 832 719 910; x_wconf 83' lang='lat'><strong>655,</strong></span> <span class='ocrx_word' id='word_1_35' title='bbox 747 831 797 898; x_wconf 91' lang='grc'><strong>10.</strong></span> <span class='ocrx_word' id='word_1_36' title='bbox 833 831 934 918; x_wconf 89' lang='lat' dir='ltr'><strong>idque</strong></span> <span class='ocrx_word' id='word_1_37' title='bbox 964 831 1169 898; x_wconf 82' lang='lat' dir='ltr'><strong>confirmatur</strong></span> <span class='ocrx_word' id='word_1_38' title='bbox 1196 853 1256 898; x_wconf 91' lang='lat' dir='ltr'><strong>non</strong></span> <span class='ocrx_word' id='word_1_39' title='bbox 1280 854 1328 898; x_wconf 86' lang='lat' dir='ltr'><strong>uno</strong></span> 
     </span>
     <span class='ocr_line' id='line_1_6' title="bbox 252 929 1331 1022; baseline -0.005 -20"><span class='ocrx_word' id='word_1_40' title='bbox 252 935 403 1021; x_wconf 85' lang='lat' dir='ltr'><strong>exemplo</strong></span> <span class='ocrx_word' id='word_1_41' title='bbox 434 929 650 1022; x_wconf 64' lang='grc' dir='ltr'><strong><em>παναληθής,</em></strong></span> <span class='ocrx_word' id='word_1_42' title='bbox 678 930 899 1022; x_wconf 72' lang='grc' dir='ltr'><strong><em>παντργέιης,</em></strong></span> <span class='ocrx_word' id='word_1_43' title='bbox 927 931 1139 1015; x_wconf 79' lang='grc' dir='ltr'><strong><em>μελάνιλιτος,</em></strong></span> <span class='ocrx_word' id='word_1_44' title='bbox 1169 929 1331 1016; x_wconf 73' lang='grc' dir='ltr'><strong><em>μεγάθυμος</em></strong></span> 
     </span>
     <span class='ocr_line' id='line_1_7' title="bbox 176 1032 1382 1128; baseline -0.004 -25"><span class='ocrx_word' id='word_1_45' title='bbox 176 1072 180 1078; x_wconf 88' lang='grc'><strong><em>·</em></strong></span> <span class='ocrx_word' id='word_1_46' title='bbox 253 1048 287 1103; x_wconf 91' lang='lat' dir='ltr'><strong>et</strong></span> <span class='ocrx_word' id='word_1_47' title='bbox 319 1038 390 1102; x_wconf 89' lang='lat' dir='ltr'><strong>aliis</strong></span> <span class='ocrx_word' id='word_1_48' title='bbox 420 1035 468 1100; x_wconf 84' lang='lat' dir='ltr'><strong>ita</strong></span> <span class='ocrx_word' id='word_1_49' title='bbox 495 1034 688 1124; x_wconf 78' lang='lat' dir='ltr'><strong>epmpositis</strong></span> <span class='ocrx_word' id='word_1_50' title='bbox 722 1045 759 1099; x_wconf 87' lang='lat' dir='ltr'><strong>ut</strong></span> <span class='ocrx_word' id='word_1_51' title='bbox 787 1056 908 1100; x_wconf 90' lang='lat' dir='ltr'><strong>nomen</strong></span> <span class='ocrx_word' id='word_1_52' title='bbox 936 1032 1175 1119; x_wconf 77' lang='lat' dir='ltr'><strong>incorruptum,</strong></span> <span class='ocrx_word' id='word_1_53' title='bbox 1206 1032 1333 1117; x_wconf 87' lang='lat' dir='ltr'><strong>quodin</strong></span> <span class='ocrx_word' id='word_1_54' title='bbox 1381 1113 1382 1128; x_wconf 11' lang='grc' dir='ltr'>χ</span> 
     </span>
     <span class='ocr_line' id='line_1_8' title="bbox 252 1133 1332 1222; baseline -0.006 -18"><span class='ocrx_word' id='word_1_55' title='bbox 252 1149 369 1204; x_wconf 89' lang='lat' dir='ltr'><strong>neutro</strong></span> <span class='ocrx_word' id='word_1_56' title='bbox 391 1135 546 1214; x_wconf 79' lang='lat' dir='ltr'><strong>cernitur,</strong></span> <span class='ocrx_word' id='word_1_57' title='bbox 569 1136 841 1222; x_wconf 82' lang='lat' dir='ltr'><strong>inconspectum</strong></span> <span class='ocrx_word' id='word_1_58' title='bbox 861 1135 985 1213; x_wconf 87' lang='lat' dir='ltr'><strong>veniat,</strong></span> <span class='ocrx_word' id='word_1_59' title='bbox 1016 1157 1089 1200; x_wconf 87' lang='lat' dir='ltr'><strong>eum</strong></span> <span class='ocrx_word' id='word_1_60' title='bbox 1117 1155 1156 1200; x_wconf 89' lang='lat' dir='ltr'><strong>eo</strong></span> <span class='ocrx_word' id='word_1_61' title='bbox 1179 1133 1259 1218; x_wconf 89' lang='lat' dir='ltr'><strong>quod</strong></span> <span class='ocrx_word' id='word_1_62' title='bbox 1274 1138 1332 1210; x_wconf 79' lang='grc' dir='ltr'><strong><em>πᾶν,</em></strong></span> 
     </span>
     <span class='ocr_line' id='line_1_9' title="bbox 254 1233 1383 1325; baseline -0.005 -21"><span class='ocrx_word' id='word_1_63' title='bbox 254 1261 355 1325; x_wconf 90' lang='lat' dir='ltr'><strong>quum</strong></span> <span class='ocrx_word' id='word_1_64' title='bbox 373 1236 597 1323; x_wconf 84' lang='lat' dir='ltr'>componitur,</span> <span class='ocrx_word' id='word_1_65' title='bbox 620 1237 665 1301; x_wconf 91' lang='lat' dir='ltr'><strong>ad</strong></span> <span class='ocrx_word' id='word_1_66' title='bbox 678 1238 821 1302; x_wconf 81' lang='lat' dir='ltr'><strong>nativam</strong></span> <span class='ocrx_word' id='word_1_67' title='bbox 838 1235 1027 1303; x_wconf 87' lang='lat' dir='ltr'><strong>brevitatem</strong></span> <span class='ocrx_word' id='word_1_68' title='bbox 1043 1235 1209 1321; x_wconf 84' lang='lat' dir='ltr'><strong>redigitur.</strong></span> <span class='ocrx_word' id='word_1_69' title='bbox 1244 1233 1333 1316; x_wconf 87' lang='lat' dir='ltr'><strong>Itaque</strong></span> <span class='ocrx_word' id='word_1_70' title='bbox 1382 1269 1383 1304; x_wconf 62' lang='grc' dir='ltr'><strong>ι</strong></span> 
     </span>
     <span class='ocr_line' id='line_1_10' title="bbox 252 1335 1383 1425; baseline -0.002 -19"><span class='ocrx_word' id='word_1_71' title='bbox 252 1341 289 1406; x_wconf 91' lang='lat' dir='ltr'><strong>in</strong></span> <span class='ocrx_word' id='word_1_72' title='bbox 317 1341 379 1406; x_wconf 89' lang='lat' dir='ltr'><strong>hae</strong></span> <span class='ocrx_word' id='word_1_73' title='bbox 404 1338 636 1425; x_wconf 74' lang='lat' dir='ltr'><strong>disputationis</strong></span> <span class='ocrx_word' id='word_1_74' title='bbox 665 1349 798 1404; x_wconf 87' lang='lat' dir='ltr'><strong>nostrae</strong></span> <span class='ocrx_word' id='word_1_75' title='bbox 825 1339 961 1424; x_wconf 85' lang='lat' dir='ltr'><strong>regione</strong></span> <span class='ocrx_word' id='word_1_76' title='bbox 991 1338 1106 1404; x_wconf 88' lang='lat' dir='ltr'><strong>aevia</strong></span> <span class='ocrx_word' id='word_1_77' title='bbox 1129 1358 1226 1402; x_wconf 90' lang='lat' dir='ltr'><strong>unum</strong></span> <span class='ocrx_word' id='word_1_78' title='bbox 1245 1335 1333 1420; x_wconf 88' lang='lat' dir='ltr'><strong>depre-</strong></span> <span class='ocrx_word' id='word_1_79' title='bbox 1382 1371 1383 1404; x_wconf 83' lang='grc'>;</span> 
     </span>
     <span class='ocr_line' id='line_1_11' title="bbox 253 1435 1337 1527; baseline -0.006 -20"><span class='ocrx_word' id='word_1_80' title='bbox 253 1441 427 1507; x_wconf 92' lang='lat' dir='ltr'><strong>hendimus</strong></span> <span class='ocrx_word' id='word_1_81' title='bbox 451 1439 643 1504; x_wconf 82' lang='lat' dir='ltr'><strong>exemtionis</strong></span> <span class='ocrx_word' id='word_1_82' title='bbox 671 1440 857 1527; x_wconf 86' lang='lat' dir='ltr'><strong>exemplum</strong></span> <span class='ocrx_word' id='word_1_83' title='bbox 887 1440 1103 1507; x_wconf 79' lang='lat' dir='ltr'><strong>indubitabile</strong></span> <span class='ocrx_word' id='word_1_84' title='bbox 1139 1435 1292 1523; x_wconf 75' lang='grc' dir='ltr'><strong><em>μιλανθής</em></strong></span> <span class='ocrx_word' id='word_1_85' title='bbox 1314 1447 1337 1500; x_wconf 86' lang='lat' dir='ltr'><strong>et</strong></span> 
     </span>
     <span class='ocr_line' id='line_1_12' title="bbox 253 1536 1335 1627; baseline -0.009 -17"><span class='ocrx_word' id='word_1_86' title='bbox 253 1542 452 1626; x_wconf 73' lang='grc' dir='ltr'><strong><em>μιλάνθιον,</em></strong></span> <span class='ocrx_word' id='word_1_87' title='bbox 476 1563 541 1624; x_wconf 92' lang='lat' dir='ltr'><strong>quo</strong></span> <span class='ocrx_word' id='word_1_88' title='bbox 562 1541 690 1607; x_wconf 80' lang='lat' dir='ltr'><strong>iteratio</strong></span> <span class='ocrx_word' id='word_1_89' title='bbox 711 1541 858 1625; x_wconf 88' lang='lat' dir='ltr'><strong>ejusdem</strong></span> <span class='ocrx_word' id='word_1_90' title='bbox 873 1541 1018 1627; x_wconf 79' lang='lat' dir='ltr'><strong>syllabae</strong></span> <span class='ocrx_word' id='word_1_91' title='bbox 1034 1540 1198 1626; x_wconf 85' lang='lat' dir='ltr'><strong>effugitur,</strong></span> <span class='ocrx_word' id='word_1_92' title='bbox 1218 1536 1335 1602; x_wconf 86' lang='lat' dir='ltr'><strong>verbnm·</strong></span> 
     </span>
     <span class='ocr_line' id='line_1_13' title="bbox 255 1640 1384 1730; baseline -0.005 -22"><span class='ocrx_word' id='word_1_93' title='bbox 255 1666 320 1730; x_wconf 88' lang='lat' dir='ltr'><strong>que</strong></span> <span class='ocrx_word' id='word_1_94' title='bbox 338 1641 549 1728; x_wconf 83' lang='lat' dir='ltr'><strong>proletarium</strong></span> <span class='ocrx_word' id='word_1_95' title='bbox 563 1644 773 1725; x_wconf 83' lang='grc' dir='ltr'><strong><em>μελινιλυτεῖν</em></strong></span> <span class='ocrx_word' id='word_1_96' title='bbox 788 1642 811 1708; x_wconf 94' lang='lat' dir='ltr'><strong>i.</strong></span> <span class='ocrx_word' id='word_1_97' title='bbox 831 1665 862 1728; x_wconf 94' lang='lat' dir='ltr'><strong>q.</strong></span> <span class='ocrx_word' id='word_1_98' title='bbox 880 1646 1131 1727; x_wconf 79' lang='grc' dir='ltr'><strong><em>μελανειμονιῖν</em></strong></span> <span class='ocrx_word' id='word_1_99' title='bbox 1149 1642 1183 1706; x_wconf 82' lang='grc' dir='ltr'><strong>λιι</strong></span> <span class='ocrx_word' id='word_1_100' title='bbox 1197 1640 1336 1706; x_wconf 82' lang='lat' dir='ltr'><strong>Prodronn</strong></span> <span class='ocrx_word' id='word_1_101' title='bbox 1383 1659 1384 1662; x_wconf 69' lang='grc'>’</span> 
     </span>
     <span class='ocr_line' id='line_1_14' title="bbox 255 1741 1337 1829; baseline -0.009 -15"><span class='ocrx_word' id='word_1_102' title='bbox 255 1744 359 1814; x_wconf 83' lang='lat' dir='ltr'><strong>Stich.</strong></span> <span class='ocrx_word' id='word_1_103' title='bbox 391 1745 532 1811; x_wconf 91' lang='lat' dir='ltr'><strong>Monod.</strong></span> <span class='ocrx_word' id='word_1_104' title='bbox 563 1767 593 1808; x_wconf 89' lang='lat' dir='ltr'><strong>v.</strong></span> <span class='ocrx_word' id='word_1_105' title='bbox 624 1744 699 1810; x_wconf 86' lang='grc'><strong>334.</strong></span> <span class='ocrx_word' id='word_1_106' title='bbox 735 1743 787 1808; x_wconf 94' lang='lat' dir='ltr'><strong>ed.</strong></span> <span class='ocrx_word' id='word_1_107' title='bbox 817 1744 926 1810; x_wconf 82' lang='lat' dir='ltr'><strong>Boias.</strong></span> <span class='ocrx_word' id='word_1_108' title='bbox 956 1743 1075 1811; x_wconf 84' lang='lat' dir='ltr'><strong>Cetera</strong></span> <span class='ocrx_word' id='word_1_109' title='bbox 1103 1766 1189 1829; x_wconf 87' lang='lat' dir='ltr'><strong>quae</strong></span> <span class='ocrx_word' id='word_1_110' title='bbox 1215 1741 1337 1806; x_wconf 87' lang='lat' dir='ltr'><strong>adhunc</strong></span> 
     </span>
     <span class='ocr_line' id='line_1_15' title="bbox 253 1844 1338 1934; baseline -0.004 -22"><span class='ocrx_word' id='word_1_111' title='bbox 253 1848 363 1914; x_wconf 91' lang='lat' dir='ltr'><strong>looum</strong></span> <span class='ocrx_word' id='word_1_112' title='bbox 385 1845 566 1934; x_wconf 84' lang='lat' dir='ltr'><strong>pertinent,</strong></span> <span class='ocrx_word' id='word_1_113' title='bbox 591 1845 676 1910; x_wconf 90' lang='lat' dir='ltr'><strong>sumi</strong></span> <span class='ocrx_word' id='word_1_114' title='bbox 697 1856 837 1931; x_wconf 88' lang='lat' dir='ltr'><strong>possunt</strong></span> <span class='ocrx_word' id='word_1_115' title='bbox 857 1869 900 1910; x_wconf 86' lang='lat' dir='ltr'><strong>ex</strong></span> <span class='ocrx_word' id='word_1_116' title='bbox 920 1847 1057 1932; x_wconf 87' lang='lat' dir='ltr'><strong>Parerg.</strong></span> <span class='ocrx_word' id='word_1_117' title='bbox 1085 1847 1209 1932; x_wconf 88' lang='lat' dir='ltr'><strong>Phryn.</strong></span> <span class='ocrx_word' id='word_1_118' title='bbox 1231 1844 1284 1910; x_wconf 89' lang='grc'><strong>668</strong></span> <span class='ocrx_word' id='word_1_119' title='bbox 1304 1866 1338 1926; x_wconf 90' lang='lat' dir='ltr'><strong>sq.</strong></span> 
     </span>
     <span class='ocr_line' id='line_1_16' title="bbox 254 1934 1340 2031; baseline -0.005 -18"><span class='ocrx_word' id='word_1_120' title='bbox 254 1947 373 2014; x_wconf 88' lang='lat' dir='ltr'><strong>Parall.</strong></span> <span class='ocrx_word' id='word_1_121' title='bbox 393 1948 437 2013; x_wconf 88' lang='grc'><strong>48</strong></span> <span class='ocrx_word' id='word_1_122' title='bbox 456 1970 506 2031; x_wconf 90' lang='lat' dir='ltr'><strong>sq.</strong></span> <span class='ocrx_word' id='word_1_123' title='bbox 546 1946 793 2030; x_wconf 86' lang='lat' dir='ltr'><strong>Adjeotivorum</strong></span> <span class='ocrx_word' id='word_1_124' title='bbox 813 1934 906 2025; x_wconf 67' lang='lat' dir='ltr'><strong>ino}</strong></span> <span class='ocrx_word' id='word_1_125' title='bbox 928 1947 1115 2013; x_wconf 85' lang='lat' dir='ltr'><strong>exeuntium</strong></span> <span class='ocrx_word' id='word_1_126' title='bbox 1141 1948 1198 2012; x_wconf 90' lang='lat' dir='ltr'><strong>uni</strong></span> <span class='ocrx_word' id='word_1_127' title='bbox 1216 1944 1340 2031; x_wconf 81' lang='lat' dir='ltr'><strong>syllabam</strong></span> 
     </span>
     <span class='ocr_line' id='line_1_17' title="bbox 254 2045 1385 2135; baseline -0.005 -19"><span class='ocrx_word' id='word_1_128' title='bbox 254 2049 446 2116; x_wconf 84' lang='lat' dir='ltr'><strong>nominativi</strong></span> <span class='ocrx_word' id='word_1_129' title='bbox 470 2058 648 2114; x_wconf 85' lang='lat' dir='ltr'><strong>extremam</strong></span> <span class='ocrx_word' id='word_1_130' title='bbox 671 2047 797 2112; x_wconf 87' lang='lat' dir='ltr'><strong>detrahi</strong></span> <span class='ocrx_word' id='word_1_131' title='bbox 818 2048 942 2114; x_wconf 86' lang='lat' dir='ltr'><strong>indioat</strong></span> <span class='ocrx_word' id='word_1_132' title='bbox 965 2049 1076 2135; x_wconf 81' lang='lat' dir='ltr'><strong>Epim.</strong></span> <span class='ocrx_word' id='word_1_133' title='bbox 1102 2049 1132 2114; x_wconf 88' lang='grc' dir='ltr'><strong>Ι.</strong></span> <span class='ocrx_word' id='word_1_134' title='bbox 1155 2050 1227 2126; x_wconf 86' lang='grc'><strong>344,</strong></span> <span class='ocrx_word' id='word_1_135' title='bbox 1250 2049 1294 2114; x_wconf 87' lang='grc'><strong>21.</strong></span> <span class='ocrx_word' id='word_1_136' title='bbox 1312 2045 1340 2111; x_wconf 83' lang='grc' dir='ltr'><strong>τὰ</strong></span> <span class='ocrx_word' id='word_1_137' title='bbox 1384 2081 1385 2092; x_wconf 37' lang='grc' dir='ltr'><strong><em>ι</em></strong></span> 
     </span>
     <span class='ocr_line' id='line_1_18' title="bbox 256 2141 1341 2237; baseline -0.005 -19"><span class='ocrx_word' id='word_1_138' title='bbox 256 2149 305 2229; x_wconf 82' lang='grc' dir='ltr'><strong>εἰς</strong></span> <span class='ocrx_word' id='word_1_139' title='bbox 323 2141 526 2237; x_wconf 53' lang='lat' dir='ltr'><strong>affl-rippam</strong></span> <span class='ocrx_word' id='word_1_140' title='bbox 548 2149 634 2234; x_wconf 80' lang='grc' dir='ltr'><strong><em>(καὶ)</em></strong></span> <span class='ocrx_word' id='word_1_141' title='bbox 651 2145 735 2233; x_wconf 78' lang='grc' dir='ltr'><strong><em>παρ’</em></strong></span> <span class='ocrx_word' id='word_1_142' title='bbox 762 2145 901 2218; x_wconf 77' lang='grc' dir='ltr'><strong><em>εὐθεῖαν</em></strong></span> <span class='ocrx_word' id='word_1_143' title='bbox 923 2148 1117 2218; x_wconf 68' lang='grc' dir='ltr'><strong><em>συντίθεται</em></strong></span> <span class='ocrx_word' id='word_1_144' title='bbox 1141 2149 1341 2236; x_wconf 70' lang='grc' dir='ltr'><strong><em>θηλύμορφος,</em></strong></span> 
     </span>
     <span class='ocr_line' id='line_1_19' title="bbox 257 2244 1385 2340; baseline -0.01 -19"><span class='ocrx_word' id='word_1_145' title='bbox 257 2248 482 2338; x_wconf 77' lang='grc' dir='ltr'><strong><em>πρεσβογινὴς</em></strong></span> <span class='ocrx_word' id='word_1_146' title='bbox 502 2254 559 2316; x_wconf 81' lang='grc' dir='ltr'><strong>καὶ</strong></span> <span class='ocrx_word' id='word_1_147' title='bbox 581 2273 719 2334; x_wconf 80' lang='grc' dir='ltr'><strong><em>παγινις</em></strong></span> <span class='ocrx_word' id='word_1_148' title='bbox 743 2252 818 2335; x_wconf 87' lang='lat' dir='ltr'><strong>(ser.</strong></span> <span class='ocrx_word' id='word_1_149' title='bbox 841 2252 937 2334; x_wconf 79' lang='grc' dir='ltr'><strong><em>παρὰ</em></strong></span> <span class='ocrx_word' id='word_1_150' title='bbox 959 2246 1102 2340; x_wconf 74' lang='grc' dir='ltr'><strong><em>γενικήν)</em></strong></span> <span class='ocrx_word' id='word_1_151' title='bbox 1131 2244 1342 2336; x_wconf 77' lang='grc' dir='ltr'><strong><em>βοτρυοχαρής·</em></strong></span> <span class='ocrx_word' id='word_1_152' title='bbox 1384 2287 1385 2294; x_wconf 30' lang='grc' dir='ltr'><strong><em>ι</em></strong></span> 
     </span>
     <span class='ocr_line' id='line_1_20' title="bbox 255 2344 1386 2439; baseline -0.002 -19"><span class='ocrx_word' id='word_1_153' title='bbox 255 2353 356 2438; x_wconf 74' lang='grc' dir='ltr'><strong><em>μόνον</em></strong></span> <span class='ocrx_word' id='word_1_154' title='bbox 384 2350 423 2420; x_wconf 84' lang='grc' dir='ltr'><strong>τὸ</strong></span> <span class='ocrx_word' id='word_1_155' title='bbox 452 2348 572 2439; x_wconf 78' lang='grc' dir='ltr'><strong><em>ἥμισυς</em></strong></span> <span class='ocrx_word' id='word_1_156' title='bbox 599 2355 648 2439; x_wconf 70' lang='grc' dir='ltr'><strong>πῇ</strong></span> <span class='ocrx_word' id='word_1_157' title='bbox 670 2352 731 2434; x_wconf 81' lang='grc' dir='ltr'><strong>μὲν</strong></span> <span class='ocrx_word' id='word_1_158' title='bbox 753 2352 835 2432; x_wconf 88' lang='grc' dir='ltr'><strong><em>μιίιν</em></strong></span> <span class='ocrx_word' id='word_1_159' title='bbox 857 2352 1025 2439; x_wconf 60' lang='grc' dir='ltr'><strong>συλλαβὴν</strong></span> <span class='ocrx_word' id='word_1_160' title='bbox 1047 2351 1246 2420; x_wconf 78' lang='grc' dir='ltr'><strong><em>ἐκκέκοπται</em></strong></span> <span class='ocrx_word' id='word_1_161' title='bbox 1264 2347 1302 2428; x_wconf 82' lang='grc' dir='ltr'><strong>ὡς</strong></span> <span class='ocrx_word' id='word_1_162' title='bbox 1316 2344 1342 2413; x_wconf 81' lang='grc' dir='ltr'><strong>τὸ</strong></span> <span class='ocrx_word' id='word_1_163' title='bbox 1385 2407 1386 2418; x_wconf 72' lang='grc'><strong>.</strong></span> 
     </span>
     <span class='ocr_line' id='line_1_21' title="bbox 257 2447 1345 2542; baseline -0.005 -21"><span class='ocrx_word' id='word_1_164' title='bbox 257 2451 445 2542; x_wconf 69' lang='grc' dir='ltr'><strong><em>ἦμίιλωρον,</em></strong></span> <span class='ocrx_word' id='word_1_165' title='bbox 479 2447 708 2540; x_wconf 67' lang='grc' dir='ltr'><strong><em>ἡμισιλχοιρος,</em></strong></span> <span class='ocrx_word' id='word_1_166' title='bbox 744 2475 827 2538; x_wconf 90' lang='lat' dir='ltr'><strong>quae</strong></span> <span class='ocrx_word' id='word_1_167' title='bbox 863 2453 890 2518; x_wconf 91' lang='lat' dir='ltr'><strong>si</strong></span> <span class='ocrx_word' id='word_1_168' title='bbox 928 2476 989 2540; x_wconf 92' lang='lat' dir='ltr'><strong>pro</strong></span> <span class='ocrx_word' id='word_1_169' title='bbox 1023 2454 1176 2540; x_wconf 87' lang='lat' dir='ltr'><strong>exemplo</strong></span> <span class='ocrx_word' id='word_1_170' title='bbox 1209 2470 1345 2538; x_wconf 76' lang='lat' dir='ltr'><strong>syncopae</strong></span> 
     </span>
     <span class='ocr_line' id='line_1_22' title="bbox 255 2549 1345 2641; baseline -0.004 -21"><span class='ocrx_word' id='word_1_171' title='bbox 255 2557 448 2632; x_wconf 84' lang='lat' dir='ltr'><strong>afferuntur,</strong></span> <span class='ocrx_word' id='word_1_172' title='bbox 471 2554 518 2618; x_wconf 89' lang='lat' dir='ltr'><strong>sie</strong></span> <span class='ocrx_word' id='word_1_173' title='bbox 541 2553 715 2620; x_wconf 85' lang='lat' dir='ltr'><strong>scribenda</strong></span> <span class='ocrx_word' id='word_1_174' title='bbox 737 2563 813 2618; x_wconf 91' lang='lat' dir='ltr'><strong>sunt</strong></span> <span class='ocrx_word' id='word_1_175' title='bbox 830 2549 1000 2641; x_wconf 79' lang='grc' dir='ltr'><strong><em>ἡμίιλιορον</em></strong></span> <span class='ocrx_word' id='word_1_176' title='bbox 1017 2556 1067 2640; x_wconf 91' lang='lat' dir='ltr'><strong>(ut</strong></span> <span class='ocrx_word' id='word_1_177' title='bbox 1083 2554 1278 2640; x_wconf 78' lang='grc' dir='ltr'><strong><em>δικάδωρον,</em></strong></span> <span class='ocrx_word' id='word_1_178' title='bbox 1297 2554 1345 2618; x_wconf 84' lang='lat' dir='ltr'><strong>do-</strong></span> 
     </span>
     <span class='ocr_line' id='line_1_23' title="bbox 257 2651 1346 2744; baseline -0.007 -19"><span class='ocrx_word' id='word_1_179' title='bbox 257 2654 388 2724; x_wconf 57' lang='lat' dir='ltr'><strong>taxato</strong></span> <span class='ocrx_word' id='word_1_180' title='bbox 389 2651 518 2744; x_wconf 83' lang='grc' dir='ltr'><strong><em>ιον)</em></strong></span> <span class='ocrx_word' id='word_1_181' title='bbox 501 2651 689 2740; x_wconf 80' lang='grc' dir='ltr'><strong><em>ημιχόριον,</em></strong></span> <span class='ocrx_word' id='word_1_182' title='bbox 719 2656 778 2720; x_wconf 88' lang='lat' dir='ltr'><strong>sed</strong></span> <span class='ocrx_word' id='word_1_183' title='bbox 805 2654 943 2720; x_wconf 87' lang='lat' dir='ltr'><strong>fortasse</strong></span> <span class='ocrx_word' id='word_1_184' title='bbox 976 2658 1143 2743; x_wconf 87' lang='lat' dir='ltr'><strong>pertinent</strong></span> <span class='ocrx_word' id='word_1_185' title='bbox 1175 2657 1218 2720; x_wconf 90' lang='lat' dir='ltr'><strong>ad</strong></span> <span class='ocrx_word' id='word_1_186' title='bbox 1241 2656 1346 2720; x_wconf 84' lang='lat' dir='ltr'><strong>alteram</strong></span> 
     </span>
     <span class='ocr_line' id='line_1_24' title="bbox 257 2752 1346 2874; baseline -0.004 -51"><span class='ocrx_word' id='word_1_187' title='bbox 257 2757 391 2823; x_wconf 89' lang='lat' dir='ltr'><strong>canonis</strong></span> <span class='ocrx_word' id='word_1_188' title='bbox 412 2766 563 2874; x_wconf 90' lang='lat' dir='ltr'><strong>partem,</strong></span> <span class='ocrx_word' id='word_1_189' title='bbox 591 2779 690 2840; x_wconf 91' lang='lat' dir='ltr'><strong>quam</strong></span> <span class='ocrx_word' id='word_1_190' title='bbox 717 2756 851 2843; x_wconf 89' lang='lat' dir='ltr'><strong>supplet</strong></span> <span class='ocrx_word' id='word_1_191' title='bbox 878 2757 1073 2844; x_wconf 80' lang='lat' dir='ltr'><strong>Theognost</strong></span> <span class='ocrx_word' id='word_1_192' title='bbox 1073 2781 1112 2822; x_wconf 85' lang='lat' dir='ltr'><strong>us</strong></span> <span class='ocrx_word' id='word_1_193' title='bbox 1142 2758 1225 2824; x_wconf 88' lang='lat' dir='ltr'><strong>Can.</strong></span> <span class='ocrx_word' id='word_1_194' title='bbox 1249 2757 1295 2822; x_wconf 85' lang='grc'><strong>83.</strong></span> <span class='ocrx_word' id='word_1_195' title='bbox 1318 2752 1346 2820; x_wconf 86' lang='grc' dir='ltr'><strong>τὰ</strong></span> 
     </span>
     <span class='ocr_line' id='line_1_25' title="bbox 257 2852 1349 2947; baseline -0.006 -23"><span class='ocrx_word' id='word_1_196' title='bbox 257 2855 295 2924; x_wconf 76' lang='grc' dir='ltr'><strong>ἐκ</strong></span> <span class='ocrx_word' id='word_1_197' title='bbox 321 2863 379 2924; x_wconf 84' lang='grc' dir='ltr'><strong>τοῦ</strong></span> <span class='ocrx_word' id='word_1_198' title='bbox 408 2853 528 2944; x_wconf 74' lang='grc' dir='ltr'><strong><em>ἥμιοις</em></strong></span> <span class='ocrx_word' id='word_1_199' title='bbox 553 2858 749 2942; x_wconf 75' lang='grc' dir='ltr'><strong><em>οιγκελμιια</em></strong></span> <span class='ocrx_word' id='word_1_200' title='bbox 778 2855 965 2941; x_wconf 75' lang='grc' dir='ltr'><em>ἀποβάλλει</em></span> <span class='ocrx_word' id='word_1_201' title='bbox 987 2885 1046 2945; x_wconf 79' lang='grc' dir='ltr'><strong>τιν</strong></span> <span class='ocrx_word' id='word_1_202' title='bbox 1072 2887 1129 2937; x_wconf 87' lang='grc' dir='ltr'><strong>ον,</strong></span> <span class='ocrx_word' id='word_1_203' title='bbox 1158 2857 1290 2947; x_wconf 75' lang='grc' dir='ltr'><strong><em>ἡμίονος</em></strong></span> <span class='ocrx_word' id='word_1_204' title='bbox 1307 2852 1349 2918; x_wconf 82' lang='grc' dir='ltr'><strong>καλ</strong></span> 
     </span>
     <span class='ocr_line' id='line_1_26' title="bbox 255 2952 1350 3044; baseline -0.004 -19.833"><span class='ocrx_word' id='word_1_205' title='bbox 255 2952 351 3024; x_wconf 85' lang='grc' dir='ltr'><strong>α’λλα.</strong></span> <span class='ocrx_word' id='word_1_206' title='bbox 394 2952 542 3044; x_wconf 78' lang='grc' dir='ltr'><strong><em>Ελλριμαι</em></strong></span> <span class='ocrx_word' id='word_1_207' title='bbox 570 2958 607 3024; x_wconf 81' lang='grc' dir='ltr'><strong>δὲ</strong></span> <span class='ocrx_word' id='word_1_208' title='bbox 635 2958 733 3043; x_wconf 80' lang='grc' dir='ltr'><strong><em>παρὰ</em></strong></span> <span class='ocrx_word' id='word_1_209' title='bbox 758 2983 829 3035; x_wconf 84' lang='grc' dir='ltr'><strong><em>τοις</em></strong></span> <span class='ocrx_word' id='word_1_210' title='bbox 856 2962 1018 3038; x_wconf 83' lang='grc' dir='ltr'><strong><em>παλαιοῖς</em></strong></span> <span class='ocrx_word' id='word_1_211' title='bbox 1039 2958 1193 3038; x_wconf 81' lang='grc' dir='ltr'><strong><em>σπανίως</em></strong></span> <span class='ocrx_word' id='word_1_212' title='bbox 1213 2956 1289 3039; x_wconf 81' lang='grc' dir='ltr'><strong><em>μετὰ</em></strong></span> <span class='ocrx_word' id='word_1_213' title='bbox 1308 2957 1350 3042; x_wconf 78' lang='grc' dir='ltr'><strong>τῆς</strong></span> 
     </span>
     <span class='ocr_line' id='line_1_27' title="bbox 255 3053 1350 3148; baseline -0.01 -20"><span class='ocrx_word' id='word_1_214' title='bbox 255 3087 310 3138; x_wconf 83' lang='grc' dir='ltr'><strong>σο,</strong></span> <span class='ocrx_word' id='word_1_215' title='bbox 334 3055 567 3148; x_wconf 78' lang='grc' dir='ltr'><strong><em>ἡμιοιλχοιρος,</em></strong></span> <span class='ocrx_word' id='word_1_216' title='bbox 594 3053 818 3145; x_wconf 74' lang='grc' dir='ltr'><strong><em>ἦμιοιιιμολνιξ</em></strong></span> <span class='ocrx_word' id='word_1_217' title='bbox 844 3059 932 3145; x_wconf 80' lang='lat' dir='ltr'><strong>(sio).</strong></span> <span class='ocrx_word' id='word_1_218' title='bbox 983 3057 1097 3138; x_wconf 77' lang='grc' dir='ltr'><strong><em>Οὕτως</em></strong></span> <span class='ocrx_word' id='word_1_219' title='bbox 1115 3053 1338 3148; x_wconf 77' lang='grc' dir='ltr'><strong><em>Ἡριοδιιινιλς’</em></strong></span> <span class='ocrx_word' id='word_1_220' title='bbox 1326 3077 1350 3118; x_wconf 79' lang='grc' dir='ltr'><strong>εν</strong></span> 
     </span>
     <span class='ocr_line' id='line_1_28' title="bbox 254 3155 1351 3246; baseline -0.008 -18"><span class='ocrx_word' id='word_1_221' title='bbox 254 3166 303 3246; x_wconf 74' lang='grc' dir='ltr'><strong>τιὸ</strong></span> <span class='ocrx_word' id='word_1_222' title='bbox 325 3160 405 3246; x_wconf 80' lang='grc' dir='ltr'><strong><em>περὶ</em></strong></span> <span class='ocrx_word' id='word_1_223' title='bbox 427 3163 565 3238; x_wconf 77' lang='grc' dir='ltr'><strong><em>παθῶν,</em></strong></span> <span class='ocrx_word' id='word_1_224' title='bbox 590 3159 647 3244; x_wconf 90' lang='lat' dir='ltr'><strong>qui</strong></span> <span class='ocrx_word' id='word_1_225' title='bbox 667 3159 704 3224; x_wconf 89' lang='lat' dir='ltr'><strong>id</strong></span> <span class='ocrx_word' id='word_1_226' title='bbox 725 3159 765 3224; x_wconf 89' lang='lat' dir='ltr'><strong>ab</strong></span> <span class='ocrx_word' id='word_1_227' title='bbox 788 3160 926 3228; x_wconf 86' lang='lat' dir='ltr'><strong>Abrone</strong></span> <span class='ocrx_word' id='word_1_228' title='bbox 949 3161 1154 3228; x_wconf 87' lang='lat' dir='ltr'><strong>observatum</strong></span> <span class='ocrx_word' id='word_1_229' title='bbox 1183 3183 1256 3226; x_wconf 85' lang='lat' dir='ltr'><strong>esse</strong></span> <span class='ocrx_word' id='word_1_230' title='bbox 1275 3155 1351 3222; x_wconf 87' lang='lat' dir='ltr'><strong>aitin</strong></span> 
     </span>
     <span class='ocr_line' id='line_1_29' title="bbox 255 3223 1351 3348; baseline -0.006 -21"><span class='ocrx_word' id='word_1_231' title='bbox 255 3223 336 3327; x_wconf 84' lang='grc' dir='ltr'><strong>ΕΜ.</strong></span> <span class='ocrx_word' id='word_1_232' title='bbox 365 3263 440 3340; x_wconf 88' lang='grc'><strong>430,</strong></span> <span class='ocrx_word' id='word_1_233' title='bbox 461 3262 514 3327; x_wconf 90' lang='grc'><strong>30.</strong></span> <span class='ocrx_word' id='word_1_234' title='bbox 542 3261 697 3346; x_wconf 90' lang='lat' dir='ltr'><strong>idemque</strong></span> <span class='ocrx_word' id='word_1_235' title='bbox 723 3261 924 3348; x_wconf 79' lang='lat' dir='ltr'><strong>implicatum</strong></span> <span class='ocrx_word' id='word_1_236' title='bbox 949 3273 1000 3330; x_wconf 84' lang='lat' dir='ltr'><strong>est</strong></span> <span class='ocrx_word' id='word_1_237' title='bbox 987 3263 1162 3330; x_wconf 84' lang='lat' dir='ltr'><strong>tmirabili</strong></span> <span class='ocrx_word' id='word_1_238' title='bbox 1186 3257 1351 3348; x_wconf 85' lang='lat' dir='ltr'><strong>Tryphonis</strong></span> 
     </span>
    </p>
   </div>
   <div class='ocr_carea' id='block_1_3' title="bbox 141 3357 1353 3483">
    <p class='ocr_par' dir='ltr' id='par_1_3' title="bbox 141 3357 1353 3483">
     <span class='ocr_line' id='line_1_30' title="bbox 141 3357 1353 3483; baseline -0.001 -55"><span class='ocrx_word' id='word_1_239' title='bbox 141 3458 147 3462; x_wconf 66' lang='lat'><strong>.</strong></span> <span class='ocrx_word' id='word_1_240' title='bbox 257 3361 451 3448; x_wconf 88' lang='lat' dir='ltr'><strong>sophismati</strong></span> <span class='ocrx_word' id='word_1_241' title='bbox 472 3363 562 3448; x_wconf 90' lang='lat' dir='ltr'><strong>apud</strong></span> <span class='ocrx_word' id='word_1_242' title='bbox 581 3362 746 3429; x_wconf 88' lang='lat' dir='ltr'><strong>Choerob.</strong></span> <span class='ocrx_word' id='word_1_243' title='bbox 772 3363 868 3431; x_wconf 92' lang='lat' dir='ltr'><strong>Orth.</strong></span> <span class='ocrx_word' id='word_1_244' title='bbox 893 3367 966 3430; x_wconf 91' lang='grc'><strong>272.</strong></span> <span class='ocrx_word' id='word_1_245' title='bbox 991 3367 1072 3432; x_wconf 92' lang='grc' dir='ltr'><strong>ΕΜ.</strong></span> <span class='ocrx_word' id='word_1_246' title='bbox 1091 3367 1162 3444; x_wconf 87' lang='grc'><strong>794,</strong></span> <span class='ocrx_word' id='word_1_247' title='bbox 1183 3369 1212 3431; x_wconf 92' lang='grc'><strong>1.</strong></span> <span class='ocrx_word' id='word_1_248' title='bbox 1232 3357 1353 3483; x_wconf 60' lang='lat' dir='ltr'><strong>pulian·</strong></span> 
     </span>
    </p>
   </div>
   <div class='ocr_carea' id='block_1_4' title="bbox 251 3459 1359 4361">
    <p class='ocr_par' dir='ltr' id='par_1_4' title="bbox 251 3459 1359 4361">
     <span class='ocr_line' id='line_1_31' title="bbox 256 3459 1353 3562; baseline 0.004 -36"><span class='ocrx_word' id='word_1_249' title='bbox 256 3459 274 3528; x_wconf 83' lang='grc' dir='ltr'>ὁ</span> <span class='ocrx_word' id='word_1_250' title='bbox 302 3464 447 3561; x_wconf 75' lang='grc' dir='ltr'><strong>κλέπτης</strong></span> <span class='ocrx_word' id='word_1_251' title='bbox 474 3462 567 3551; x_wconf 80' lang='grc' dir='ltr'><strong><em>παρὰ</em></strong></span> <span class='ocrx_word' id='word_1_252' title='bbox 594 3464 632 3530; x_wconf 86' lang='grc' dir='ltr'><strong>τὸ</strong></span> <span class='ocrx_word' id='word_1_253' title='bbox 659 3460 837 3562; x_wconf 75' lang='grc' dir='ltr'><strong><em>ὑφειλὲτμς</em></strong></span> <span class='ocrx_word' id='word_1_254' title='bbox 865 3467 950 3533; x_wconf 83' lang='grc' dir='ltr'><strong><em>κατὰ</em></strong></span> <span class='ocrx_word' id='word_1_255' title='bbox 977 3462 1159 3554; x_wconf 78' lang='grc' dir='ltr'><strong><em>ἀφαίρεσιν</em></strong></span> <span class='ocrx_word' id='word_1_256' title='bbox 1189 3471 1247 3533; x_wconf 85' lang='grc' dir='ltr'><strong>τοῦ</strong></span> <span class='ocrx_word' id='word_1_257' title='bbox 1274 3460 1353 3530; x_wconf 80' lang='grc' dir='ltr'><strong><em>οιαὶ</em></strong></span> 
     </span>
     <span class='ocr_line' id='line_1_32' title="bbox 255 3561 1353 3688; baseline -0.002 -58"><span class='ocrx_word' id='word_1_258' title='bbox 255 3569 317 3630; x_wconf 83' lang='grc' dir='ltr'><strong>τοῦ</strong></span> <span class='ocrx_word' id='word_1_259' title='bbox 338 3588 355 3630; x_wconf 82' lang='grc' dir='ltr'><em>ε</em></span> <span class='ocrx_word' id='word_1_260' title='bbox 381 3564 438 3630; x_wconf 84' lang='grc' dir='ltr'><strong>καὶ</strong></span> <span class='ocrx_word' id='word_1_261' title='bbox 468 3561 600 3631; x_wconf 80' lang='grc' dir='ltr'><strong><em>ἒκιάσιι</em></strong></span> <span class='ocrx_word' id='word_1_262' title='bbox 626 3570 688 3630; x_wconf 79' lang='grc' dir='ltr'><strong>τοῦ</strong></span> <span class='ocrx_word' id='word_1_263' title='bbox 717 3593 733 3633; x_wconf 83' lang='lat' dir='ltr'><strong>e</strong></span> <span class='ocrx_word' id='word_1_264' title='bbox 769 3563 818 3644; x_wconf 82' lang='grc' dir='ltr'><strong>εἷς</strong></span> <span class='ocrx_word' id='word_1_265' title='bbox 846 3588 884 3654; x_wconf 87' lang='grc' dir='ltr'><strong>η·</strong></span> <span class='ocrx_word' id='word_1_266' title='bbox 913 3568 1023 3634; x_wconf 82' lang='grc' dir='ltr'><strong>πολλὰ</strong></span> <span class='ocrx_word' id='word_1_267' title='bbox 1045 3568 1083 3635; x_wconf 76' lang='lat' dir='ltr'><strong>dd</strong></span> <span class='ocrx_word' id='word_1_268' title='bbox 1092 3564 1219 3688; x_wconf 46' lang='grc' dir='ltr'><strong>Ηνιοὶἱλη</strong></span> <span class='ocrx_word' id='word_1_269' title='bbox 1229 3564 1353 3633; x_wconf 74' lang='grc' dir='ltr'><strong><em>ἐνταῦθα</em></strong></span> 
     </span>
     <span class='ocr_line' id='line_1_33' title="bbox 257 3660 1354 3756; baseline 0 -24"><span class='ocrx_word' id='word_1_270' title='bbox 257 3665 386 3752; x_wconf 68' lang='grc' dir='ltr'><strong><em>μέμονε·</em></strong></span> <span class='ocrx_word' id='word_1_271' title='bbox 409 3664 498 3751; x_wconf 81' lang='grc' dir='ltr'><strong><em>λέγει</em></strong></span> <span class='ocrx_word' id='word_1_272' title='bbox 521 3660 596 3732; x_wconf 69' lang='grc' dir='ltr'><strong>(λεε</strong></span> <span class='ocrx_word' id='word_1_273' title='bbox 579 3691 599 3730; x_wconf 94' lang='grc' dir='ltr'><strong><em>ο</em></strong></span> <span class='ocrx_word' id='word_1_274' title='bbox 624 3662 812 3754; x_wconf 74' lang='grc' dir='ltr'><strong><em>Τρύφων“</em></strong></span> <span class='ocrx_word' id='word_1_275' title='bbox 791 3692 844 3733; x_wconf 90' lang='grc' dir='ltr'><strong>οτι</strong></span> <span class='ocrx_word' id='word_1_276' title='bbox 865 3661 1101 3735; x_wconf 55' lang='grc' dir='ltr'><strong><em>συνέπαθεν(</em></strong></span> <span class='ocrx_word' id='word_1_277' title='bbox 1083 3695 1102 3755; x_wconf 80' lang='grc' dir='ltr'>η</span> <span class='ocrx_word' id='word_1_278' title='bbox 1127 3666 1223 3756; x_wconf 76' lang='grc' dir='ltr'><strong><em>φωνὴ</em></strong></span> <span class='ocrx_word' id='word_1_279' title='bbox 1246 3670 1354 3779; x_wconf 61' lang='lat' dir='ltr'><strong>spida</strong></span> 
     </span>
     <span class='ocr_line' id='line_1_34' title="bbox 251 3754 1354 3854; baseline 0.004 -24"><span class='ocrx_word' id='word_1_280' title='bbox 251 3763 462 3854; x_wconf 81' lang='grc' dir='ltr'><strong><em>μαινομένῳ,</em></strong></span> <span class='ocrx_word' id='word_1_281' title='bbox 490 3762 536 3843; x_wconf 80' lang='grc' dir='ltr'><strong>ὡς</strong></span> <span class='ocrx_word' id='word_1_282' title='bbox 562 3761 800 3854; x_wconf 76' lang='grc' dir='ltr'><strong><em>ἡμισοκὺκλιον</em></strong></span> <span class='ocrx_word' id='word_1_283' title='bbox 830 3763 1069 3854; x_wconf 79' lang='grc' dir='ltr'><strong><em>ἡμικύκλιον,</em></strong></span> <span class='ocrx_word' id='word_1_284' title='bbox 1075 3764 1184 3834; x_wconf 80' lang='grc' dir='ltr'><strong>λείπω</strong></span> <span class='ocrx_word' id='word_1_285' title='bbox 1217 3754 1354 3849; x_wconf 55' lang='grc' dir='ltr'><strong><em>λιμόςὸ</em></strong></span> 
     </span>
     <span class='ocr_line' id='line_1_35' title="bbox 256 3863 1355 3956; baseline -0.003 -27"><span class='ocrx_word' id='word_1_286' title='bbox 256 3889 320 3951; x_wconf 81' lang='grc' dir='ltr'><strong>γαρ</strong></span> <span class='ocrx_word' id='word_1_287' title='bbox 348 3864 494 3953; x_wconf 79' lang='grc' dir='ltr'><strong>κλέπτης</strong></span> <span class='ocrx_word' id='word_1_288' title='bbox 523 3863 652 3933; x_wconf 76' lang='grc' dir='ltr'><strong><em>ἔνδειαν</em></strong></span> <span class='ocrx_word' id='word_1_289' title='bbox 676 3873 782 3934; x_wconf 81' lang='grc' dir='ltr'><strong><em>ποιεῖ.</em></strong></span> <span class='ocrx_word' id='word_1_290' title='bbox 831 3869 908 3934; x_wconf 84' lang='lat' dir='ltr'><strong>Hoc</strong></span> <span class='ocrx_word' id='word_1_291' title='bbox 937 3879 986 3934; x_wconf 87' lang='lat' dir='ltr'><strong>est</strong></span> <span class='ocrx_word' id='word_1_292' title='bbox 1010 3870 1100 3956; x_wconf 91' lang='lat' dir='ltr'><strong>quod</strong></span> <span class='ocrx_word' id='word_1_293' title='bbox 1121 3867 1355 3936; x_wconf 83' lang='lat' dir='ltr'><strong>Choeroboseus</strong></span> 
     </span>
     <span class='ocr_line' id='line_1_36' title="bbox 257 3966 1357 4059; baseline -0.007 -25"><span class='ocrx_word' id='word_1_294' title='bbox 257 3966 337 4034; x_wconf 81' lang='lat' dir='ltr'><strong>dicit</strong></span> <span class='ocrx_word' id='word_1_295' title='bbox 362 3967 458 4034; x_wconf 90' lang='lat' dir='ltr'><strong>Orth.</strong></span> <span class='ocrx_word' id='word_1_296' title='bbox 478 3969 559 4047; x_wconf 88' lang='grc'><strong>277,</strong></span> <span class='ocrx_word' id='word_1_297' title='bbox 582 3968 613 4032; x_wconf 91' lang='grc'><strong>3.</strong></span> <span class='ocrx_word' id='word_1_298' title='bbox 636 3978 670 4032; x_wconf 91' lang='lat' dir='ltr'><strong>et</strong></span> <span class='ocrx_word' id='word_1_299' title='bbox 693 3967 729 4032; x_wconf 91' lang='lat' dir='ltr'><strong>in</strong></span> <span class='ocrx_word' id='word_1_300' title='bbox 749 3969 872 4036; x_wconf 89' lang='lat' dir='ltr'><strong>Psalm.</strong></span> <span class='ocrx_word' id='word_1_301' title='bbox 892 3971 945 4048; x_wconf 89' lang='grc'><strong>27,</strong></span> <span class='ocrx_word' id='word_1_302' title='bbox 964 3967 1057 4035; x_wconf 57' lang='grc'><strong>23(</strong></span> <span class='ocrx_word' id='word_1_303' title='bbox 1038 3995 1059 4059; x_wconf 86' lang='grc' dir='ltr'><em>η</em></span> <span class='ocrx_word' id='word_1_304' title='bbox 1084 3970 1178 4059; x_wconf 80' lang='grc' dir='ltr'><strong><em>φωνὴ</em></strong></span> <span class='ocrx_word' id='word_1_305' title='bbox 1202 3969 1357 4038; x_wconf 71' lang='lat' dir='ltr'><strong>noviando</strong></span> 
     </span>
     <span class='ocr_line' id='line_1_37' title="bbox 255 4066 1358 4156; baseline -0.004 -24"><span class='ocrx_word' id='word_1_306' title='bbox 255 4071 304 4154; x_wconf 78' lang='grc' dir='ltr'><strong>τῷ</strong></span> <span class='ocrx_word' id='word_1_307' title='bbox 328 4068 559 4155; x_wconf 80' lang='grc' dir='ltr'><strong><em>σημαινομένῳ</em></strong></span> <span class='ocrx_word' id='word_1_308' title='bbox 577 4077 677 4153; x_wconf 89' lang='lat' dir='ltr'><strong>atque</strong></span> <span class='ocrx_word' id='word_1_309' title='bbox 695 4070 737 4133; x_wconf 90' lang='lat' dir='ltr'><strong>ad</strong></span> <span class='ocrx_word' id='word_1_310' title='bbox 755 4069 836 4135; x_wconf 87' lang='lat' dir='ltr'><strong>haee</strong></span> <span class='ocrx_word' id='word_1_311' title='bbox 854 4067 1005 4154; x_wconf 79' lang='grc' dir='ltr'><strong><em>ὀνόματα</em></strong></span> <span class='ocrx_word' id='word_1_312' title='bbox 1022 4070 1262 4156; x_wconf 82' lang='grc' dir='ltr'><strong><em>σομιιάοχονια</em></strong></span> <span class='ocrx_word' id='word_1_313' title='bbox 1279 4066 1358 4132; x_wconf 89' lang='lat' dir='ltr'><strong>relert</strong></span> 
     </span>
     <span class='ocr_line' id='line_1_38' title="bbox 256 4163 1359 4260; baseline -0.001 -27"><span class='ocrx_word' id='word_1_314' title='bbox 256 4167 355 4233; x_wconf 88' lang='lat' dir='ltr'><strong>etiam</strong></span> <span class='ocrx_word' id='word_1_315' title='bbox 371 4165 500 4258; x_wconf 70' lang='lat' dir='ltr'><strong>yopdr.&#39;</strong></span> <span class='ocrx_word' id='word_1_316' title='bbox 522 4171 688 4248; x_wconf 91' lang='lat' dir='ltr'><strong>Duorum,</strong></span> <span class='ocrx_word' id='word_1_317' title='bbox 718 4193 802 4256; x_wconf 89' lang='lat' dir='ltr'><strong>quae</strong></span> <span class='ocrx_word' id='word_1_318' title='bbox 830 4169 1065 4258; x_wconf 87' lang='lat' dir='ltr'><strong>Theognostus</strong></span> <span class='ocrx_word' id='word_1_319' title='bbox 1090 4172 1267 4260; x_wconf 84' lang='lat' dir='ltr'><strong>expromit,</strong></span> <span class='ocrx_word' id='word_1_320' title='bbox 1294 4163 1359 4257; x_wconf 77' lang='grc' dir='ltr'><strong><em>ἡμί-</em></strong></span> 
     </span>
     <span class='ocr_line' id='line_1_39' title="bbox 255 4266 1358 4361; baseline 0.004 -28"><span class='ocrx_word' id='word_1_321' title='bbox 255 4290 370 4356; x_wconf 82' lang='grc' dir='ltr'><strong><em>χοιρος</em></strong></span> <span class='ocrx_word' id='word_1_322' title='bbox 391 4282 423 4336; x_wconf 89' lang='lat' dir='ltr'><strong>et</strong></span> <span class='ocrx_word' id='word_1_323' title='bbox 443 4266 677 4361; x_wconf 76' lang='grc' dir='ltr'><strong><em>ἡμισόφοινιξ,</em></strong></span> <span class='ocrx_word' id='word_1_324' title='bbox 699 4271 795 4351; x_wconf 89' lang='lat' dir='ltr'><strong>illud,</strong></span> <span class='ocrx_word' id='word_1_325' title='bbox 819 4272 847 4338; x_wconf 89' lang='lat' dir='ltr'><strong>si</strong></span> <span class='ocrx_word' id='word_1_326' title='bbox 868 4273 988 4341; x_wconf 89' lang='lat' dir='ltr'><strong>mendo</strong></span> <span class='ocrx_word' id='word_1_327' title='bbox 1007 4284 1111 4353; x_wconf 81' lang='lat' dir='ltr'><strong>vocat,</strong></span> <span class='ocrx_word' id='word_1_328' title='bbox 1137 4285 1224 4342; x_wconf 85' lang='lat' dir='ltr'><strong>certe</strong></span> <span class='ocrx_word' id='word_1_329' title='bbox 1244 4273 1358 4358; x_wconf 82' lang='lat' dir='ltr'><strong>linguae</strong></span> 
     </span>
    </p>
   </div>
   <div class='ocr_carea' id='block_1_5' title="bbox 0 0 1426 4809">
    <p class='ocr_par' dir='ltr' id='par_1_5' title="bbox 0 0 1426 4809">
     <span class='ocr_line' id='line_1_40' title="bbox 0 0 1426 4809; baseline 0 0"><span class='ocrx_word' id='word_1_330' title='bbox 0 0 1426 4809; x_wconf 95' lang='lat' dir='ltr'><strong> </strong></span> 
     </span>
    </p>
   </div>
  </div>
 </body>
</html>
