2825 4809
130 390 179 455 Dll
199 382 403 454 SYNOOPE
424 380 570 449 uiuus
592 378 814 449 VOOALIS.
848 378 888 447 0.
903 381 932 447 1.
955 383 982 466 ξ.
995 382 1027 448 3.
1062 377 1138 459 227

74 582 158 641 vocant
171 572 214 655 Η)
245 591 364 654 eaeque
397 588 496 655 saepe
530 565 662 652 quidem
696 588 770 632 cum
803 566 1022 633 ostentatione
1055 588 1135 633 oon·

67 678 165 760 junctae
187 680 253 736 sunt
279 659 431 735 sednon
463 690 600 755 semper.
650 667 768 753 Itaque
796 689 864 732 non
886 690 906 731 a
928 668 1026 755 τέρας
1047 668 1135 733 deri·

72 786 149 840 utun
168 774 296 851 videtur,
319 772 410 857 quod
430 768 706 857 Wyttenbachius
723 779 830 833 ratum
852 766 966 833 habuit
987 769 1031 833 ad
1047 768 1135 835 Plut.

71 878 98 941 de
117 875 188 939 Aud.
216 874 283 939 564.
315 873 375 939 sed
404 874 605 957 οτέρθρον,
634 892 699 957 quo
731 871 759 936 si
785 871 935 936 universe
962 870 1002 937 νδ
1034 865 1138 957 tuom

71 975 238 1061 significatum
260 984 318 1052 est,
342 974 434 1039 haud
456 974 699 1039 dissentaneum
718 968 962 1059 1οἰτνερ8ρεία
987 968 1053 1035 dici
1074 992 1135 1057 pro

66 1072 251 1160 ἀκριβολογία.
311 1075 380 1142 Sed
412 1074 593 1140 invenimus
629 1074 719 1139 aliud
752 1073 876 1161 primae
908 1071 1136 1137 declinationis

68 1198 151 1239 nonen
169 1174 199 1238 iu
219 1177 454 1262 compositione
476 1176 641 1243 concisum
660 1173 796 1264 ῥαπάτη
819 1172 1023 1263 ῥαπναύλης.
1060 1170 1135 1238 Ad·

61 1277 177 1360 jectirum
205 1274 389 1361 hujusmodi
420 1277 544 1343 indicat
566 1276 646 1344 ΕΜ.
676 1276 728 1355 87,
756 1276 809 1341 26.
842 1271 936 1360 παρὰ
963 1272 1003 1341 τὸ
1030 1270 1137 1359 μύσος

67 1373 192 1461 μνσοχρός
219 1375 366 1464 μοσχρός
397 1379 455 1445 καὶ
485 1374 651 1465 διμοσχρός
682 1374 701 1444 ὁ
733 1370 891 1459 καθαρός
921 1396 951 1440 v.
986 1375 1162 1440 hiemale.-

66 1476 139 1540 lnall.
155 1476 219 1541 261.
242 1478 301 1543 sed
325 1478 575 1565 originationem
598 1477 730 1544 dubiam
748 1476 858 1543 reddit
879 1487 1048 1555 accentus,
1077 1476 1135 1561 qui
1242 1552 1254 1572 κ

66 1577 261 1664 incompositis
286 1574 477 1671 δῖγλιοχρος,
503 1578 709 1664 πάνοισχρος
729 1578 912 1645 retrahitur.
955 1579 1009 1645 Ex
1037 1578 1134 1645 tertio

65 1678 143 1743 ordine
157 1678 214 1745 huo
230 1691 403 1745 revocatur
424 1676 505 1763 οὖας
528 1681 584 1747 καὶ
603 1681 688 1747 κατὰ
702 1672 874 1767 σογνοντὴν
889 1672 948 1757 οὖς
967 1678 1133 1746 Choerob.

65 1776 119 1841 Can.
132 1779 194 1845 385.
208 1782 304 1847 Eust.
322 1782 415 1860 1213,
431 1782 484 1849 48.
516 1782 584 1848 ΑΙὶἱ
607 1804 683 1847 vero
707 1774 766 1859 οὖς
788 1802 829 1845 ex
851 1775 912 1858 δὀς
933 1790 1136 1845 contractum

63 1878 152 1959 diunt,
172 1880 230 1947 hoo
253 1893 364 1948 autem
384 1884 435 1949 vel
458 1906 499 1948 ex
520 1878 583 1961 δὀς
605 1904 797 1949 conversum
818 1903 891 1947 esse
911 1880 1021 1968 alpha,
1045 1883 1136 1966 quod

65 1977 168 2046 inverbo
184 1977 244 2049 ἀΐω
264 1995 417 2071 apparet,
437 1985 472 2049 in
490 1974 516 2052 ο
532 1985 657 2050 micron
674 1994 817 2061 mutato,
839 1982 891 2047 vel
914 2004 956 2048 ex
978 1977 1042 2061 δἀς
1060 2006 1134 2048 mu-

63 2083 210 2148 taurooali
232 2085 349 2149 ultima
368 2096 405 2151 ut
428 2070 527 2171 δέρος
549 2086 660 2171 δέρος,
690 2084 781 2170 quod
808 2084 890 2151 EM.
909 2082 984 2160 638,
1006 2083 1058 2148 54.
1081 2105 1134 2148 re-

65 2178 108 2242 lert
122 2204 148 2247 ex
164 2184 244 2250 libro
268 2187 352 2271 περὶ
373 2192 498 2253 παθῶν
531 2186 594 2252 hoc
623 2196 673 2252 est
691 2184 893 2262 Herodiani,
930 2184 987 2270 qui
1012 2184 1048 2248 in
1072 2183 1136 2251 hac

61 2301 126 2347 causa
141 2286 206 2370 plus
229 2288 334 2351 semel
356 2287 514 2353 excitatur
533 2311 564 2353 v.
587 2288 712 2354 Techn.
732 2290 806 2355 313.
846 2286 1135 2371 Quemadmodum

60 2402 109 2447 vero
126 2381 173 2464 οἶος
192 2389 332 2453 refertur
354 2389 438 2454 inter
458 2388 591 2455 nomina
609 2391 753 2479 μονήρη,
783 2390 830 2455 ita
856 2388 964 2455 verbis
986 2389 1134 2475 singula·

56 2482 116 2549 ribus
141 2489 419 2555 adnumerandum
451 2502 501 2556 est
532 2492 669 2575 δανείζω
703 2492 829 2557 Techn.
861 2492 935 2557 223.
970 2500 1003 2557 et
1036 2490 1134 2577 hujus

54 2605 150 2671 quoque
168 2612 265 2657 causa
288 2592 424 2679 ponitur
448 2593 482 2656 in
508 2592 616 2680 ellipsi
643 2592 782 2659 vocalis:
809 2591 906 2679 παρὰ
933 2589 972 2657 νδ
1001 2587 1136 2659 δάνειον

55 2686 176 2771 ostoun
207 2670 274 2758 καῖ
303 2690 337 2759 ο
370 2700 525 2784 σηκοπρ
563 2691 701 2776 caverna
737 2692 903 2760 chosroe.
942 2693 978 2757 in
1010 2693 1133 2759 raum.

52 2784 165 2864 14110.
214 2794 259 2858 Id
289 2793 318 2857 si
345 2814 419 2859 cum
445 2795 570 2878 γένειον
597 2789 769 2879 γενονάζω,
800 2791 938 2860 κώνειον
966 2792 1134 2876 κωνειάζω

50 2893 250 2973 contendimus,
273 2894 382 2959 vocali
401 2895 590 2960 destitutum
609 2896 771 2972 dicemus3
793 2895 854 2960 sed
873 2893 950 2979 quia
966 2916 1135 2979 nunquam

49 3004 231 3075 regeneratur,
253 2995 292 3059 in
314 2995 420 3080 primo
443 3008 515 3061 satu
538 2996 660 3063 abolita
679 2997 817 3065 videtur.
853 2995 1036 3062 Plurimum
1057 2994 1134 3060 hinc

49 3084 127 3154 differt
150 3091 244 3181 ἥγιζέ
275 3091 348 3163 ἀπὸ
383 3100 443 3163 τοῦ
471 3092 587 3186 tiriolo
615 3096 700 3165 κατὰ
727 3095 899 3184 σογκοπήν
923 3094 1005 3162 soh.
1030 3095 1133 3161 Arist.

46 3184 106 3256 Plut
124 3192 192 3261 681.
215 3196 348 3281 aliaque
369 3196 469 3263 verba
490 3198 664 3285 dupliciter
683 3198 871 3275 terminata,
893 3216 977 3281 quac
999 3196 1135 3285 copiose

48 3295 145 3358 meavi
164 3296 199 3361 in
222 3297 330 3363 Proll.
350 3298 531 3365 479—483.
561 3309 594 3365 et
613 3299 666 3365 his
686 3300 804 3365 similia
821 3298 956 3364 nomina
976 3291 1138 3383 ἆγιαοτία

44 3389 166 3464 καὶκατὰ
184 3398 361 3485 συγκοπὴν
376 3396 509 3485 ἆγοστία
523 3399 603 3467 EM.
621 3402 672 3480 10,
687 3401 741 3467 27.
777 3397 893 3487 adyta
908 3399 949 3464 ab
965 3399 1137 3486 Aeschylo

45 3511 85 3572 pro
114 3494 238 3582 φύγαδε
273 3499 420 3587 positum
451 3500 555 3567 simile
591 3510 641 3567 est
672 3500 804 3588 glossae
833 3500 988 3589 ‘Paphiae
1018 3498 1135 3589 Θύρδα

44 3584 87 3668 ἔξω
103 3595 178 3665 Hes.
201 3598 270 3665 hoo
294 3598 497 3688 εε1θύραδο
518 3601 587 3669 sive
608 3600 772 3689 δδρονδν,
800 3602 860 3669 sed
880 3613 918 3667 ut
939 3600 1061 3690 μίγδην
1082 3602 1135 3668 di-

43 3688 102 3757 tllur
123 3708 153 3762 et
179 3700 303 3786 μίγδα,
331 3700 477 3789 κρύβδην
510 3712 544 3769 et
572 3701 713 3790 κρύβδα,
749 3704 797 3771 sic
824 3704 871 3769 illi
897 3704 989 3769 licuit
1009 3714 1135 3773 mutare

40 3796 274 3867 terminationem
302 3796 430 3891 φύρδην
458 3801 579 3890 φύγδα.
628 3804 743 3893 Alphe
762 3805 856 3891 longi
877 3804 1044 3873 abscessio
1066 3831 1134 3875 non

41 3894 97 3960 utis
125 3900 288 3986 probatur
322 3902 480 3990 exemplis
512 3906 752 3990 gentilitiorum
791 3906 909 3993 quibus
944 3908 1133 3996 Stephanus

39 4048 349 4077 -Δῇ--κ

89 4148 127 4220 15)
143 4152 191 4210 Sic
209 4154 383 4213 Aristoteles
400 4156 472 4231 Top.
484 4154 563 4213 VIII.
585 4160 614 4223 1,
631 4160 689 4213 151.
703 4161 733 4215 b.
757 4161 805 4217 ἐπὶ
825 4164 918 4223 τέλους
936 4119 1134 4233 νερδρεύοννιν

38 4232 175 4305 ‘flectuum
191 4246 220 4297 ot
237 4244 407 4299 διαλεκτικοὶ
425 4247 490 4319 περὶ
507 4242 557 4315 νην
570 4246 630 4300 νῶν
647 4240 741 4317 λόγων
758 4253 906 4322 τερθρείαν
923 4251 1135 4320 κατανρίβονται

36 4310 100 4389 Diog.
111 4322 239 4383 Ptooem.
261 4328 289 4395 ξ.
304 4330 344 4385 17.
1138 4335 1141 4344 ·

860 4416 925 4481 15*
