<?xml version="1.0" encoding="UTF-8"?>
<!DOCTYPE html PUBLIC "-//W3C//DTD XHTML 1.0 Transitional//EN"
    "http://www.w3.org/TR/xhtml1/DTD/xhtml1-transitional.dtd">
<html xmlns="http://www.w3.org/1999/xhtml" xml:lang="en" lang="en">
 <head>
  <title>
</title>
<meta http-equiv="Content-Type" content="text/html;charset=utf-8" />
  <meta name='ocr-system' content='tesseract 3.04.00' />
  <meta name='ocr-capabilities' content='ocr_page ocr_carea ocr_par ocr_line ocrx_word'/>
</head>
<body>
  <div class='ocr_page' id='page_1' title='image "./pathologiaegrae01lobegoog/pathologiaegrae01lobegoog_0068.png"; bbox 0 0 2825 4809; ppageno 0'>
   <div class='ocr_carea' id='block_1_1' title="bbox 202 352 970 435">
    <p class='ocr_par' dir='ltr' id='par_1_1' title="bbox 202 352 970 435">
     <span class='ocr_line' id='line_1_1' title="bbox 202 352 970 435; baseline -0.001 -14"><span class='ocrx_word' id='word_1_1' title='bbox 202 361 256 435; x_wconf 67' lang='lat'><strong>56</strong></span> <span class='ocrx_word' id='word_1_2' title='bbox 311 374 316 383; x_wconf 91' lang='lat'><strong>·</strong></span> <span class='ocrx_word' id='word_1_3' title='bbox 530 366 534 373; x_wconf 88' lang='lat'>&#39;</span> <span class='ocrx_word' id='word_1_4' title='bbox 574 352 894 425; x_wconf 76' lang='lat' dir='ltr'>DISSIIR&#39;I&#39;ATIO</span> <span class='ocrx_word' id='word_1_5' title='bbox 926 352 970 419; x_wconf 82' lang='lat' dir='ltr'><strong>I.·</strong></span> 
     </span>
    </p>
   </div>
   <div class='ocr_carea' id='block_1_2' title="bbox 179 530 1412 3372">
    <p class='ocr_par' dir='ltr' id='par_1_2' title="bbox 179 530 1412 3372">
     <span class='ocr_line' id='line_1_2' title="bbox 179 530 1321 641; baseline -0.006 -30"><span class='ocrx_word' id='word_1_6' title='bbox 179 542 370 631; x_wconf 58' lang='lat' dir='ltr'><strong>¹deotberto</strong></span> <span class='ocrx_word' id='word_1_7' title='bbox 395 545 456 611; x_wconf 83' lang='grc' dir='ltr'><strong>τοῦ</strong></span> <span class='ocrx_word' id='word_1_8' title='bbox 484 530 558 629; x_wconf 81' lang='grc' dir='ltr'><strong>ἧόι,</strong></span> <span class='ocrx_word' id='word_1_9' title='bbox 586 538 657 609; x_wconf 77' lang='grc' dir='ltr'><strong>ἀπὸ</strong></span> <span class='ocrx_word' id='word_1_10' title='bbox 688 540 726 609; x_wconf 73' lang='grc' dir='ltr'><strong>δι’</strong></span> <span class='ocrx_word' id='word_1_11' title='bbox 754 547 819 641; x_wconf 58' lang='grc' dir='ltr'><strong><em>νοῇ</em></strong></span> <span class='ocrx_word' id='word_1_12' title='bbox 837 538 914 625; x_wconf 80' lang='grc' dir='ltr'><strong>ἃδε)</strong></span> <span class='ocrx_word' id='word_1_13' title='bbox 937 538 1044 626; x_wconf 73' lang='grc' dir='ltr'><strong><em>ἓηνιν,</em></strong></span> <span class='ocrx_word' id='word_1_14' title='bbox 1073 534 1141 617; x_wconf 70' lang='grc' dir='ltr'><strong><em>ἕεις</em></strong></span> <span class='ocrx_word' id='word_1_15' title='bbox 1167 531 1321 600; x_wconf 75' lang='lat' dir='ltr'><strong>do‘Adv·</strong></span> 
     </span>
     <span class='ocr_line' id='line_1_3' title="bbox 204 631 1324 724; baseline -0.009 -14"><span class='ocrx_word' id='word_1_16' title='bbox 204 642 280 711; x_wconf 87' lang='grc'><strong>557.</strong></span> <span class='ocrx_word' id='word_1_17' title='bbox 296 654 329 709; x_wconf 89' lang='lat' dir='ltr'><strong>et</strong></span> <span class='ocrx_word' id='word_1_18' title='bbox 348 643 466 709; x_wconf 88' lang='lat' dir='ltr'><strong>iterum</strong></span> <span class='ocrx_word' id='word_1_19' title='bbox 486 641 521 709; x_wconf 92' lang='lat' dir='ltr'><strong>in</strong></span> <span class='ocrx_word' id='word_1_20' title='bbox 540 643 642 709; x_wconf 86' lang='lat' dir='ltr'><strong>Pron.</strong></span> <span class='ocrx_word' id='word_1_21' title='bbox 665 642 716 707; x_wconf 98' lang='grc'><strong>74.</strong></span> <span class='ocrx_word' id='word_1_22' title='bbox 738 643 777 711; x_wconf 86' lang='grc' dir='ltr'><strong>τὸ</strong></span> <span class='ocrx_word' id='word_1_23' title='bbox 797 670 815 712; x_wconf 85' lang='lat' dir='ltr'><strong>s</strong></span> <span class='ocrx_word' id='word_1_24' title='bbox 836 636 1020 724; x_wconf 71' lang='grc' dir='ltr'><strong><em>πλεονάζον</em></strong></span> <span class='ocrx_word' id='word_1_25' title='bbox 1045 637 1081 707; x_wconf 72' lang='grc' dir='ltr'><strong><em>ὃν</em></strong></span> <span class='ocrx_word' id='word_1_26' title='bbox 1106 631 1324 719; x_wconf 79' lang='grc' dir='ltr'><strong><em>δισυλλάβοις</em></strong></span> 
     </span>
     <span class='ocr_line' id='line_1_4' title="bbox 204 729 1323 831; baseline -0.008 -17"><span class='ocrx_word' id='word_1_27' title='bbox 204 741 399 831; x_wconf 80' lang='grc' dir='ltr'><strong><em>άναβιβάζνι</em></strong></span> <span class='ocrx_word' id='word_1_28' title='bbox 426 744 486 813; x_wconf 87' lang='grc' dir='ltr'><strong><em>τόν</em></strong></span> <span class='ocrx_word' id='word_1_29' title='bbox 512 741 609 815; x_wconf 90' lang='grc' dir='ltr'><strong><em>τόνον</em></strong></span> <span class='ocrx_word' id='word_1_30' title='bbox 635 742 746 824; x_wconf 73' lang='grc' dir='ltr'><strong><em>ἔιιπι,</em></strong></span> <span class='ocrx_word' id='word_1_31' title='bbox 769 743 887 829; x_wconf 74' lang='grc' dir='ltr'><strong><em>ἔοργα,</em></strong></span> <span class='ocrx_word' id='word_1_32' title='bbox 909 742 988 812; x_wconf 68' lang='lat' dir='ltr'><strong>dode</strong></span> <span class='ocrx_word' id='word_1_33' title='bbox 1009 735 1061 824; x_wconf 82' lang='grc' dir='ltr'><strong>(ιῖ</strong></span> <span class='ocrx_word' id='word_1_34' title='bbox 1080 729 1323 820; x_wconf 78' lang='grc' dir='ltr'><strong><em>πλεονασμός).</em></strong></span> 
     </span>
     <span class='ocr_line' id='line_1_5' title="bbox 204 835 1405 935; baseline -0.012 -22"><span class='ocrx_word' id='word_1_35' title='bbox 204 848 272 914; x_wconf 84' lang='lat' dir='ltr'><strong>Hie</strong></span> <span class='ocrx_word' id='word_1_36' title='bbox 291 848 392 935; x_wconf 84' lang='lat' dir='ltr'><strong>igitur</strong></span> <span class='ocrx_word' id='word_1_37' title='bbox 411 847 478 913; x_wconf 91' lang='lat' dir='ltr'><strong>duo</strong></span> <span class='ocrx_word' id='word_1_38' title='bbox 500 846 728 934; x_wconf 76' lang='lat' dir='ltr'>complectitur</span> <span class='ocrx_word' id='word_1_39' title='bbox 746 845 980 913; x_wconf 82' lang='lat' dir='ltr'><strong>vooobulorum</strong></span> <span class='ocrx_word' id='word_1_40' title='bbox 998 863 1137 930; x_wconf 78' lang='lat' dir='ltr'><strong>genera,</strong></span> <span class='ocrx_word' id='word_1_41' title='bbox 1163 835 1265 905; x_wconf 79' lang='lat' dir='ltr'><strong>verba</strong></span> <span class='ocrx_word' id='word_1_42' title='bbox 1286 844 1325 900; x_wconf 91' lang='lat' dir='ltr'><strong>et</strong></span> <span class='ocrx_word' id='word_1_43' title='bbox 1404 841 1405 860; x_wconf 66' lang='lat'>¹</span> 
     </span>
     <span class='ocr_line' id='line_1_6' title="bbox 205 938 1327 1036; baseline -0.011 -19"><span class='ocrx_word' id='word_1_44' title='bbox 205 949 351 1029; x_wconf 80' lang='lat' dir='ltr'><strong>nomina,</strong></span> <span class='ocrx_word' id='word_1_45' title='bbox 372 960 406 1015; x_wconf 90' lang='lat' dir='ltr'><strong>et</strong></span> <span class='ocrx_word' id='word_1_46' title='bbox 426 949 509 1017; x_wconf 82' lang='lat' dir='ltr'><strong>dues</strong></span> <span class='ocrx_word' id='word_1_47' title='bbox 532 948 734 1028; x_wconf 82' lang='lat' dir='ltr'><strong>affectiones,</strong></span> <span class='ocrx_word' id='word_1_48' title='bbox 759 949 986 1036; x_wconf 84' lang='lat' dir='ltr'><strong>pleonasmum</strong></span> <span class='ocrx_word' id='word_1_49' title='bbox 1006 956 1040 1013; x_wconf 88' lang='lat' dir='ltr'><strong>et</strong></span> <span class='ocrx_word' id='word_1_50' title='bbox 1059 940 1231 1011; x_wconf 84' lang='lat' dir='ltr'><strong>diaereein</strong></span> <span class='ocrx_word' id='word_1_51' title='bbox 1266 938 1327 1005; x_wconf 82' lang='lat' dir='ltr'><strong>De</strong></span> 
     </span>
     <span class='ocr_line' id='line_1_7' title="bbox 205 1038 1327 1139; baseline -0.009 -22"><span class='ocrx_word' id='word_1_52' title='bbox 205 1052 318 1119; x_wconf 87' lang='lat' dir='ltr'><strong>ultimo</strong></span> <span class='ocrx_word' id='word_1_53' title='bbox 345 1051 437 1136; x_wconf 86' lang='lat' dir='ltr'><strong>quod</strong></span> <span class='ocrx_word' id='word_1_54' title='bbox 459 1049 646 1132; x_wconf 72' lang='lat' dir='ltr'><strong>addubitat,</strong></span> <span class='ocrx_word' id='word_1_55' title='bbox 675 1050 838 1139; x_wconf 87' lang='lat' dir='ltr'><strong>praeoidit</strong></span> <span class='ocrx_word' id='word_1_56' title='bbox 857 1049 1068 1117; x_wconf 81' lang='lat' dir='ltr'><strong>Herodianus</strong></span> <span class='ocrx_word' id='word_1_57' title='bbox 1096 1046 1142 1112; x_wconf 81' lang='lat' dir='ltr'><strong>ad</strong></span> <span class='ocrx_word' id='word_1_58' title='bbox 1159 1044 1200 1110; x_wconf 88' lang='lat' dir='ltr'><strong>II.</strong></span> <span class='ocrx_word' id='word_1_59' title='bbox 1220 1038 1315 1107; x_wconf 85' lang='lat' dir='ltr'><strong>XIV</strong></span> <span class='ocrx_word' id='word_1_60' title='bbox 1315 1086 1327 1102; x_wconf 84' lang='lat'>.</span> 
     </span>
     <span class='ocr_line' id='line_1_8' title="bbox 204 1139 1406 1238; baseline -0.009 -17"><span class='ocrx_word' id='word_1_61' title='bbox 204 1154 280 1221; x_wconf 80' lang='grc'><strong>540.</strong></span> <span class='ocrx_word' id='word_1_62' title='bbox 295 1164 328 1220; x_wconf 86' lang='lat' dir='ltr'><strong>et</strong></span> <span class='ocrx_word' id='word_1_63' title='bbox 345 1153 413 1221; x_wconf 91' lang='lat' dir='ltr'><strong>Od.</strong></span> <span class='ocrx_word' id='word_1_64' title='bbox 429 1152 528 1223; x_wconf 83' lang='lat' dir='ltr'>XVI.</span> <span class='ocrx_word' id='word_1_65' title='bbox 539 1153 592 1219; x_wconf 85' lang='grc'><strong>28.</strong></span> <span class='ocrx_word' id='word_1_66' title='bbox 616 1152 653 1221; x_wconf 79' lang='grc' dir='ltr'><strong>τὸ</strong></span> <span class='ocrx_word' id='word_1_67' title='bbox 677 1152 757 1221; x_wconf 70' lang='lat' dir='ltr'><strong>taos</strong></span> <span class='ocrx_word' id='word_1_68' title='bbox 780 1152 945 1238; x_wconf 74' lang='grc' dir='ltr'><strong><em>διαίρεσις</em></strong></span> <span class='ocrx_word' id='word_1_69' title='bbox 966 1155 1026 1219; x_wconf 87' lang='grc' dir='ltr'><strong>τοῦ</strong></span> <span class='ocrx_word' id='word_1_70' title='bbox 1047 1139 1118 1238; x_wconf 78' lang='grc' dir='ltr'><strong>ἦὸι,</strong></span> <span class='ocrx_word' id='word_1_71' title='bbox 1138 1146 1326 1229; x_wconf 81' lang='lat' dir='ltr'><strong>eodemque</strong></span> <span class='ocrx_word' id='word_1_72' title='bbox 1405 1191 1406 1194; x_wconf 20' lang='grc' dir='ltr'><strong><em>ι</em></strong></span> 
     </span>
     <span class='ocr_line' id='line_1_9' title="bbox 208 1243 1408 1343; baseline -0.002 -20"><span class='ocrx_word' id='word_1_73' title='bbox 208 1256 341 1323; x_wconf 77' lang='lat' dir='ltr'><strong>nomino</strong></span> <span class='ocrx_word' id='word_1_74' title='bbox 368 1256 471 1322; x_wconf 90' lang='lat' dir='ltr'>XIII.</span> <span class='ocrx_word' id='word_1_75' title='bbox 493 1256 567 1323; x_wconf 83' lang='grc'><strong>543.</strong></span> <span class='ocrx_word' id='word_1_76' title='bbox 598 1254 741 1343; x_wconf 83' lang='lat' dir='ltr'><strong>explieat</strong></span> <span class='ocrx_word' id='word_1_77' title='bbox 769 1254 909 1321; x_wconf 84' lang='lat' dir='ltr'><strong>aoristos</strong></span> <span class='ocrx_word' id='word_1_78' title='bbox 938 1251 1035 1339; x_wconf 76' lang='grc' dir='ltr'><strong><em>ἐάγη,</em></strong></span> <span class='ocrx_word' id='word_1_79' title='bbox 1065 1247 1163 1335; x_wconf 74' lang='grc' dir='ltr'><strong><em>ἐάλη,</em></strong></span> <span class='ocrx_word' id='word_1_80' title='bbox 1193 1243 1329 1333; x_wconf 70' lang='grc' dir='ltr'><strong><em>ἑάφθη,</em></strong></span> <span class='ocrx_word' id='word_1_81' title='bbox 1406 1261 1408 1300; x_wconf 64' lang='lat' dir='ltr'><strong>i</strong></span> 
     </span>
     <span class='ocr_line' id='line_1_10' title="bbox 208 1344 1407 1440; baseline -0.011 -15"><span class='ocrx_word' id='word_1_82' title='bbox 208 1355 332 1438; x_wconf 73' lang='grc' dir='ltr'><strong><em>ἑάλων,</em></strong></span> <span class='ocrx_word' id='word_1_83' title='bbox 369 1359 430 1425; x_wconf 90' lang='lat' dir='ltr'><strong>sed</strong></span> <span class='ocrx_word' id='word_1_84' title='bbox 464 1358 560 1425; x_wconf 83' lang='lat' dir='ltr'><strong>simul</strong></span> <span class='ocrx_word' id='word_1_85' title='bbox 594 1368 706 1423; x_wconf 89' lang='lat' dir='ltr'><strong>monet</strong></span> <span class='ocrx_word' id='word_1_86' title='bbox 736 1368 790 1421; x_wconf 84' lang='lat' dir='ltr'><strong>eta</strong></span> <span class='ocrx_word' id='word_1_87' title='bbox 826 1379 894 1423; x_wconf 91' lang='lat' dir='ltr'><strong>non</strong></span> <span class='ocrx_word' id='word_1_88' title='bbox 919 1355 955 1421; x_wconf 88' lang='lat' dir='ltr'><strong>in</strong></span> <span class='ocrx_word' id='word_1_89' title='bbox 985 1350 1185 1440; x_wconf 77' lang='lat' dir='ltr'><strong>quibuslibet</strong></span> <span class='ocrx_word' id='word_1_90' title='bbox 1213 1344 1330 1413; x_wconf 77' lang='lat' dir='ltr'><strong>verbis</strong></span> <span class='ocrx_word' id='word_1_91' title='bbox 1405 1365 1407 1402; x_wconf 66' lang='grc' dir='ltr'><strong>ι</strong></span> 
     </span>
     <span class='ocr_line' id='line_1_11' title="bbox 207 1454 1407 1545; baseline -0.008 -18"><span class='ocrx_word' id='word_1_92' title='bbox 207 1460 342 1527; x_wconf 81' lang='grc' dir='ltr'><strong><em>ιΙίιιοΙνὶ</em></strong></span> <span class='ocrx_word' id='word_1_93' title='bbox 370 1461 430 1526; x_wconf 86' lang='lat' dir='ltr'><strong>sed</strong></span> <span class='ocrx_word' id='word_1_94' title='bbox 457 1460 492 1525; x_wconf 90' lang='lat' dir='ltr'><strong>in</strong></span> <span class='ocrx_word' id='word_1_95' title='bbox 520 1459 571 1525; x_wconf 88' lang='lat' dir='ltr'><strong>his</strong></span> <span class='ocrx_word' id='word_1_96' title='bbox 593 1460 692 1526; x_wconf 91' lang='lat' dir='ltr'><strong>modo</strong></span> <span class='ocrx_word' id='word_1_97' title='bbox 716 1481 801 1544; x_wconf 90' lang='lat' dir='ltr'><strong>quae</strong></span> <span class='ocrx_word' id='word_1_98' title='bbox 823 1457 864 1523; x_wconf 82' lang='lat' dir='ltr'><strong>ab</strong></span> <span class='ocrx_word' id='word_1_99' title='bbox 894 1454 993 1545; x_wconf 77' lang='lat' dir='ltr'><strong>ulpho</strong></span> <span class='ocrx_word' id='word_1_100' title='bbox 1019 1455 1193 1541; x_wconf 78' lang='lat' dir='ltr'><strong>incipiant3</strong></span> <span class='ocrx_word' id='word_1_101' title='bbox 1221 1468 1332 1534; x_wconf 80' lang='lat' dir='ltr'><strong>quare</strong></span> <span class='ocrx_word' id='word_1_102' title='bbox 1406 1469 1407 1506; x_wconf 73' lang='lat'>1</span> 
     </span>
     <span class='ocr_line' id='line_1_12' title="bbox 206 1550 1408 1650; baseline -0.012 -19"><span class='ocrx_word' id='word_1_103' title='bbox 206 1558 323 1650; x_wconf 73' lang='grc' dir='ltr'><strong><em>ἑάφθη</em></strong></span> <span class='ocrx_word' id='word_1_104' title='bbox 354 1562 398 1627; x_wconf 88' lang='lat' dir='ltr'><strong>ad</strong></span> <span class='ocrx_word' id='word_1_105' title='bbox 430 1559 528 1629; x_wconf 77' lang='grc' dir='ltr'><strong><em>άπτω</em></strong></span> <span class='ocrx_word' id='word_1_106' title='bbox 563 1561 770 1627; x_wconf 84' lang='lat' dir='ltr'><strong>referendum</strong></span> <span class='ocrx_word' id='word_1_107' title='bbox 799 1582 873 1626; x_wconf 88' lang='lat' dir='ltr'><strong>esso</strong></span> <span class='ocrx_word' id='word_1_108' title='bbox 900 1582 984 1638; x_wconf 91' lang='lat' dir='ltr'><strong>non,</strong></span> <span class='ocrx_word' id='word_1_109' title='bbox 1018 1579 1084 1643; x_wconf 89' lang='lat' dir='ltr'><strong>quo</strong></span> <span class='ocrx_word' id='word_1_110' title='bbox 1113 1550 1332 1621; x_wconf 76' lang='lat' dir='ltr'><strong>Asistarobus</strong></span> <span class='ocrx_word' id='word_1_111' title='bbox 1407 1575 1408 1608; x_wconf 66' lang='grc' dir='ltr'><strong>ι</strong></span> 
     </span>
     <span class='ocr_line' id='line_1_13' title="bbox 205 1654 1408 1749; baseline -0.005 -21"><span class='ocrx_word' id='word_1_112' title='bbox 205 1664 368 1741; x_wconf 86' lang='lat' dir='ltr'><strong>voluerat,</strong></span> <span class='ocrx_word' id='word_1_113' title='bbox 401 1662 444 1728; x_wconf 85' lang='lat' dir='ltr'><strong>ad</strong></span> <span class='ocrx_word' id='word_1_114' title='bbox 480 1662 618 1746; x_wconf 77' lang='grc' dir='ltr'><strong><em>ἕπομαι.</em></strong></span> <span class='ocrx_word' id='word_1_115' title='bbox 667 1664 759 1749; x_wconf 86' lang='lat' dir='ltr'><strong>Ergo</strong></span> <span class='ocrx_word' id='word_1_116' title='bbox 791 1663 890 1728; x_wconf 85' lang='lat' dir='ltr'><strong>etiam</strong></span> <span class='ocrx_word' id='word_1_117' title='bbox 915 1658 1013 1748; x_wconf 75' lang='grc' dir='ltr'><strong><em>ἐάλη,</em></strong></span> <span class='ocrx_word' id='word_1_118' title='bbox 1041 1658 1133 1745; x_wconf 83' lang='grc' dir='ltr'><strong><em>ηιιοιΙ</em></strong></span> <span class='ocrx_word' id='word_1_119' title='bbox 1159 1654 1330 1724; x_wconf 78' lang='lat' dir='ltr'>XL192.</span> <span class='ocrx_word' id='word_1_120' title='bbox 1407 1679 1408 1714; x_wconf 79' lang='lat'>1</span> 
     </span>
     <span class='ocr_line' id='line_1_14' title="bbox 206 1758 1410 1853; baseline -0.014 -19"><span class='ocrx_word' id='word_1_121' title='bbox 206 1760 417 1853; x_wconf 79' lang='grc' dir='ltr'><strong><em>σννιστηάφη</em></strong></span> <span class='ocrx_word' id='word_1_122' title='bbox 448 1763 516 1829; x_wconf 82' lang='lat' dir='ltr'><strong>sive</strong></span> <span class='ocrx_word' id='word_1_123' title='bbox 544 1761 727 1853; x_wconf 71' lang='grc' dir='ltr'><strong><em>σονοιλήῧη</em></strong></span> <span class='ocrx_word' id='word_1_124' title='bbox 754 1764 1001 1850; x_wconf 85' lang='lat' dir='ltr'><strong>interpretatur,</strong></span> <span class='ocrx_word' id='word_1_125' title='bbox 1030 1762 1101 1827; x_wconf 90' lang='lat' dir='ltr'><strong>sine</strong></span> <span class='ocrx_word' id='word_1_126' title='bbox 1130 1758 1230 1825; x_wconf 89' lang='lat' dir='ltr'><strong>dubio</strong></span> <span class='ocrx_word' id='word_1_127' title='bbox 1258 1776 1333 1821; x_wconf 91' lang='lat' dir='ltr'><strong>non</strong></span> <span class='ocrx_word' id='word_1_128' title='bbox 1408 1811 1410 1819; x_wconf 73' lang='grc'><strong>,</strong></span> 
     </span>
     <span class='ocr_line' id='line_1_15' title="bbox 206 1859 1409 1953; baseline -0.008 -22"><span class='ocrx_word' id='word_1_129' title='bbox 206 1866 255 1933; x_wconf 90' lang='lat' dir='ltr'><strong>ita</strong></span> <span class='ocrx_word' id='word_1_130' title='bbox 274 1877 311 1931; x_wconf 90' lang='lat' dir='ltr'><strong>ut</strong></span> <span class='ocrx_word' id='word_1_131' title='bbox 333 1866 553 1933; x_wconf 87' lang='lat' dir='ltr'><strong>Buttmannus</strong></span> <span class='ocrx_word' id='word_1_132' title='bbox 575 1877 608 1932; x_wconf 89' lang='lat' dir='ltr'><strong>et</strong></span> <span class='ocrx_word' id='word_1_133' title='bbox 627 1864 790 1931; x_wconf 76' lang='lat' dir='ltr'><strong>Matthiae</strong></span> <span class='ocrx_word' id='word_1_134' title='bbox 812 1889 846 1953; x_wconf 87' lang='lat' dir='ltr'><strong>p.</strong></span> <span class='ocrx_word' id='word_1_135' title='bbox 868 1865 941 1931; x_wconf 91' lang='grc'><strong>527.</strong></span> <span class='ocrx_word' id='word_1_136' title='bbox 971 1863 1014 1929; x_wconf 88' lang='lat' dir='ltr'><strong>ab</strong></span> <span class='ocrx_word' id='word_1_137' title='bbox 1037 1861 1123 1931; x_wconf 76' lang='grc' dir='ltr'><strong><em>ἔλλαν</em></strong></span> <span class='ocrx_word' id='word_1_138' title='bbox 1146 1859 1334 1926; x_wconf 85' lang='lat' dir='ltr'><strong>derivatum</strong></span> <span class='ocrx_word' id='word_1_139' title='bbox 1408 1889 1409 1922; x_wconf 73' lang='lat'>3</span> 
     </span>
     <span class='ocr_line' id='line_1_16' title="bbox 207 1961 1409 2055; baseline -0.007 -22"><span class='ocrx_word' id='word_1_140' title='bbox 207 1967 335 2055; x_wconf 84' lang='lat' dir='ltr'><strong>putavit</strong></span> <span class='ocrx_word' id='word_1_141' title='bbox 356 1968 416 2035; x_wconf 88' lang='lat' dir='ltr'><strong>sed</strong></span> <span class='ocrx_word' id='word_1_142' title='bbox 439 1992 459 2033; x_wconf 85' lang='lat' dir='ltr'><strong>a</strong></span> <span class='ocrx_word' id='word_1_143' title='bbox 482 1990 663 2055; x_wconf 81' lang='lat' dir='ltr'><strong>synonymo</strong></span> <span class='ocrx_word' id='word_1_144' title='bbox 688 1968 832 2052; x_wconf 90' lang='lat' dir='ltr'><strong>quodam</strong></span> <span class='ocrx_word' id='word_1_145' title='bbox 853 1961 959 2043; x_wconf 80' lang='grc' dir='ltr'><strong><em>άλλω,</em></strong></span> <span class='ocrx_word' id='word_1_146' title='bbox 980 1967 1074 2051; x_wconf 81' lang='lat' dir='ltr'><strong>eujus</strong></span> <span class='ocrx_word' id='word_1_147' title='bbox 1095 1962 1337 2029; x_wconf 74' lang='lat' dir='ltr'><strong>inclinamenta</strong></span> <span class='ocrx_word' id='word_1_148' title='bbox 1408 2021 1409 2024; x_wconf 74' lang='grc'><strong><em>,</em></strong></span> 
     </span>
     <span class='ocr_line' id='line_1_17' title="bbox 208 2064 1411 2157; baseline -0.007 -22"><span class='ocrx_word' id='word_1_149' title='bbox 208 2065 301 2148; x_wconf 74' lang='grc' dir='ltr'><strong><em>ἀλείς</em></strong></span> <span class='ocrx_word' id='word_1_150' title='bbox 331 2080 363 2134; x_wconf 87' lang='lat' dir='ltr'><strong>et</strong></span> <span class='ocrx_word' id='word_1_151' title='bbox 390 2064 508 2137; x_wconf 78' lang='grc' dir='ltr'><strong><em>άλιται</em></strong></span> <span class='ocrx_word' id='word_1_152' title='bbox 536 2069 609 2157; x_wconf 87' lang='lat' dir='ltr'><strong>ipse</strong></span> <span class='ocrx_word' id='word_1_153' title='bbox 639 2068 833 2153; x_wconf 80' lang='lat' dir='ltr'><strong>subjicit¹⁸)</strong></span> <span class='ocrx_word' id='word_1_154' title='bbox 863 2068 904 2135; x_wconf 86' lang='lat' dir='ltr'><strong>of.</strong></span> <span class='ocrx_word' id='word_1_155' title='bbox 925 2068 1051 2134; x_wconf 79' lang='lat' dir='ltr'><strong>Techn.</strong></span> <span class='ocrx_word' id='word_1_156' title='bbox 1076 2067 1147 2132; x_wconf 92' lang='grc'><strong>117.</strong></span> <span class='ocrx_word' id='word_1_157' title='bbox 1170 2066 1336 2149; x_wconf 86' lang='lat' dir='ltr'><strong>idemque</strong></span> <span class='ocrx_word' id='word_1_158' title='bbox 1409 2102 1411 2126; x_wconf 60' lang='grc' dir='ltr'><strong>ι</strong></span> 
     </span>
     <span class='ocr_line' id='line_1_18' title="bbox 208 2165 1338 2259; baseline -0.002 -25"><span class='ocrx_word' id='word_1_159' title='bbox 208 2191 364 2257; x_wconf 82' lang='lat' dir='ltr'><strong>praesens</strong></span> <span class='ocrx_word' id='word_1_160' title='bbox 381 2169 633 2255; x_wconf 79' lang='lat' dir='ltr'><strong>praescripsisse</strong></span> <span class='ocrx_word' id='word_1_161' title='bbox 647 2170 833 2237; x_wconf 85' lang='lat' dir='ltr'><strong>videntur&#39;&#39;</strong></span> <span class='ocrx_word' id='word_1_162' title='bbox 811 2195 836 2236; x_wconf 90' lang='grc' dir='ltr'><strong>ιι</strong></span> <span class='ocrx_word' id='word_1_163' title='bbox 853 2171 920 2259; x_wconf 88' lang='lat' dir='ltr'><strong>qui,</strong></span> <span class='ocrx_word' id='word_1_164' title='bbox 942 2170 972 2236; x_wconf 89' lang='lat' dir='ltr'><strong>si</strong></span> <span class='ocrx_word' id='word_1_165' title='bbox 994 2166 1111 2258; x_wconf 70' lang='lat' dir='ltr'><strong>stip-tq</strong></span> <span class='ocrx_word' id='word_1_166' title='bbox 1133 2165 1175 2234; x_wconf 88' lang='lat' dir='ltr'><strong>ab</strong></span> <span class='ocrx_word' id='word_1_167' title='bbox 1197 2167 1338 2251; x_wconf 69' lang='grc' dir='ltr'><strong><em>ἕπομαι</em></strong></span> 
     </span>
     <span class='ocr_line' id='line_1_19' title="bbox 209 2270 1410 2360; baseline -0.005 -24"><span class='ocrx_word' id='word_1_168' title='bbox 209 2270 388 2337; x_wconf 79' lang='lat' dir='ltr'><strong>derivatum</strong></span> <span class='ocrx_word' id='word_1_169' title='bbox 420 2280 579 2348; x_wconf 82' lang='lat' dir='ltr'><strong>sumatur,</strong></span> <span class='ocrx_word' id='word_1_170' title='bbox 618 2270 653 2336; x_wconf 91' lang='lat' dir='ltr'><strong>id</strong></span> <span class='ocrx_word' id='word_1_171' title='bbox 693 2270 811 2353; x_wconf 74' lang='grc' dir='ltr'><strong><em>πάθος</em></strong></span> <span class='ocrx_word' id='word_1_172' title='bbox 841 2278 985 2360; x_wconf 78' lang='grc' dir='ltr'><strong><em>μονῆρις</em></strong></span> <span class='ocrx_word' id='word_1_173' title='bbox 1017 2294 1092 2339; x_wconf 89' lang='lat' dir='ltr'><strong>esse</strong></span> <span class='ocrx_word' id='word_1_174' title='bbox 1125 2270 1339 2338; x_wconf 77' lang='lat' dir='ltr'><strong>contendunt</strong></span> <span class='ocrx_word' id='word_1_175' title='bbox 1409 2329 1410 2332; x_wconf 72' lang='grc'><strong><em>,</em></strong></span> 
     </span>
     <span class='ocr_line' id='line_1_20' title="bbox 206 2348 1412 2461; baseline -0.003 -21.997"><span class='ocrx_word' id='word_1_176' title='bbox 206 2348 317 2461; x_wconf 77' lang='lat' dir='ltr'><strong>bpim.</strong></span> <span class='ocrx_word' id='word_1_177' title='bbox 347 2373 375 2439; x_wconf 92' lang='grc' dir='ltr'><strong>Ι.</strong></span> <span class='ocrx_word' id='word_1_178' title='bbox 411 2372 482 2437; x_wconf 89' lang='grc'><strong>169.</strong></span> <span class='ocrx_word' id='word_1_179' title='bbox 524 2372 718 2439; x_wconf 83' lang='lat' dir='ltr'><strong>Eustathius</strong></span> <span class='ocrx_word' id='word_1_180' title='bbox 747 2374 820 2453; x_wconf 89' lang='grc'><strong>945,</strong></span> <span class='ocrx_word' id='word_1_181' title='bbox 846 2377 900 2441; x_wconf 85' lang='grc'><strong>92.</strong></span> <span class='ocrx_word' id='word_1_182' title='bbox 929 2384 1102 2460; x_wconf 87' lang='lat' dir='ltr'><strong>utrumque</strong></span> <span class='ocrx_word' id='word_1_183' title='bbox 1131 2372 1174 2439; x_wconf 86' lang='lat' dir='ltr'><strong>ab</strong></span> <span class='ocrx_word' id='word_1_184' title='bbox 1198 2372 1274 2440; x_wconf 68' lang='lat' dir='ltr'><strong>ibeo</strong></span> <span class='ocrx_word' id='word_1_185' title='bbox 1297 2380 1339 2435; x_wconf 88' lang='lat' dir='ltr'><strong>et</strong></span> <span class='ocrx_word' id='word_1_186' title='bbox 1410 2401 1412 2435; x_wconf 79' lang='grc'>;</span> 
     </span>
     <span class='ocr_line' id='line_1_21' title="bbox 208 2468 1411 2599; baseline -0.005 -56"><span class='ocrx_word' id='word_1_187' title='bbox 208 2471 287 2543; x_wconf 75' lang='grc' dir='ltr'><strong><em>εἷ’λω</em></strong></span> <span class='ocrx_word' id='word_1_188' title='bbox 309 2474 429 2563; x_wconf 86' lang='lat' dir='ltr'><strong>repetit</strong></span> <span class='ocrx_word' id='word_1_189' title='bbox 450 2474 509 2541; x_wconf 87' lang='lat' dir='ltr'><strong>sed</strong></span> <span class='ocrx_word' id='word_1_190' title='bbox 532 2474 573 2541; x_wconf 89' lang='lat' dir='ltr'><strong>de</strong></span> <span class='ocrx_word' id='word_1_191' title='bbox 594 2474 767 2543; x_wconf 81' lang='lat' dir='ltr'><strong>affectione</strong></span> <span class='ocrx_word' id='word_1_192' title='bbox 787 2487 882 2543; x_wconf 79' lang='lat' dir='ltr'><strong>nutat</strong></span> <span class='ocrx_word' id='word_1_193' title='bbox 905 2478 979 2599; x_wconf 52' lang='lat'><strong>9393</strong></span> <span class='ocrx_word' id='word_1_194' title='bbox 997 2471 1096 2542; x_wconf 85' lang='grc'><strong>48.’</strong></span> <span class='ocrx_word' id='word_1_195' title='bbox 1074 2477 1146 2543; x_wconf 83' lang='grc' dir='ltr'><strong><em>απὸ</em></strong></span> <span class='ocrx_word' id='word_1_196' title='bbox 1168 2498 1228 2543; x_wconf 87' lang='grc' dir='ltr'><strong><em>τον</em></strong></span> <span class='ocrx_word' id='word_1_197' title='bbox 1213 2468 1338 2541; x_wconf 80' lang='grc' dir='ltr'><strong><em>’σι’λω</em></strong></span> <span class='ocrx_word' id='word_1_198' title='bbox 1410 2505 1411 2510; x_wconf 23' lang='grc' dir='ltr'><strong><em>ν</em></strong></span> 
     </span>
     <span class='ocr_line' id='line_1_22' title="bbox 208 2569 1342 2666; baseline -0.006 -21"><span class='ocrx_word' id='word_1_199' title='bbox 208 2573 332 2660; x_wconf 66' lang='grc' dir='ltr'><strong><em>γίνεται</em></strong></span> <span class='ocrx_word' id='word_1_200' title='bbox 368 2570 452 2664; x_wconf 80' lang='grc' dir='ltr'><strong><em>άλην</em></strong></span> <span class='ocrx_word' id='word_1_201' title='bbox 484 2600 541 2643; x_wconf 82' lang='grc' dir='ltr'><strong>και</strong></span> <span class='ocrx_word' id='word_1_202' title='bbox 572 2578 776 2666; x_wconf 79' lang='grc' dir='ltr'><strong><em>πλεονασμῷ</em></strong></span> <span class='ocrx_word' id='word_1_203' title='bbox 808 2573 968 2664; x_wconf 75' lang='grc' dir='ltr'><strong><em>ἕάλην·’</em></strong></span> <span class='ocrx_word' id='word_1_204' title='bbox 955 2574 977 2664; x_wconf 80' lang='grc' dir='ltr'><em>ἠ</em></span> <span class='ocrx_word' id='word_1_205' title='bbox 1008 2581 1129 2654; x_wconf 80' lang='grc' dir='ltr'><strong><em>κοινῶς</em></strong></span> <span class='ocrx_word' id='word_1_206' title='bbox 1161 2569 1244 2662; x_wconf 86' lang='grc' dir='ltr'><strong><em>ηλην</em></strong></span> <span class='ocrx_word' id='word_1_207' title='bbox 1275 2598 1342 2639; x_wconf 89' lang='grc' dir='ltr'><strong><em>ιναι</em></strong></span> 
     </span>
     <span class='ocr_line' id='line_1_23' title="bbox 209 2672 1340 2764; baseline -0.005 -20"><span class='ocrx_word' id='word_1_208' title='bbox 209 2674 360 2745; x_wconf 78' lang='grc' dir='ltr'><strong><em>διαλύσει</em></strong></span> <span class='ocrx_word' id='word_1_209' title='bbox 389 2672 496 2763; x_wconf 77' lang='grc' dir='ltr'><strong><em>ἕάλην.</em></strong></span> <span class='ocrx_word' id='word_1_210' title='bbox 547 2676 623 2743; x_wconf 85' lang='grc' dir='ltr'><strong><em>Ηοα</em></strong></span> <span class='ocrx_word' id='word_1_211' title='bbox 654 2679 786 2746; x_wconf 90' lang='lat' dir='ltr'><strong>nomine</strong></span> <span class='ocrx_word' id='word_1_212' title='bbox 811 2680 891 2746; x_wconf 84' lang='lat' dir='ltr'><strong>EM.</strong></span> <span class='ocrx_word' id='word_1_213' title='bbox 920 2679 1002 2757; x_wconf 85' lang='grc'><strong>907,</strong></span> <span class='ocrx_word' id='word_1_214' title='bbox 1030 2679 1061 2744; x_wconf 91' lang='grc'><strong>2.</strong></span> <span class='ocrx_word' id='word_1_215' title='bbox 1086 2676 1230 2764; x_wconf 85' lang='lat' dir='ltr'><strong>explicat</strong></span> <span class='ocrx_word' id='word_1_216' title='bbox 1251 2696 1340 2762; x_wconf 85' lang='lat' dir='ltr'><strong>per-</strong></span> 
     </span>
     <span class='ocr_line' id='line_1_24' title="bbox 208 2774 1343 2865; baseline -0.001 -23"><span class='ocrx_word' id='word_1_217' title='bbox 208 2776 329 2843; x_wconf 82' lang='lat' dir='ltr'><strong>iootum</strong></span> <span class='ocrx_word' id='word_1_218' title='bbox 351 2774 434 2845; x_wconf 71' lang='grc' dir='ltr'><strong><em>ἕαδα</em></strong></span> <span class='ocrx_word' id='word_1_219' title='bbox 456 2788 543 2864; x_wconf 88' lang='lat' dir='ltr'><strong>etp.</strong></span> <span class='ocrx_word' id='word_1_220' title='bbox 566 2778 640 2857; x_wconf 82' lang='lat'><strong>367,</strong></span> <span class='ocrx_word' id='word_1_221' title='bbox 662 2779 693 2845; x_wconf 86' lang='lat'><strong>5.</strong></span> <span class='ocrx_word' id='word_1_222' title='bbox 721 2782 877 2847; x_wconf 86' lang='lat' dir='ltr'><strong>aoristum</strong></span> <span class='ocrx_word' id='word_1_223' title='bbox 906 2781 1008 2860; x_wconf 74' lang='grc' dir='ltr'><strong><em>ἑάοα,</em></strong></span> <span class='ocrx_word' id='word_1_224' title='bbox 1039 2802 1138 2865; x_wconf 90' lang='lat' dir='ltr'><strong>quem</strong></span> <span class='ocrx_word' id='word_1_225' title='bbox 1161 2776 1343 2864; x_wconf 81' lang='lat' dir='ltr'><strong>Didymus</strong></span> 
     </span>
     <span class='ocr_line' id='line_1_25' title="bbox 209 2868 1344 2968; baseline 0.002 -25"><span class='ocrx_word' id='word_1_226' title='bbox 209 2878 242 2943; x_wconf 91' lang='lat' dir='ltr'><strong>in</strong></span> <span class='ocrx_word' id='word_1_227' title='bbox 269 2878 309 2945; x_wconf 91' lang='grc' dir='ltr'><strong>ΙΙ.</strong></span> <span class='ocrx_word' id='word_1_228' title='bbox 331 2878 465 2947; x_wconf 88' lang='lat' dir='ltr'>XXIV.</span> <span class='ocrx_word' id='word_1_229' title='bbox 488 2878 561 2945; x_wconf 93' lang='grc'><strong>557.</strong></span> <span class='ocrx_word' id='word_1_230' title='bbox 591 2893 748 2967; x_wconf 79' lang='lat' dir='ltr'><strong>posuerat</strong></span> <span class='ocrx_word' id='word_1_231' title='bbox 775 2893 930 2968; x_wconf 86' lang='lat' dir='ltr'><strong>tanquam</strong></span> <span class='ocrx_word' id='word_1_232' title='bbox 959 2882 1155 2947; x_wconf 89' lang='lat' dir='ltr'><strong>dissolutum</strong></span> <span class='ocrx_word' id='word_1_233' title='bbox 1183 2900 1225 2945; x_wconf 87' lang='lat' dir='ltr'><strong>ex</strong></span> <span class='ocrx_word' id='word_1_234' title='bbox 1253 2868 1344 2967; x_wconf 84' lang='grc' dir='ltr'><strong><em>ἧσα,</em></strong></span> 
     </span>
     <span class='ocr_line' id='line_1_26' title="bbox 209 2976 1346 3072; baseline 0.001 -27"><span class='ocrx_word' id='word_1_235' title='bbox 209 2998 271 3047; x_wconf 85' lang='lat' dir='ltr'><strong>neo</strong></span> <span class='ocrx_word' id='word_1_236' title='bbox 305 2980 399 3047; x_wconf 81' lang='lat' dir='ltr'><strong>aliter</strong></span> <span class='ocrx_word' id='word_1_237' title='bbox 427 2979 538 3048; x_wconf 89' lang='lat' dir='ltr'><strong>Sobol.</strong></span> <span class='ocrx_word' id='word_1_238' title='bbox 574 2982 675 3049; x_wconf 76' lang='lat' dir='ltr'><strong>Aiist.</strong></span> <span class='ocrx_word' id='word_1_239' title='bbox 711 2982 799 3049; x_wconf 86' lang='lat' dir='ltr'><strong>Plut.</strong></span> <span class='ocrx_word' id='word_1_240' title='bbox 828 2983 902 3049; x_wconf 88' lang='grc'><strong>545.</strong></span> <span class='ocrx_word' id='word_1_241' title='bbox 931 2976 995 3072; x_wconf 81' lang='grc' dir='ltr'><strong><em>ἦγα</em></strong></span> <span class='ocrx_word' id='word_1_242' title='bbox 1029 2982 1086 3052; x_wconf 78' lang='grc' dir='ltr'><strong><em>καὶ</em></strong></span> <span class='ocrx_word' id='word_1_243' title='bbox 1115 2983 1149 3051; x_wconf 79' lang='grc' dir='ltr'><strong><em>ἐν</em></strong></span> <span class='ocrx_word' id='word_1_244' title='bbox 1177 2976 1346 3049; x_wconf 75' lang='grc' dir='ltr'><strong><em>διαλύσει</em></strong></span> 
     </span>
     <span class='ocr_line' id='line_1_27' title="bbox 210 3078 1346 3174; baseline -0.004 -23"><span class='ocrx_word' id='word_1_245' title='bbox 210 3080 294 3166; x_wconf 72' lang='grc' dir='ltr'><strong><em>ἕαγα</em></strong></span> <span class='ocrx_word' id='word_1_246' title='bbox 322 3094 355 3149; x_wconf 89' lang='lat' dir='ltr'><strong>et</strong></span> <span class='ocrx_word' id='word_1_247' title='bbox 384 3081 529 3149; x_wconf 84' lang='lat' dir='ltr'><strong>Thomas</strong></span> <span class='ocrx_word' id='word_1_248' title='bbox 557 3084 685 3171; x_wconf 80' lang='grc' dir='ltr'><strong><em>κατῆξα</em></strong></span> <span class='ocrx_word' id='word_1_249' title='bbox 714 3083 800 3151; x_wconf 82' lang='grc' dir='ltr'><strong><em>κατὰ</em></strong></span> <span class='ocrx_word' id='word_1_250' title='bbox 826 3078 963 3174; x_wconf 75' lang='grc' dir='ltr'><strong><em>άττικὴν</em></strong></span> <span class='ocrx_word' id='word_1_251' title='bbox 991 3081 1145 3153; x_wconf 76' lang='grc' dir='ltr'><strong><em>διάλυσιν</em></strong></span> <span class='ocrx_word' id='word_1_252' title='bbox 1172 3080 1346 3159; x_wconf 83' lang='grc' dir='ltr'><strong><em>κατέαξα,</em></strong></span> 
     </span>
     <span class='ocr_line' id='line_1_28' title="bbox 210 3182 1345 3273; baseline -0.003 -24"><span class='ocrx_word' id='word_1_253' title='bbox 210 3186 303 3269; x_wconf 80' lang='lat' dir='ltr'><strong>eujus</strong></span> <span class='ocrx_word' id='word_1_254' title='bbox 324 3184 414 3252; x_wconf 85' lang='lat' dir='ltr'><strong>verbi</strong></span> <span class='ocrx_word' id='word_1_255' title='bbox 427 3183 534 3273; x_wconf 73' lang='lat' dir='ltr'><strong>&#39;stbe</strong></span> <span class='ocrx_word' id='word_1_256' title='bbox 560 3196 676 3252; x_wconf 85' lang='lat' dir='ltr'><strong>natura</strong></span> <span class='ocrx_word' id='word_1_257' title='bbox 696 3187 832 3273; x_wconf 80' lang='lat' dir='ltr'><strong>longum</strong></span> <span class='ocrx_word' id='word_1_258' title='bbox 853 3186 1075 3272; x_wconf 86' lang='lat' dir='ltr'><strong>subsequente</strong></span> <span class='ocrx_word' id='word_1_259' title='bbox 1097 3203 1246 3250; x_wconf 78' lang='lat' dir='ltr'><strong>consona</strong></span> <span class='ocrx_word' id='word_1_260' title='bbox 1271 3182 1345 3247; x_wconf 89' lang='lat' dir='ltr'><strong>du·</strong></span> 
     </span>
     <span class='ocr_line' id='line_1_29' title="bbox 211 3282 1347 3372; baseline -0.002 -23"><span class='ocrx_word' id='word_1_261' title='bbox 211 3282 290 3370; x_wconf 78' lang='lat' dir='ltr'><strong>phoi</strong></span> <span class='ocrx_word' id='word_1_262' title='bbox 320 3285 439 3371; x_wconf 81' lang='lat' dir='ltr'><strong>corripi</strong></span> <span class='ocrx_word' id='word_1_263' title='bbox 469 3286 537 3351; x_wconf 77' lang='lat' dir='ltr'><strong>dixi</strong></span> <span class='ocrx_word' id='word_1_264' title='bbox 566 3287 599 3353; x_wconf 90' lang='lat' dir='ltr'><strong>in</strong></span> <span class='ocrx_word' id='word_1_265' title='bbox 625 3288 744 3353; x_wconf 85' lang='lat' dir='ltr'><strong>Parall.</strong></span> <span class='ocrx_word' id='word_1_266' title='bbox 776 3288 849 3353; x_wconf 89' lang='grc'><strong>400.</strong></span> <span class='ocrx_word' id='word_1_267' title='bbox 902 3287 972 3355; x_wconf 82' lang='lat' dir='ltr'><strong>Sed</strong></span> <span class='ocrx_word' id='word_1_268' title='bbox 997 3288 1135 3372; x_wconf 85' lang='lat' dir='ltr'><strong>longum</strong></span> <span class='ocrx_word' id='word_1_269' title='bbox 1161 3292 1277 3349; x_wconf 85' lang='lat' dir='ltr'><strong>manet</strong></span> <span class='ocrx_word' id='word_1_270' title='bbox 1304 3282 1347 3348; x_wconf 91' lang='lat' dir='ltr'><strong>in</strong></span> 
     </span>
    </p>
   </div>
   <div class='ocr_carea' id='block_1_3' title="bbox 211 3382 1350 3980">
    <p class='ocr_par' dir='ltr' id='par_1_3' title="bbox 211 3382 1350 3980">
     <span class='ocr_line' id='line_1_30' title="bbox 212 3382 1347 3476; baseline 0.002 -27"><span class='ocrx_word' id='word_1_271' title='bbox 212 3382 296 3451; x_wconf 73' lang='grc' dir='ltr'><strong><em>ἕαδα</em></strong></span> <span class='ocrx_word' id='word_1_272' title='bbox 319 3396 352 3449; x_wconf 87' lang='lat' dir='ltr'><strong>et</strong></span> <span class='ocrx_word' id='word_1_273' title='bbox 380 3382 494 3452; x_wconf 79' lang='grc' dir='ltr'><strong><em>ἑάλων.</em></strong></span> <span class='ocrx_word' id='word_1_274' title='bbox 540 3387 651 3469; x_wconf 84' lang='lat' dir='ltr'><strong>Quare</strong></span> <span class='ocrx_word' id='word_1_275' title='bbox 680 3390 737 3473; x_wconf 86' lang='lat' dir='ltr'><strong>qui</strong></span> <span class='ocrx_word' id='word_1_276' title='bbox 763 3387 846 3455; x_wconf 82' lang='lat' dir='ltr'><strong>haee</strong></span> <span class='ocrx_word' id='word_1_277' title='bbox 867 3409 1000 3476; x_wconf 86' lang='lat' dir='ltr'><strong>quoque</strong></span> <span class='ocrx_word' id='word_1_278' title='bbox 1023 3386 1184 3454; x_wconf 83' lang='lat' dir='ltr'><strong>dissoluta</strong></span> <span class='ocrx_word' id='word_1_279' title='bbox 1206 3384 1347 3465; x_wconf 82' lang='lat' dir='ltr'><strong>dieunt,</strong></span> 
     </span>
     <span class='ocr_line' id='line_1_31' title="bbox 212 3486 1347 3572; baseline 0.006 -24"><span class='ocrx_word' id='word_1_280' title='bbox 212 3502 327 3569; x_wconf 82' lang='lat' dir='ltr'><strong>pamm</strong></span> <span class='ocrx_word' id='word_1_281' title='bbox 355 3486 488 3571; x_wconf 75' lang='lat' dir='ltr'><strong>proprie</strong></span> <span class='ocrx_word' id='word_1_282' title='bbox 517 3488 702 3572; x_wconf 87' lang='lat' dir='ltr'><strong>loquuntur.</strong></span> <span class='ocrx_word' id='word_1_283' title='bbox 750 3490 880 3558; x_wconf 86' lang='lat' dir='ltr'><strong>Enimie</strong></span> <span class='ocrx_word' id='word_1_284' title='bbox 902 3512 980 3557; x_wconf 83' lang='lat' dir='ltr'><strong>vero</strong></span> <span class='ocrx_word' id='word_1_285' title='bbox 1005 3488 1159 3555; x_wconf 82' lang='lat' dir='ltr'><strong>convenit</strong></span> <span class='ocrx_word' id='word_1_286' title='bbox 1181 3487 1247 3554; x_wconf 87' lang='lat' dir='ltr'><strong>hoo</strong></span> <span class='ocrx_word' id='word_1_287' title='bbox 1271 3510 1347 3555; x_wconf 85' lang='lat' dir='ltr'><strong>no-</strong></span> 
     </span>
     <span class='ocr_line' id='line_1_32' title="bbox 211 3582 1347 3683; baseline 0.007 -34"><span class='ocrx_word' id='word_1_288' title='bbox 211 3602 286 3649; x_wconf 86' lang='lat' dir='ltr'><strong>men</strong></span> <span class='ocrx_word' id='word_1_289' title='bbox 256 3582 526 3683; x_wconf 84' lang='lat' dir='ltr'><strong>diphthongo,</strong></span> <span class='ocrx_word' id='word_1_290' title='bbox 550 3588 590 3654; x_wconf 88' lang='lat' dir='ltr'><strong>de</strong></span> <span class='ocrx_word' id='word_1_291' title='bbox 613 3611 678 3676; x_wconf 88' lang='lat' dir='ltr'><strong>qua</strong></span> <span class='ocrx_word' id='word_1_292' title='bbox 698 3592 908 3657; x_wconf 84' lang='lat' dir='ltr'><strong>Herodianus</strong></span> <span class='ocrx_word' id='word_1_293' title='bbox 929 3591 1000 3678; x_wconf 86' lang='lat' dir='ltr'><strong>ogit</strong></span> <span class='ocrx_word' id='word_1_294' title='bbox 1022 3590 1123 3656; x_wconf 85' lang='lat' dir='ltr'><strong>adIl.</strong></span> <span class='ocrx_word' id='word_1_295' title='bbox 1136 3590 1240 3656; x_wconf 89' lang='lat' dir='ltr'>XIII.</span> <span class='ocrx_word' id='word_1_296' title='bbox 1258 3589 1347 3657; x_wconf 80' lang='lat'><strong>543.</strong></span> 
     </span>
     <span class='ocr_line' id='line_1_33' title="bbox 212 3684 1350 3817; baseline 0.011 -68"><span class='ocrx_word' id='word_1_297' title='bbox 212 3708 288 3781; x_wconf 59' lang='grc' dir='ltr'><strong><em>η-ει</em></strong></span> <span class='ocrx_word' id='word_1_298' title='bbox 317 3684 350 3752; x_wconf 78' lang='grc' dir='ltr'><strong><em>ἐν</em></strong></span> <span class='ocrx_word' id='word_1_299' title='bbox 378 3710 450 3763; x_wconf 86' lang='grc' dir='ltr'><strong><em>τοις</em></strong></span> <span class='ocrx_word' id='word_1_300' title='bbox 475 3690 728 3777; x_wconf 79' lang='grc' dir='ltr'><strong><em>παρῳχημένοις</em></strong></span> <span class='ocrx_word' id='word_1_301' title='bbox 754 3688 964 3817; x_wconf 70' lang='lat' dir='ltr'><strong>dpxoooo,</strong></span> <span class='ocrx_word' id='word_1_302' title='bbox 933 3718 965 3761; x_wconf 84' lang='grc' dir='ltr'><strong>ει</strong></span> <span class='ocrx_word' id='word_1_303' title='bbox 987 3694 1171 3780; x_wconf 80' lang='grc' dir='ltr'><strong><em>διανοοῖτο,</em></strong></span> <span class='ocrx_word' id='word_1_304' title='bbox 1198 3687 1251 3769; x_wconf 81' lang='grc' dir='ltr'><strong>εἷς</strong></span> <span class='ocrx_word' id='word_1_305' title='bbox 1273 3689 1350 3759; x_wconf 79' lang='grc' dir='ltr'><strong>δύο</strong></span> 
     </span>
     <span class='ocr_line' id='line_1_34' title="bbox 213 3780 1349 3890; baseline 0.003 -37"><span class='ocrx_word' id='word_1_306' title='bbox 213 3804 247 3853; x_wconf 80' lang='grc' dir='ltr'><strong>ιι</strong></span> <span class='ocrx_word' id='word_1_307' title='bbox 254 3786 470 3887; x_wconf 78' lang='grc' dir='ltr'><strong><em>διαιρεῖται,</em></strong></span> <span class='ocrx_word' id='word_1_308' title='bbox 454 3780 642 3887; x_wconf 35' lang='lat' dir='ltr'><strong>&#39;‘eipso&#39;‘</strong></span> <span class='ocrx_word' id='word_1_309' title='bbox 619 3816 724 3881; x_wconf 82' lang='grc' dir='ltr'><strong><em>ειρτο,</em></strong></span> <span class='ocrx_word' id='word_1_310' title='bbox 747 3788 857 3881; x_wconf 76' lang='grc' dir='ltr'><strong><em>αιἠγνσ</em></strong></span> <span class='ocrx_word' id='word_1_311' title='bbox 879 3791 993 3882; x_wconf 80' lang='grc' dir='ltr'><strong><em>ἐέργνυ</em></strong></span> <span class='ocrx_word' id='word_1_312' title='bbox 1015 3804 1048 3859; x_wconf 89' lang='lat' dir='ltr'><strong>et</strong></span> <span class='ocrx_word' id='word_1_313' title='bbox 1068 3792 1209 3890; x_wconf 85' lang='lat' dir='ltr'><strong>Epim.</strong></span> <span class='ocrx_word' id='word_1_314' title='bbox 1205 3792 1233 3857; x_wconf 92' lang='grc' dir='ltr'><strong>Ι.</strong></span> <span class='ocrx_word' id='word_1_315' title='bbox 1261 3792 1349 3860; x_wconf 89' lang='grc'><strong>169.</strong></span> 
     </span>
     <span class='ocr_line' id='line_1_35' title="bbox 212 3872 1349 3980; baseline 0.012 -29"><span class='ocrx_word' id='word_1_316' title='bbox 212 3872 287 3975; x_wconf 71' lang='grc' dir='ltr'><em>ἢ</em></span> <span class='ocrx_word' id='word_1_317' title='bbox 257 3910 287 3952; x_wconf 81' lang='grc' dir='ltr'><strong>ιι</strong></span> <span class='ocrx_word' id='word_1_318' title='bbox 310 3882 359 3963; x_wconf 79' lang='grc' dir='ltr'><strong>εἷς</strong></span> <span class='ocrx_word' id='word_1_319' title='bbox 377 3882 436 3955; x_wconf 82' lang='grc' dir='ltr'><strong>δύο</strong></span> <span class='ocrx_word' id='word_1_320' title='bbox 459 3913 492 3956; x_wconf 84' lang='grc' dir='ltr'><strong>ιι</strong></span> <span class='ocrx_word' id='word_1_321' title='bbox 513 3889 680 3961; x_wconf 75' lang='grc' dir='ltr'><strong><em>διίσταται</em></strong></span> <span class='ocrx_word' id='word_1_322' title='bbox 702 3891 806 3979; x_wconf 74' lang='grc' dir='ltr'><strong><em>ἔερτο,</em></strong></span> <span class='ocrx_word' id='word_1_323' title='bbox 828 3890 990 3980; x_wconf 78' lang='grc' dir='ltr'><strong><em>ἐέργει,</em></strong></span> <span class='ocrx_word' id='word_1_324' title='bbox 968 3922 988 3979; x_wconf 90' lang='grc' dir='ltr'><strong><em>η</em></strong></span> <span class='ocrx_word' id='word_1_325' title='bbox 1012 3891 1061 3972; x_wconf 79' lang='grc' dir='ltr'><strong>εἷς</strong></span> <span class='ocrx_word' id='word_1_326' title='bbox 1079 3920 1097 3963; x_wconf 88' lang='lat' dir='ltr'><strong>e</strong></span> <span class='ocrx_word' id='word_1_327' title='bbox 1113 3894 1172 3962; x_wconf 86' lang='grc' dir='ltr'><strong><em>καὶ</em></strong></span> <span class='ocrx_word' id='word_1_328' title='bbox 1190 3920 1204 3961; x_wconf 87' lang='grc' dir='ltr'><strong>ι</strong></span> <span class='ocrx_word' id='word_1_329' title='bbox 1220 3892 1349 3977; x_wconf 66' lang='grc' dir='ltr'><strong><em>ἐΐσκω,</em></strong></span> 
     </span>
    </p>
   </div>
   <div class='ocr_carea' id='block_1_4' title="bbox 225 4042 550 4058">
    <p class='ocr_par' dir='ltr' id='par_1_4' title="bbox 225 4042 550 4058">
     <span class='ocr_line' id='line_1_36' title="bbox 225 4042 550 4058; baseline 0.009 -3"><span class='ocrx_word' id='word_1_330' title='bbox 225 4042 550 4058; x_wconf 55' lang='lat' dir='ltr'><strong>m</strong></span> 
     </span>
    </p>
   </div>
   <div class='ocr_carea' id='block_1_5' title="bbox 284 4134 1186 4218">
    <p class='ocr_par' dir='ltr' id='par_1_5' title="bbox 284 4134 1186 4218">
     <span class='ocr_line' id='line_1_37' title="bbox 284 4134 1186 4218; baseline 0.008 -22"><span class='ocrx_word' id='word_1_331' title='bbox 284 4134 626 4213; x_wconf 76' lang='lat' dir='ltr'><strong>1³)Qu0dtnfineiill1os</strong></span> <span class='ocrx_word' id='word_1_332' title='bbox 645 4144 743 4202; x_wconf 80' lang='lat' dir='ltr'><strong>scholii</strong></span> <span class='ocrx_word' id='word_1_333' title='bbox 761 4144 850 4218; x_wconf 83' lang='lat' dir='ltr'><strong>legiut</strong></span> <span class='ocrx_word' id='word_1_334' title='bbox 833 4167 913 4203; x_wconf 72' lang='lat' dir='ltr'><strong>urso</strong></span> <span class='ocrx_word' id='word_1_335' title='bbox 904 4144 962 4203; x_wconf 77' lang='grc' dir='ltr'><strong>δὲ</strong></span> <span class='ocrx_word' id='word_1_336' title='bbox 981 4144 1028 4202; x_wconf 80' lang='grc' dir='ltr'><strong><em>ὅλα</em></strong></span> <span class='ocrx_word' id='word_1_337' title='bbox 1030 4166 1047 4202; x_wconf 90' lang='grc' dir='ltr'><strong><em>ν</em></strong></span> <span class='ocrx_word' id='word_1_338' title='bbox 1065 4150 1186 4217; x_wconf 77' lang='grc' dir='ltr'><strong><em>γέγονεν</em></strong></span> 
     </span>
    </p>
   </div>
   <div class='ocr_carea' id='block_1_6' title="bbox 214 4168 1352 4371">
    <p class='ocr_par' dir='ltr' id='par_1_6' title="bbox 214 4168 1352 4369">
     <span class='ocr_line' id='line_1_38' title="bbox 214 4168 1352 4310; baseline 0.006 -25.121"><span class='ocrx_word' id='word_1_339' title='bbox 214 4222 297 4283; x_wconf 73' lang='grc' dir='ltr'><strong><em>ἀλῶν</em></strong></span> <span class='ocrx_word' id='word_1_340' title='bbox 298 4226 421 4288; x_wconf 79' lang='grc' dir='ltr'><strong><em>ὸπαῶλν</em></strong></span> <span class='ocrx_word' id='word_1_341' title='bbox 423 4230 622 4301; x_wconf 78' lang='lat' dir='ltr'><strong>‚Herodianus</strong></span> <span class='ocrx_word' id='word_1_342' title='bbox 635 4239 683 4287; x_wconf 85' lang='lat' dir='ltr'><strong>eut</strong></span> <span class='ocrx_word' id='word_1_343' title='bbox 694 4251 752 4290; x_wconf 91' lang='lat' dir='ltr'><strong>non</strong></span> <span class='ocrx_word' id='word_1_344' title='bbox 766 4233 846 4310; x_wconf 74' lang='lat' dir='ltr'><strong>dixit,</strong></span> <span class='ocrx_word' id='word_1_345' title='bbox 863 4233 980 4292; x_wconf 78' lang='lat' dir='ltr'><strong>eutelio</strong></span> <span class='ocrx_word' id='word_1_346' title='bbox 994 4233 1059 4291; x_wconf 85' lang='lat' dir='ltr'><strong>looo</strong></span> <span class='ocrx_word' id='word_1_347' title='bbox 1072 4231 1147 4291; x_wconf 85' lang='lat' dir='ltr'><strong>dixit</strong></span> <span class='ocrx_word' id='word_1_348' title='bbox 1161 4250 1262 4292; x_wconf 83' lang='lat' dir='ltr'><strong>seeum</strong></span> <span class='ocrx_word' id='word_1_349' title='bbox 1207 4168 1352 4292; x_wconf 66' lang='lat' dir='ltr'><strong>mdis·</strong></span> 
     </span>
     <span class='ocr_line' id='line_1_39' title="bbox 214 4308 346 4371; baseline 0.008 -2"><span class='ocrx_word' id='word_1_350' title='bbox 214 4308 346 4371; x_wconf 78' lang='lat' dir='ltr'><strong>tentione.</strong></span> 
     </span>
    </p>
   </div>
   <div class='ocr_carea' id='block_1_7' title="bbox 0 0 1429 4809">
    <p class='ocr_par' dir='ltr' id='par_1_7' title="bbox 0 0 1429 4809">
     <span class='ocr_line' id='line_1_40' title="bbox 0 0 1429 4809; baseline 0 0"><span class='ocrx_word' id='word_1_351' title='bbox 0 0 1429 4809; x_wconf 95' lang='lat' dir='ltr'><strong> </strong></span> 
     </span>
    </p>
   </div>
  </div>
 </body>
</html>
