2825 4809
147 320 202 391 m
218 318 482 390 Paosrunsr
502 318 564 387 nu
585 318 850 409 neumausi
884 320 923 392 c.
938 322 967 391 1.
996 294 1066 410 §.el
1114 326 1164 402 et

85 507 198 579 Bellieni
227 507 348 575 amoti.
376 508 419 575 ed
446 505 539 595 synt
561 508 634 577 352.
662 520 696 575 et
717 510 798 577 ΕΜ.
821 510 899 590 141,
922 510 974 579 53.
1017 512 1053 578 Ie
1076 512 1163 579 enim

84 621 184 699 septem
203 630 391 676 enumerans
413 602 524 681 τοῦίἶ
536 610 792 697 significationes
813 612 908 679 tertio
928 614 1003 679 loco
1025 614 1165 681 collocat

84 714 112 781 ul
127 708 209 793 ὁμοῖν,
229 723 321 777 sexto
343 708 512 799 ἄθροισιν.
554 715 600 780 Et
621 714 895 800 pneumatologue
915 715 971 780 ille
985 715 1007 781 l.
1023 738 1052 781 e.
1073 738 1163 781 com·

82 812 233 881 memoratis
252 814 368 880 ceteris
394 810 494 895 ὁμοῖν,
515 812 589 883 ἴσον
612 826 671 881 etc.
699 814 844 884 audiret
866 817 905 885 δὲ
925 812 1086 900 ἄθροισιν
1105 840 1165 905 αη-

37 942 38 947 *
81 916 180 999 μαίνει,
204 913 380 983 δασύνεται
406 908 479 983 οἷον
504 915 605 995 δι’ντας.
653 916 694 982 Id
719 917 870 985 univerae
895 917 1057 1005 praecipit
1082 918 1163 983 ΕΜ.

81 1017 121 1093 25,
138 1016 183 1082 54.
205 1038 280 1082 cum
305 1018 376 1083 aliis
401 1017 439 1083 τδ
465 1013 686 1101 ἀθροιστικὸν
702 1005 745 1085 ἀ’
760 1017 949 1097 δασύνεται,
979 1040 1087 1107 neque
1111 1040 1164 1085 re·-

81 1127 201 1203 pugnant
222 1117 424 1186 substantiva
446 1142 465 1184 a
485 1120 637 1185 Poreono
660 1119 702 1184 ad
721 1117 1032 1187 Seh01.0u1.26.
1055 1141 1163 1207 oppo-

81 1218 125 1284 rita
142 1212 257 1301 ἄλοχος
285 1230 318 1285 et
343 1216 506 1307 dictatorie,
532 1242 607 1285 nam
629 1220 710 1286 haec
732 1231 764 1286 et
787 1231 895 1287 cetera
918 1214 1061 1301 ἄκοιτις,
1082 1217 1165 1307 ύγύ·

37 1396 38 1399 ¹
80 1342 180 1403 σιορες,
207 1316 392 1403 ἇγάλακττς
416 1342 483 1387 nou
509 1318 700 1407 ύθροισμόν
725 1323 911 1409 significant
935 1322 994 1389 ced
1019 1323 1166 1411 ringulae

78 1440 210 1505 personae
219 1421 285 1505 ⁴⁶).
304 1422 418 1509 Alphe
430 1423 653 1510 congregativi
667 1425 817 1511 exempla
832 1424 898 1490 duo
914 1424 1007 1490 affert
1017 1423 1166 1492 Choero-

78 1520 171 1585 basum
192 1520 276 1587 Can.
293 1522 433 1600 266,10.
456 1520 588 1610 ἁθρόον
609 1520 681 1593 ἀντὶ
702 1531 762 1592 τοῦ
784 1522 872 1606 ὁμσῦ
893 1535 927 1592 et
947 1523 1053 1605 daos,
1076 1526 1166 1613 quod

78 1621 158 1687 solum
176 1624 270 1689 novit
292 1622 403 1691 Schol.
429 1625 473 1689 ad
493 1625 606 1711 Apoll.
631 1625 725 1711 Synt.
739 1626 813 1692 387.
834 1630 978 1715 μονῆρας
998 1626 1037 1692 τὸ
1059 1624 1167 1707 ἅπας’

78 1720 125 1791 εἴτε
146 1724 205 1807 γὰρ
237 1724 278 1791 τὸ
307 1729 377 1804 aug
407 1724 558 1812 φήσομεν
588 1725 731 1807 ἐντελὲς,
761 1724 927 1796 oeream
954 1728 1169 1808 πλεονασμὸς

76 1820 260 1902 demorendo,
286 1818 353 1891 εἴτε
376 1824 414 1890 τὸ
439 1824 544 1903 ἅπας,
572 1820 737 1896 alutam
759 1827 845 1895 δασύ
866 1823 1081 1916 ἀφαιρεῖται·
1107 1828 1167 1894 red

75 1923 213 2009 geminum
235 1924 331 1989 addit
350 1926 430 1992 ΕΜ.
451 1926 526 2004 666,
547 1928 599 1993 20.
623 1926 660 1993 αδ
677 1914 715 1995 ’ἆ
730 1925 907 1995 δασύνεται
929 1925 1037 1995 ἔναντα
1058 1927 1171 2015 tumui«
1204 1966 1209 1969 ·

74 2050 137 2104 στος
164 2027 196 2093 ἕν
229 2032 280 2112 τῷ
309 2026 455 2114 ἅθρους·
486 2024 545 2094 οὐκ
579 2021 861 2113 δι’ρααακιύλσται
891 2025 930 2093 erl
965 2024 1170 2112 ὅσας-περὶ

74 2132 183 2193 aalide.
238 2127 310 2193 Hic
339 2127 432 2206 ἅπας
466 2128 536 2193 eine
563 2127 666 2195 dubio
697 2128 812 2195 eadem
843 2128 969 2215 ratione
1001 2150 1067 2214 qua
1098 2128 1170 2210 ἅμα

73 2227 185 2313 aspirari
204 2229 350 2316 putavit,
374 2224 505 2315 ἁθρόος
527 2240 635 2296 autem
650 2229 757 2317 magia
775 2228 934 2295 diastolue
954 2252 1054 2296 cauea
1070 2252 1169 2315 quam

74 2328 212 2413 siguificat
249 2324 502 2396 Choeroboecue
535 2331 556 2395 1.
587 2353 615 2396 c.
647 2327 778 2417 ἀθρόαν
812 2326 885 2397 ἀντὶ
916 2334 977 2397 τοῦ
1011 2330 1170 2419 ἐξαίφνης

71 2432 210 2511 διδοῦναι
240 2442 276 2497 et
304 2432 344 2497 ab
373 2428 435 2497 hoc
461 2432 674 2513 Herodianus
699 2431 740 2498 ll.
762 2430 846 2499 XII.
866 2430 942 2499 391.
969 2429 1169 2519 distinguere

71 2528 176 2595 videtu
190 2532 390 2617 adjectivum
406 2534 584 2620 aspiratum
601 2556 701 2620 quum
719 2532 848 2601 vocales
863 2543 939 2599 aute
949 2521 1002 2617 ῖῖρ
1020 2532 1174 2619 spiritum

69 2630 153 2699 leuem
169 2632 295 2699 habere
312 2633 391 2699 dicit
409 2629 659 2713 ὑπεσταλμένον
673 2637 734 2701 τοῦ
751 2633 883 2719 ἅθρους
897 2634 986 2718 ναούς
1004 2632 1171 2721 διάφορον

70 2730 306 2817 σημαινόμενον.
349 2734 420 2803 Sed
445 2732 514 2801 sine
541 2734 641 2801 dubio
667 2756 769 2801 unum
796 2734 902 2813 solum
926 2745 1016 2803 extat
1040 2731 1171 2822 ἁθρόος

71 2834 198 2915 quamvis
208 2835 357 2908 variante
368 2846 505 2906 accentu
515 2846 548 2903 ct
559 2836 676 2923 spiritu
687 2836 784 2902 etiam
798 2835 834 2901 iu
844 2835 996 2902 derivatis
1009 2830 1172 2919 ἄδρσίζιο,

70 2928 261 3021 ἒταδρσίζω,
285 2959 370 3023 quae
391 2937 578 3023 improbant
599 2937 713 3005 critici
734 2960 764 3002 v.
780 2936 927 3006 Meiuek·
947 2936 1076 3005 Deleet.
1098 2936 1171 3001 136.

69 3034 110 3100 Sic
124 3036 221 3104 etiam
232 3038 505 3125 Hamadryadum
519 3060 639 3105 nomen
654 3039 744 3125 apud
756 3039 914 3105 Nonnum
929 3047 978 3104 ter
993 3046 1173 3121 quaterque

68 3136 205 3223 scriptum
230 3150 282 3205 eet
298 3134 482 3225 Ἀδρναὶδες
502 3163 532 3205 ν.
555 3141 680 3227 Unger.
699 3141 866 3213 Paradox.
888 3135 995 3206 Theb.
1015 3137 1091 3203 440.
1114 3136 1172 3222 qui
1242 3143 1249 3156 ‘

68 3235 92 3299 in
109 3238 274 3325 Propertii
301 3240 374 3305 loeo
397 3262 457 3327 pro
479 3242 624 3309 Adriatic
647 3242 716 3307 eive
737 3244 909 3308 Hadriacla
932 3261 999 3304 non
1019 3239 1173 3306 Aurimia

68 3334 118 3401 eive
137 3340 331 3415 uacuare,
352 3349 389 3404 ut
409 3340 567 3427 plerique,
590 3342 649 3407 sed
672 3344 849 3425 Hydrlua'u
871 3340 1079 3407 scribendum
1099 3361 1179 3435 eete-

70 3436 162 3505 docuit
187 3441 225 3507 in
247 3438 357 3507 Anall.
379 3442 482 3529 Prop.
505 3464 538 3529 p.
560 3440 613 3507 27.
656 3442 828 3529 Aepiratio
854 3441 996 3508 nominis
1023 3438 1176 3508 convenit

67 3540 181 3624 regulae
206 3540 321 3611 Schol.
343 3543 445 3609 Dion.
466 3566 499 3629 p.
521 3542 592 3609 716.
616 3542 653 3611 el
676 3543 870 3631 στερητικὸν
885 3528 919 3611 ἀ’
935 3543 1112 3630 prioritas,
1133 3543 1174 3610 τδ

69 3638 95 3704 δὲ
119 3636 342 3728 δύροιστικὸν
374 3642 566 3722 δασύνεται,
599 3641 683 3727 ὅθεν
711 3642 768 3709 καὶ
797 3641 924 3721 ἅλυσις.
975 3642 1045 3710 Sed
1075 3642 1175 3729 hujus

68 3762 182 3827 quoque
199 3740 336 3829 spiritus
352 3743 493 3809 incertus
511 3754 543 3809 ct
559 3744 652 3829 origo
672 3744 708 3807 in
722 3744 851 3809 occulto
871 3753 936 3820 eet,
956 3765 1018 3809 nee
1034 3745 1175 3831 patescit

69 3843 277 3931 ecompoeitie
289 3831 471 3927 μονύλνσις
480 3844 532 3929 ⁴²)
545 3841 722 3924 αὐτόύυσις
733 3854 766 3908 et
778 3838 998 3935 διλυκτσαέδη.
1020 3843 1173 3911 Ceterum

107 4014 148 4081 lt)
171 4014 317 4069 Homerus
342 4011 529 4084 etymologiae
552 4012 752 4083 grammaticae
775 4011 889 4083 ignarae
912 4012 1079 4068 Medontem
1097 4008 1175 4065 Oilei

68 4094 137 4153 filium
155 4117 171 4155 e
189 4099 296 4172 pellice
314 4094 410 4153 natum
428 4102 548 4160 Αἴαντος
566 4095 706 4171 ἀδελφεόν
722 4107 805 4154 vocat
823 4098 856 4153 Il.
871 4098 952 4152 XIII.
967 4098 1025 4150 6⁹5.

107 4184 148 4251 ll)
169 4184 255 4239 Idem
271 4181 428 4255 siguificare
447 4182 559 4238 videtur
577 4184 705 4252 οὶσαέδη,
730 4185 808 4254 quod
824 4179 1033 4251 Lexicograpni
1051 4185 1120 4235 cum
1132 4174 1174 4243 οἷς

69 4266 244 4344 conpositum
262 4277 370 4346 putant.
414 4259 549 4343 Simplici
564 4266 691 4342 spiritum
715 4286 844 4341 asperum
868 4265 992 4335 reeigm
1015 4264 1111 4321 Schol.
1135 4266 1180 4321 11.-
