2825 4809
270 378 343 451 126
634 371 954 440 DISSERTATIO
988 371 1015 438 I.

264 559 377 635 mittit3
394 558 492 624 Timo
509 566 617 621 autem
634 557 669 622 in
685 557 774 622 exitu
791 557 969 623 hexametri
982 557 1116 622 fortasse
1130 579 1197 620 non
1213 551 1352 624 ἐλάσσονα

264 663 469 742 σκινδαψοῖο
488 656 620 744 scripsit
641 659 701 722 sed
718 659 809 742 quod
828 681 932 744 aeque
949 659 1102 724 usitatum
1119 667 1169 722 est
1186 654 1351 740 κινόάψοιο.

264 764 354 827 Ante
375 758 454 826 σκιά
474 779 552 822 vero
575 768 608 823 et
632 758 775 824 derivata
800 758 949 836 σκίαινα,
972 761 1140 844 σκίουρος,
1167 767 1288 822 constat
1307 781 1352 824 vo·

265 863 369 928 ealem
387 860 519 943 brevem
540 881 641 948 saepe
657 883 725 926 non
741 860 881 948 produci
898 871 931 925 et
946 860 1022 925 huic
1038 880 1169 946 quoque
1183 858 1353 946 principium
1381 841 1382 872 ³

266 964 453 1050 assignatur
479 961 626 1026 tenuius:
655 958 735 1030 σκιά
762 961 859 1048 παρὰ
885 961 923 1028 τὸ
944 959 1007 1028 κίω
1033 960 1071 1028 τὸ
1096 955 1270 1028 ἀκολουθοῖ
1292 963 1354 1026 κλε-

266 1068 401 1150 ονασμῷ
427 1065 488 1129 τοῦ
509 1048 537 1129 ο
562 1058 583 1149 ἦ
605 1063 905 1128 συνακολουθοῦσαι
930 1061 1011 1128 ΕΜ.
1034 1061 1106 1140 717,
1128 1062 1180 1126 33.
1213 1057 1353 1124 Choerob.

266 1165 302 1228 in
322 1164 444 1228 Psalm.
469 1161 541 1239 135,
564 1162 594 1226 8.
623 1163 788 1248 quomodo
818 1161 916 1227 latine
941 1161 1064 1227 assidui
1091 1161 1225 1246 comites
1249 1164 1355 1226 umbrat

265 1275 439 1339 vocantur3
455 1264 507 1328 vel
524 1264 635 1350 potius
653 1287 673 1327 a
688 1263 880 1342 mobilitate,
898 1286 973 1328 nam
990 1259 1128 1347 κίναγμα
1142 1262 1355 1348 Glossograpbi

265 1368 520 1453 interpretantur
542 1362 640 1432 σκιάν
661 1365 781 1429 Parall.
807 1365 857 1430 72.
881 1371 981 1431 κινεῖν
1007 1374 1114 1430 autem
1139 1375 1172 1430 et
1198 1361 1275 1430 κίειν
1292 1385 1353 1428 con·
1382 1356 1383 1404 l

265 1477 421 1553 generata
442 1475 534 1539 sunt3
564 1463 779 1543 Schneidero‚
803 1466 860 1550 qui
879 1465 961 1529 illud
984 1487 1058 1530 cum
1078 1465 1195 1532 σκέπω
1215 1466 1355 1549 componit

264 1591 295 1633 v.
318 1567 445 1632 Techn.
466 1566 520 1630 37.
549 1564 700 1629 subvenit
723 1567 872 1632 Platonis
901 1566 1022 1632 locutio
1048 1566 1147 1632 σκιάν
1174 1564 1230 1631 καί
1254 1567 1355 1650 σκέπην

266 1668 424 1750 παρέχειν
446 1665 532 1729 Tim.
557 1665 607 1729 76.
629 1667 675 1731 D.
704 1669 742 1731 et'
761 1666 933 1733 verborum
960 1667 1167 1748 ἐπισκιάζειν
1193 1675 1225 1730 et
1248 1665 1355 1732 εἰιιοκι·

265 1766 386 1850 στάζειν
416 1768 507 1853 apud
537 1767 731 1853 interpretes
748 1767 797 1834 ·S.
826 1767 861 1835 S.
893 1767 1094 1854 synonymia.
1151 1766 1219 1833 Sed
1245 1765 1355 1830 reddam

266 1882 374 1935 cetera
402 1868 698 1935 Grammaticorum
726 1868 933 1934 testimonia:
970 1867 1138 1953 σκάριφος
1168 1869 1222 1933 καί
1251 1865 1356 1951 κάρφος
1383 1887 1384 1916 2

266 1971 344 2038 Seh.
359 1970 462 2036 Arist.
482 1971 589 2036 Rana.
607 1969 700 2034 1534.
724 1971 765 2034 de
790 1992 855 2056 quo
879 1970 946 2034 dixi
969 1970 1004 2033 in
1020 1967 1142 2033 Parall.
1159 1966 1230 2032 294.
1269 1961 1357 2043 Exclu

265 2074 323 2139 καί
343 2069 430 2155 natu
448 2069 545 2137 οὐδέν
566 2072 722 2156 διαφέρει
745 2067 766 2156 ἢ
787 2069 890 2154 μόνον
911 2070 996 2136 κατὰ
1019 2067 1128 2136 κλίσιν
1149 2067 1255 2155 Epim.
1265 2067 1289 2130 I.
1299 2065 1356 2130 391.

266 2173 358 2256 quod
390 2172 559 2236 confirmat
587 2169 823 2254 Theognostus
853 2169 935 2235 Can.
960 2169 1037 2248 135,
1061 2170 1113 2234 31.
1144 2166 1245 2254 σκνίψ
1269 2162 1358 2244 ὁμέν

260 2268 493 2358 Ἀριστοτέλης
516 2268 601 2346 μετὰ
623 2258 737 2337 toa}
754 2271 857 2356 λέγει,
885 2268 917 2337 oi
941 2271 977 2337 δέ
1000 2268 1116 2336 λοιποί
1136 2265 1252 2355 χωρίς,
1275 2266 1358 2348 idque

265 2371 509 2437 convenientius
532 2369 695 2456 primitivo
717 2369 815 2452 κνίζω
834 2370 954 2436 Parall.
968 2370 1040 2435 114.
1064 2366 1235 2455 σκόρόυλα
1248 2403 1282 2415 -
1294 2363 1359 2432 ένιοι
1384 2402 1385 2444 t

264 2468 409 2558 κοράίλη
431 2473 513 2535 Hes.
534 2470 587 2534 eui
608 2471 733 2534 nomini
753 2493 854 2555 quum
876 2469 1057 2554 subjectum
1079 2469 1122 2534 sit
1140 2472 1212 2535 πᾶν
1232 2467 1266 2534 τὸ
1287 2487 1360 2532 συνε-

264 2571 474 2655 στραμμένον
490 2571 584 2638 Suid.
602 2572 800 2637 traducimur
818 2573 861 2636 ad
878 2563 1011 2657 ίίρδημα
1029 2573 1152 2652 olemus
1171 2569 1238 2634 sive
1254 2561 1360 2648 σολίσρ

263 2695 294 2735 v.
316 2671 417 2736 Proll.
442 2672 513 2736 124.
539 2682 573 2736 et
595 2674 666 2736 127.
711 2672 859 2756 Κάμωνα
889 2671 977 2754 λέγει
1006 2670 1065 2754 τὴν
1086 2665 1277 2752 σκαμωνίαν
1297 2658 1358 2729 κατ’

265 2770 394 2837 ἔνδειαν
417 2775 477 2836 τοῦ
501 2762 526 2839 o
550 2773 626 2839 Sch.
649 2774 723 2838 Nic.
748 2774 803 2838 Al.
825 2773 899 2837 484.
925 2782 958 2836 et
983 2791 1051 2834 non
1080 2769 1210 2834 diversa
1234 2765 1360 2832 videntur

265 2869 498 2954 andronymiea
521 2871 648 2953 Κάμων
668 2884 701 2937 et
723 2874 864 2956 Σκάμων
885 2882 978 2960 pater
998 2870 1171 2958 Sapphus,
1195 2893 1288 2955 quem
1304 2869 1359 2930 He·

263 2970 400 3036 rodotus
421 2969 732 3055 Σκαμανδρώνσμον
755 2985 859 3038 vocat.
903 2974 981 3038 Alia
1002 2971 1092 3058 apud
1111 2968 1360 3056 Glossographos

263 3072 417 3156 leguntur
435 3072 518 3138 locis
537 3073 673 3137 diversis
691 3075 751 3138 sed
767 3084 930 3160 potestate
951 3075 1083 3138 eadem:
1105 3071 1241 3150 Λάκιις
1262 3066 1280 3159 ἡ
1300 3093 1362 3137 σκυ-

263 3172 348 3255 τάλη
369 3166 392 3256 ἣ
415 3173 510 3257 παρὰ
533 3178 704 3260 Δωριεῦσι
730 3175 860 3258 λέγεται
886 3175 1031 3258 κουσάλη
1056 3176 1166 3259 Etym.
1189 3174 1256 3238 Ms.
1278 3167 1363 3237 Bastii

264 3269 306 3332 ad
322 3270 423 3354 Greg.
435 3274 508 3336 388.
531 3270 645 3353 λάκτις
666 3271 686 3362 ἦ
706 3271 853 3353 κιίταλις
869 3275 962 3342 Suid.
979 3275 1043 3339 nisi
1064 3274 1128 3339 hoo
1147 3273 1189 3339 ab
1209 3274 1271 3338 alio
1289 3270 1362 3357 prin-

157 3404 164 3423 ι
264 3368 351 3453 cipio
375 3368 491 3434 κόπτω
517 3381 628 3436 natum
654 3386 704 3437 est
729 3397 759 3439 v.
781 3376 882 3441 Proll.
906 3376 957 3440 97.
1001 3376 1161 3459 Ejusdem
1185 3386 1281 3440 notae
1304 3379 1364 3436 sunt

265 3469 331 3532 duo
347 3469 453 3555 vulpis
470 3471 602 3535 nomina
617 3471 761 3561 καφαίρη
781 3487 813 3540 et
831 3475 1010 3564 σκαφιίρη,
1032 3474 1161 3564 κιάάφιρ
1183 3487 1217 3540 et
1234 3469 1364 3559 σκιδάφη

263 3567 363 3633 Proll.
376 3569 449 3634 292.
463 3582 496 3634 et
510 3593 593 3655 quae
609 3573 697 3637 idem
715 3575 849 3660 praebet
864 3577 1053 3663 Hesychius
1075 3575 1192 3644 κελλόν
1213 3569 1364 3659 στρεβλόν,

263 3669 399 3735 σκελλόν
423 3672 696 3756 διεσιραμμένον,
722 3671 894 3758 adpareret
916 3672 1098 3764 σκόρνοςὴ
1123 3673 1364 3762 κεντρομορσίνο

264 3767 331 3831 sive
350 3764 549 3856 ὀξομσρσίνη
570 3793 701 3838 ruscum
721 3776 788 3841 sive
809 3789 847 3842 ut
867 3801 953 3844 nune
974 3787 1094 3843 vocant
1114 3799 1231 3842 ruscus
1254 3774 1365 3840 aculea-

263 3877 330 3946 tus,
356 3869 413 3953 qui
434 3892 534 3953 quum
556 3874 652 3938 etiam
671 3874 894 3963 μυρτάκανθα
918 3879 1115 3966 appelletur,
1138 3878 1172 3942 in
1193 3875 1366 3943 memoriam

262 3967 350 4032 venit
379 3970 491 4034 cardui
519 3995 623 4057 genus
652 3976 704 4041 eui
730 4000 850 4044 nomen
880 3971 1021 4062 άκορνα,
1050 3989 1219 4068 postremo
1248 3973 1367 4040 verbum

262 4067 403 4152 Κίμψαι
425 4069 552 4156 έρεῖσαι
575 4097 635 4160 pro
658 4076 824 4164 σκίμψαι,
847 4080 900 4144 eui
923 4104 1007 4166 quae
1029 4082 1204 4164 conjuncta
1227 4087 1301 4142 sunt
1319 4094 1368 4136 vo·

264 4167 379 4234 cabula
397 4172 504 4236 omnia
524 4173 628 4258 sigma
643 4177 745 4242 fixum
768 4190 800 4243 et
820 4191 858 4245 ut
875 4182 921 4246 sic
943 4183 1049 4248 dicam
1067 4180 1243 4248 indelebile
1261 4176 1369 4242 habent

264 4269 394 4344 σκᾶιῒος
405 4293 533 4356 scapus,
544 4278 722 4362 σκῆπτρον,
734 4278 874 4361 σκίπων,
882 4279 1053 4368 σκίμπους
1065 4283 1160 4369 παρὰ
1173 4282 1212 4349 τὸ
1224 4278 1369 4362 amputo
