2825 4809
246 368 289 437 14
606 358 926 427 DISSERTATIO
954 359 982 423 Ι.

241 556 277 611 ut
300 545 458 628 ferunt1).
501 542 568 608 Hic
588 543 710 608 Portus
733 544 865 629 quidem
891 543 1040 608 librarios
1064 541 1234 608 articulum
1261 542 1344 607 dori-

241 670 315 714 cum
337 669 410 711 cum
429 643 560 709 nomine
582 643 755 725 σκαμιαιίἀ
778 655 899 709 temere
920 643 1125 731 compegisse
1141 643 1261 719 statuit,
1283 666 1345 727 quo

239 749 317 813 vitio
340 747 519 814 cumulatus
546 755 596 809 est
607 744 805 829 Hesychius,
827 745 946 813 Suidas
968 767 1036 810 non
1057 746 1103 809 ita
1115 745 1266 831 saepe2),
1286 767 1344 809 nec

239 861 346 917 tamen
358 849 426 915 veri
441 847 545 913 simile
559 856 608 911 est
627 868 701 911 eum
714 844 834 912 herbae
855 869 975 911 nomen
995 845 1129 931 vulgare
1150 869 1169 911 e
1190 846 1344 932 scriptore

239 952 393 1039 petivisse
436 948 558 1025 dorico,
597 946 771 1035 ipsumque
810 942 1029 1029 deterritorio
1059 948 1178 1033 legitur
1208 948 1243 1011 in
1274 948 1344 1012 cod

238 1052 346 1138 Etym.
377 1050 482 1116 Paris.
516 1049 550 1114 in
581 1049 710 1113 Anecd.
742 1048 847 1113 Paris.
881 1048 921 1114 T.
954 1050 1015 1115 IV.
1050 1049 1121 1112 119.
1166 1042 1346 1131 ’‘Haxarpss

239 1152 372 1240 ἐσκίρτα
388 1154 471 1216 Hes.
492 1148 728 1219 Valckenarius
748 1150 791 1213 ad
805 1151 931 1214 Herod.
953 1151 1050 1217 VHI.
1075 1148 1106 1214 5.
1128 1148 1163 1214 in
1187 1147 1343 1234 suspicio-

237 1276 313 1319 nem
334 1252 480 1329 adduxit,
503 1252 563 1317 sed
584 1262 671 1317 certa
693 1260 743 1315 est
763 1250 943 1336 prosthesis
967 1251 1110 1328 derivati,
1133 1251 1225 1334 cujus
1240 1248 1344 1333 Phry·

236 1354 353 1421 uichus
374 1353 521 1419 meminit
541 1355 633 1441 App.
651 1352 703 1417 24.
727 1348 795 1421 ἀπὸ
818 1358 878 1419 τοῦ
898 1351 1026 1441 σκαίρω
1048 1348 1250 1437 παράγωγαν
1267 1374 1345 1418 σκα-

237 1456 318 1545 ρίζω
343 1455 398 1521 καὶ
421 1450 590 1539 ἀσκαρίζω
613 1452 696 1519 κατὰ
721 1451 907 1537 πρόςθασα
937 1446 981 1531 ὡς
1003 1452 1147 1535 analige)
1169 1445 1343 1532 ἆσκαλίζω,

238 1556 328 1642 quod
351 1578 411 1641 pro
432 1552 581 1622 σκαλεύω
601 1554 723 1619 dictum
737 1553 882 1631 videtur;
905 1550 1076 1640 ἇσκαρίζει
1095 1548 1168 1621 ἀντὶ
1189 1556 1248 1619 τοῦ
1266 1575 1344 1619 σκα·

237 1656 318 1743 ρίζω
349 1650 394 1733 ὡς
424 1649 571 1743 desupra
601 1654 678 1739 (sic)
710 1648 853 1737 ἄσταχυς
880 1654 1028 1721 Erotion.
1058 1652 1177 1741 quibus
1198 1652 1347 1720 convenit

236 1757 376 1823 nominis
405 1756 565 1842 scriptura
594 1756 716 1842 duplex
744 1754 862 1842 σκαρίς
891 1766 923 1821 et
940 1751 1090 1845 ἂσκαρίς.
1117 1794 1157 1804 -
1186 1755 1287 1843 Παρὰ
1307 1754 1344 1821 τὸ

235 1860 373 1938 enatos,
395 1856 415 1927 ὅ
438 1857 507 1925 ἐστι
529 1852 700 1936 σκόλοπα,
730 1855 925 1939 σκωλιάζειν
947 1856 1003 1923 καὶ
1024 1855 1109 1923 κατὰ
1135 1854 1346 1943 πλεονασμὸν

235 1956 469 2041 ἀσκωλιάζειν,
500 1956 588 2043 ὅπερ
614 1952 815 2043 Ἐπίχαρμος
849 1956 1105 2040 σκωλσβατίζειν
1136 1954 1239 2044 φησίν
1265 1956 1345 2021 ΕΜ.

237 2060 309 2138 155,
336 2060 388 2126 35.
417 2060 475 2123 sed
497 2058 592 2143 hujus
620 2055 727 2135 verbi,
758 2057 811 2122 cui
840 2056 938 2144 alpha
963 2080 1131 2142 nunquam
1159 2056 1346 2135 detrahitur,

235 2162 324 2227 aliud
355 2161 492 2225 traditur
523 2171 654 2245 etymon
689 2160 796 2224 κῶλον
826 2180 856 2223 v.
879 2158 1035 2245 Prolegg.
1061 2159 1159 2225 Path.
1188 2160 1259 2225 134.
1294 2160 1347 2225 cui

236 2262 340 2351 sigma
371 2261 519 2326 additum
549 2260 663 2325 volunt
690 2270 730 2324 ut
757 2254 996 2347 ἆσκαλαβώτης
1021 2261 1116 2348 παρὰ
1145 2260 1183 2327 τὸ
1214 2257 1348 2339 analag

234 2364 272 2432 τὸ
301 2359 429 2449 ἡσύχως
455 2363 535 2428 ΕΜ.
562 2362 633 2439 154,
658 2360 831 2426 16.Pr011.
854 2361 927 2427 392.
977 2363 1071 2428 Haec
1099 2362 1282 2450 perincerta
1297 2374 1349 2428 est

234 2464 422 2550 originati03
446 2464 505 2528 sed
526 2462 682 2528 stellionis
704 2485 823 2527 nomen
846 2462 1009 2528 interdum
1026 2461 1244 2548 σκαλαβώτης
1265 2464 1347 2528 scri-

233 2565 321 2631 bitur
349 2588 379 2630 ν.
406 2564 530 2633 Jacobs
566 2565 608 2629 ad
640 2564 770 2629 Aelian.
797 2589 831 2651 p.
858 2565 932 2629 220.
960 2563 1104 2650 Capsam
1127 2565 1210 2629 caeti
1231 2564 1347 2631 Theo-

233 2666 385 2757 phrastus
411 2666 551 2735 axellas
580 2666 738 2753 appellat,
766 2666 893 2732 Plinius
915 2669 1069 2741 ascalias,
1090 2667 1180 2749 quod
1200 2667 1348 2733 Lexico·

232 2769 351 2856 graphi
378 2790 549 2856 perperam
578 2768 776 2835 nominativo
806 2770 926 2835 ascalia
952 2766 1146 2851 subjiciunt3
1178 2768 1267 2835 idem
1293 2770 1349 2835 vel

232 2871 328 2936 affine
349 2892 454 2955 genus
483 2867 649 2955 σκόλυμος
679 2870 796 2936 dicitur
818 2869 982 2955 hodieque
1004 2864 1246 2957 ἆσκόλαμβρας.
1290 2871 1349 2937 De

231 2971 353 3061 euripos
375 2980 407 3037 et
430 2965 572 3058 desuper
595 2993 637 3037 ne
659 2970 723 3037 hoc
747 2971 880 3057 quidem
902 2980 1030 3038 canstat
1050 2971 1228 3040 eandemne
1248 2972 1348 3059 plan-

230 3084 295 3141 tam
313 3072 474 3161 significet
493 3095 535 3136 an
554 3072 706 3138 diversas.
744 3067 979 3157 Ἀσχαλίδωμα
998 3096 1018 3137 a
1035 3072 1141 3141 Suida
1158 3072 1227 3138 sine
1242 3074 1349 3140 inter-

139 3259 143 3268 ¹
230 3176 411 3265 pretatione
440 3176 593 3241 traditum
617 3176 755 3242 fortasse
789 3174 877 3241 idem
908 3176 993 3241 valet
1027 3176 1118 3261 quod
1149 3177 1350 3260 σχαλίδωμα

300 3448 328 3519 l)
341 3450 531 3522 Σκαμμωνεΐα
551 3445 597 3504 διὰ
615 3432 701 3503 τοῦδ
729 3451 775 3502 sal
800 3447 845 3516 τῆς
868 3429 1077 3519 ἶδιφθόγγσα
1098 3442 1166 3502 κατὰ
1183 3437 1351 3522 παρᾶδασιν

230 3530 371 3591 Choerob.
391 3538 473 3590 Orth.
491 3537 551 3591 262.
572 3522 642 3588 ‘Sed
664 3534 824 3605 plantarum
841 3532 954 3586 nomina
969 3532 1154 3587 terminantur
1168 3534 1259 3589 vocali
1278 3534 1350 3589 sim-

229 3617 296 3691 plici
314 3616 432 3693 ἆρωνία,
451 3624 599 3694 λειμωνία,
618 3625 752 3687 assarta,
772 3619 894 3691 dudmala
914 3625 943 3672 et
959 3618 1006 3672 sll.
1025 3636 1050 3672 v.
1070 3620 1302 3675 saltarentur.
1318 3629 1352 3675 et

229 3706 334 3761 Psrall.
349 3708 409 3761 31⁷.
428 3722 547 3777 quorum
564 3706 700 3761 nonnulla
717 3704 859 3759 interdum
877 3712 1015 3759 acuuntur
1030 3722 1108 3760 more
1126 3701 1352 3777 periecticorum

227 3809 254 3847 v.
270 3789 411 3847 Wimmer.
431 3795 468 3847 sd
486 3792 631 3865 Theophr.
649 3790 672 3847 1.
686 3793 712 3859 9,
730 3796 756 3845 l.
792 3795 967 3863 Σκαμμωνία
984 3790 1090 3861 duplici
1105 3780 1130 3862 ᾗ
1146 3791 1282 3863 scriptum
1300 3802 1353 3847 est

228 3876 257 3933 in
273 3877 361 3932 Arist.
380 3877 476 3932 Probl.
494 3878 516 3931 Ι.
534 3879 576 3931 ll.
595 3884 623 3931 et
642 3878 684 3930 43.
703 3896 733 3947 p.
746 3878 806 3931 884.
826 3886 856 3931 et
873 3876 1034 3948 saepissime
1053 3880 1130 3949 apud
1146 3878 1295 3933 herbarios
1318 3888 1354 3933 et

227 3963 368 4030 medieas,
384 3966 436 4017 sed
451 3963 541 4034 prima
558 3961 709 4033 corripitur
729 3960 758 4015 in
774 3962 878 4016 Eubuli
897 3980 980 4017 versu
998 3963 1077 4017 Com.
1094 3963 1142 4017 Fr.
1160 3962 1194 4017 T.
1212 3963 1265 4017 III.
1280 3966 1350 4020 214.

296 4046 467 4119 2)’Λσένηὴ
494 4045 618 4123 φλύαρος
644 4045 659 4116 ἦ
682 4048 763 4103 δεῖνα
780 4049 949 4119 Bernhardy
972 4048 1108 4103 aeolicsm
1130 4049 1252 4119 glossam
1277 4066 1354 4103 esse

228 4133 384 4207 suspicetur
399 4152 436 4190 ex
454 4132 563 4189 ἁδεῑνα
575 4133 732 4188 conflatam.
768 4134 879 4189 Eodem
894 4143 1015 4205 vergunt
1029 4132 1164 4204 Αζθαιαὴ
1179 4136 1245 4206 tyria
1264 4139 1318 4188 καὶ
1333 4134 1354 4205 ἡ

228 4217 315 4295 ὅρνις,
334 4222 375 4275 Al
395 4224 486 4290 νῆτται
503 4221 533 4275 αἱ
551 4222 659 4289 νῆσσαι,
676 4225 790 4275 Λινῐται
809 4220 850 4275 δέ.
888 4220 1040 4292 Ceteroqui
1062 4220 1211 4278 articulum
1235 4217 1357 4275 Suidas

226 4308 332 4363 addere
344 4324 402 4363 non
412 4307 486 4365 solet
497 4304 549 4363 nisi
559 4305 682 4381 propriis
694 4304 709 4361 ὁ
721 4312 788 4377 Istc,
801 4301 901 4379 ὁΚαὶχ.
