2825 4809
216 342 262 416 10
552 333 763 403 PATHOL.
787 333 985 402 PROOEM.

213 525 276 591 alia
298 521 487 612 deliberatio
515 522 586 609 pari
613 520 803 587 difficultate
830 533 928 612 atque
955 520 1044 587 haud
1071 519 1139 585 seio
1164 541 1207 583 an
1230 516 1327 583 etiam

214 628 337 711 majore
363 624 522 710 impedita
550 624 591 689 de
616 623 783 688 vocabulis
812 646 895 707 quas
923 644 983 709 pro
1013 622 1139 688 diversa
1169 620 1329 707 scriptura
1411 636 1412 697 ι

213 728 375 792 diversum
396 725 594 790 intellectum
610 725 778 811 praebent.
823 726 909 791 Nam
931 724 1080 792 universe
1097 722 1229 809 quidem
1243 720 1330 786 velet

163 866 175 875 ,
213 826 505 895 Grammaticorum
527 826 730 913 praeceptio:
760 831 825 892 τῶν
847 831 967 913 φωνῶν
991 826 1032 891 τά
1058 810 1155 910 πάθη
1179 822 1266 891 ἐστὶν
1289 818 1328 889 οὔ
1411 860 1412 921 ρ

213 931 278 1016 suiv
300 928 549 1014 σημαινομένων
570 928 728 1013 Apollon.
753 928 794 992 de
817 928 902 993 Adv.
918 927 991 993 568.
1015 938 1047 992 et
1068 928 1184 992 iterum
1205 948 1238 1012 p.
1253 924 1328 989 623.

213 1028 256 1095 τά
279 1026 377 1114 πάθη
400 1024 439 1094 οὗ
461 1029 756 1113 τῶνὸιγλοαμένιον
779 1029 866 1095 ἐστὶν
892 1024 977 1095 άλλά
999 1034 1064 1095 τῶν
1086 1032 1214 1113 φιονιῦν.
1258 1026 1328 1092 Ne·
1411 1020 1412 1061 3

213 1152 277 1216 que
299 1129 388 1194 aliud
410 1128 526 1193 suadet
543 1115 746 1193 'Consentius
773 1152 805 1215 p.
828 1131 879 1194 11.
898 1150 997 1213 porte
1019 1132 1239 1213 metaplasticos
1260 1150 1326 1195 ιιονι

213 1243 259 1299 est
280 1234 356 1315 φιία
376 1232 511 1295 οιιιιοιὶο
533 1241 676 1295 serratas
698 1234 958 1316 sipntficatioasm
978 1243 1095 1305 motat,
1123 1242 1160 1297 at
1181 1234 1216 1296 ιἰι
1236 1250 1329 1313 γιον-

214 1337 258 1399 cia
284 1329 399 1413 νόμος,
430 1326 540 1413 νομός.
593 1332 669 1394 Hac
695 1331 796 1416 igitur
824 1333 952 1397 radone
978 1342 1185 1397 removentur
1210 1332 1331 1408 omnia,

215 1455 354 1518 quorum
376 1430 469 1516 origo
492 1431 624 1515 quidem
647 1432 762 1497 eadem
783 1434 843 1499 sed
864 1434 1046 1500 intellectus
1068 1456 1129 1521 pro
1153 1434 1263 1521 specie
1280 1433 1330 1497 di-

214 1556 326 1599 versus
356 1541 469 1597 estut
496 1529 579 1609 ἔθος
607 1526 710 1620 ἦθος,
740 1530 938 1623 ἀσπάραγος
966 1531 1178 1623 ἀσφάραγος,
1208 1535 1332 1621 ῥέμβος

215 1633 356 1722 ῥόμβος,
380 1632 612 1719 μάροςμοῖρα
632 1632 738 1720 μάρα,
765 1632 897 1721 ὀφέλλοι
922 1632 1049 1725 ὀφείλω
1075 1646 1135 1701 etc.
1179 1634 1332 1701 Nonnul-

214 1738 319 1802 lorum
341 1748 449 1801 tamen
471 1745 537 1799 tarn
560 1745 658 1799 tenue
685 1747 735 1800 est
762 1737 934 1803 discrimen
961 1747 994 1802 et
1019 1746 1084 1801 tam
1111 1734 1225 1801 crebra
1250 1758 1330 1801 con-

214 1838 299 1903 fusio
322 1848 360 1902 ut
381 1836 516 1901 dubium
538 1836 581 1901 sit
602 1847 710 1901 utrum
733 1838 979 1924 significationis
1003 1861 1101 1903 causa
1122 1846 1244 1903 mutata
1266 1837 1333 1901 sint

215 1963 257 2006 an
279 1940 364 2007 ιιαιὰ
391 1935 508 2016 πάθος
536 1949 574 2002 ut
600 1935 744 2025 σκληράς
767 1938 953 2028 σκληφρός,
986 1936 1145 2028 σιριφνός
1175 1936 1333 2025 στιφράς,
1411 1992 1412 1995 ,

216 2039 332 2129 ἐχοράς
349 2036 481 2127 ὀχυράς,
499 2040 593 2124 τέγος
611 2039 737 2125 στέγος,
757 2038 882 2127 λάρυγξ
898 2037 1042 2127 φάρυγξ,
1061 2039 1210 2125 sasinus
1225 2039 1333 2107 σπαί-
1411 2046 1412 2127 ]

216 2168 300 2230 ρειν,
324 2139 496 2222 καχλάζειν
518 2138 723 2227 παφλάζειν,
745 2138 876 2225 θάρσος
898 2137 1043 2224 θράσος,
1061 2161 1184 2224 pansas
1204 2160 1331 2224 possus,
1411 2138 1412 2203 ζ

217 2247 299 2309 totas
322 2244 444 2315 tautae,
474 2244 625 2324 antiquus
648 2243 789 2315 anricus,
820 2245 1076 2318 eademeadem,
1106 2246 1235 2327 pulsare
1258 2244 1334 2325 pat·
1411 2232 1412 2310 i

218 2357 300 2419 turc,
336 2364 474 2428 quorum
499 2352 614 2406 natura
644 2342 759 2405 eadem
785 2353 834 2407 est
863 2343 922 2408 sed
950 2344 1032 2408 lenis
1065 2344 1137 2409 soni
1166 2344 1334 2409 inclinatio

218 2442 456 2512 commoditatis
483 2466 582 2509 causa
608 2443 793 2508 introducta
813 2443 941 2509 videtur
967 2456 1004 2509 ut
1029 2467 1081 2511 res
1105 2446 1251 2530 ejusdem
1274 2470 1334 2533 ge·
1411 2448 1412 2489 ἶ

217 2547 304 2613 neris
323 2545 434 2633 specie
451 2545 596 2610 diversae
612 2546 746 2631 propria
762 2544 903 2631 quadam
921 2556 999 2613 nota
1017 2546 1167 2633 insigniri
1186 2559 1335 2634 possent.
1411 2580 1412 2637 r

217 2652 263 2715 Et
284 2672 325 2714 ex
347 2648 410 2713 hoc
431 2649 553 2733 genere
579 2669 738 2733 persaepe
767 2647 905 2713 difficilis
929 2658 979 2713 est
1001 2650 1148 2733 quaestio
1172 2650 1253 2735 quid
1279 2661 1338 2715 aut
1411 2658 1412 2663 ’

218 2750 450 2817 assumendum
476 2759 532 2813 aut
558 2749 769 2843 rejiciendam
797 2750 847 2815 sit.
897 2750 965 2817 Sed
992 2750 1166 2837 plurimum
1192 2751 1335 2818 haesita·
1411 2784 1412 2797 ι

218 2854 317 2919 tionis
340 2852 425 2917 circa
445 2850 605 2917 vocabula
631 2853 777 2937 ejusdem
799 2852 970 2939 potestatis
992 2852 1141 2919 biformia
1169 2864 1201 2919 et
1227 2856 1335 2921 trifor-
1411 2866 1412 2869 ’

218 2957 298 3035 mia,
327 2978 465 3040 quorum
487 2977 526 3018 ea
548 2953 692 3018 conditio
718 2964 767 3018 est
792 2964 828 3018 ut
855 2966 887 3019 et
909 2954 1044 3019 alterum
1067 2979 1107 3020 ex
1129 2957 1230 3023 altero
1254 2981 1335 3025 con·
1411 3022 1412 3045 ,

218 3082 347 3127 versum
369 3065 401 3122 et
423 3053 552 3140 singula
579 3077 725 3120 seorsum
750 3066 826 3120 nata
848 3078 920 3121 esse
942 3056 1072 3141 possint
1096 3067 1133 3121 ut
1159 3058 1337 3140 πλόκαμος

219 3157 378 3241 πλοχμάς.
426 3158 545 3241 Itaque
571 3157 768 3221 imitabimur
789 3157 874 3242 juris
902 3157 1123 3225 consultorum
1151 3161 1337 3227 cautionem
1411 3182 1412 3187 ’

220 3261 276 3347 qui
298 3258 426 3323 titulum
444 3259 608 3343 quendam
627 3259 829 3345 digestorum
849 3260 1084 3348 inscripserunt
1105 3266 1253 3329 derebus
1276 3268 1337 3331 du·
1402 3320 1412 3335 ,

220 3366 279 3429 biis
291 3386 300 3441 ;
331 3383 428 3446 quam
456 3358 626 3423 dubitandi
653 3370 754 3425 artem
782 3361 808 3425 si
828 3362 1087 3447 ,perdidicissem
1114 3365 1336 3445 Gmmmrrfici,

221 3462 394 3550 disciplina
423 3471 535 3526 nostra
564 3460 706 3526 invidiae
738 3472 770 3527 et
802 3463 942 3529 dividiae
974 3464 1064 3531 haud
1090 3466 1199 3555 paullo
1228 3467 1337 3535 minus

220 3565 364 3630 haberet.
413 3565 536 3630 Verum
562 3561 660 3640 haec,
694 3586 778 3648 quae
804 3588 890 3631 nunc
916 3564 1056 3634 breviter
1089 3581 1122 3635 et
1153 3572 1340 3637 summatim

222 3667 387 3753 disputata
408 3674 497 3742 sunt,
524 3665 553 3729 si
575 3665 656 3749 quid
677 3665 785 3732 adhuc
808 3667 929 3733 habent
951 3670 1171 3751 obscuritatis,
1200 3673 1340 3747 clariora

220 3771 301 3833 fient
320 3768 394 3854 ipsa
415 3766 615 3845 tractatione,
638 3790 736 3852 quam
758 3770 953 3855 auspicabor
974 3795 995 3836 a
1016 3774 1232 3860 syzygiamm,
1255 3797 1339 3861 quas

220 3873 331 3939 Draco
356 3868 541 3957 descripsit,
566 3870 800 3956 symplegmate
822 3872 938 3961 primo.

596 4190 957 4207 mmm-...-
