2825 4809
125 283 854 396 116111111111161111-661111111111.
878 327 917 396 c.
929 330 989 413 111,
1013 334 1038 416 1.
1050 331 1082 398 s.
1112 334 1187 410 1111

69 537 140 600 ·que
168 515 267 579 mode
298 512 365 600 11ρὸ
393 512 477 594 χθές
502 501 613 600 phtius
646 535 745 598 quam
777 522 812 578 ut
841 513 1041 600 Apollonius
1068 537 1097 580 6.
1123 517 1189 585 XI.

73 616 148 682 340.
171 624 205 680 et
224 613 326 680 bodie
343 613 464 680 Graeci
486 615 596 680 solent
611 612 766 700 πραχθές
786 613 993 680 scri-bendum
1015 630 1189 704 esse'pro·

74 717 132 782 bat
153 716 254 781 ¹altera
273 715 377 780 torma
399 737 440 780 ex
458 715 589 780 duabus
610 713 758 803 partibus
779 717 921 780 conflate
943 716 1116 799 πραυχθές
1137 720 1190 802 (ut

72 810 259 905 προῦργου)
288 839 354 901 quo
377 837 453 882 -ncn
475 815 614 903 simplex
636 815 735 898 ἐχθές
768 816 945 902 significari
973 817 1101 884 videtur
1127 821 1190 888 'sed

70 919 192 986 nudius
215 919 346 995 tertius3
367 927 493 984 veteres
518 936 596 984 vero
625 928 776 983 neutrum
801 928 997 1004 receperunt
1026 919 1087 984 sed
1106 919 1190 1001 χθὲς

71 1021 131 1087 καὶ
154 1015 317 1108 andreaea
330 1019 454 1086 dieunt
467 1019 533 1084 sel
558 1015 644 1101 χθὲς
663 1017 724 1084 καὶ
754 1014 879 1106 πρώην.
911 1019 976 1090 xllll
1002 1018 1107 1087 simile
1128 1021 1188 1089 sed

71 1124 183 1190 multo·
203 1121 360 1187 illustrius
387 1131 437 1195 est
464 1121 668 1206 πραπέρυσι,
707 1120 799 1204 quod
826 1119 1005 1186 distrahere
1040 1143 1189 1190 veremur

72 1225 233 1310 obsequie
261 1223 361 1291 meris
388 1215 557 1287 inueterati
578 1256 621 1270 --
647 1223 687 1308 τῇ
710 1221 776 1306 γὰρ
808 1226 922 1309 sacrepi
952 1221 1123 1312 coaposta-
1145 1219 1184 1290 cri

71 1322 246 1410 emensus
269 1317 517 1403 ἀντιτάξασθαι
544 1322 654 1391 Schol.
677 1323 780 1390 Dion.
803 1323 876 1401 718,
900 1324 950 1388 10.
994 1320 1047 1390 Ea
1076 1325 1187 1390 omnia

68 1427 269 1514 Apollonius
287 1425 526 1492 inconstantiae
541 1424 717 1511 impatiens
735 1425 882 1512 exceptis
902 1424 1099 1509 quibusdam
1116 1444 1186 1491 em·

69 1529 213 1617 phibolis
236 1527 279 1592 ed
300 1549 400 1594 unam
420 1526 549 1612 redegit
562 1527 714 1613 speciem
740 1527 1013 1593 soffia-fortasse
1035 1526 1186 1592 uberiore

69 1629 277 1717 expositione
298 1651 397 1714 quam
417 1640 473 1694 eut
495 1627 627 1706 librarii,
647 1639 684 1694 ut
696 1629 808 1706 multa,
829 1627 1015 1693 reciderunt
1036 1638 1093 1693 aut
1112 1627 1186 1716 ipse

69 1732 106 1798 in
129 1731 229 1796 alium
249 1731 358 1796 locum
379 1732 512 1816 rejicere
530 1731 652 1796 meluit.

153 1836 184 1918 §ss
200 1833 231 1897 6.
275 1833 402 1900 Verum
421 1831 463 1896 ab
484 1831 548 1897 hee
576 1833 668 1909 loco,
697 1832 755 1916 qui
774 1852 862 1895 nunc
889 1841 941 1896 est
966 1831 1002 1895 in
1023 1829 1184 1908 manibus,

67 1936 191 2024 pedem·
211 1933 331 2000 reterre
349 1956 417 1999 non
439 1953 575 2020 possum
603 1933 682 2018 quin
712 1932 837 2018 aliquid
864 1932 907 1997 de
939 1930 1100 1996 adverbiis
1122 1952 1184 1996 na·

64 2035 242 2102 merelibus
259 2034 431 2120 adjiciam,
461 2047 608 2120 quorum
622 2034 821 2100 mentionem
845 2033 942 2100 infert
973 2033 1183 2119 Apollonius.

58 2133 205 2216 Ἀποδίς
227 2148 259 2204 et
280 2137 371 2222 quod
391 2135 426 2200 in
449 2135 487 2202 O.
510 2135 571 2202 Xl.
595 2135 668 2202 339.
692 2136 827 2202 strictim
846 2136 946 2201 modo
967 2135 1075 2222 attigit
1096 2129 1185 2202 ἀπο·

62 2237 153 2326 τρίς,
196 2251 261 2324 quo
289 2239 364 2304 loco
398 2235 603 2325 reperiantur
630 2238 820 2324 ignoramus
849 2237 914 2303 sed·
936 2237 1075 2322 legimus
1103 2258 1183 2302 sane

61 2337 117 2418 εἰς
141 2339 194 2418 δίς
216 2331 354 2426 (11611ιώ1
365 2337 584 2426 ἐπιγίγνεται)
602 2341 750 2427 Appian.
772 2337 886 2404 Mithr.
899 2356 938 2404 c.
951 2339 1003 2403 78.
1026 2349 1059 2404 et
1079 2339 1182 2405 multo

61 2439 613 2525 616111ἱαεεῖςτρίςΧ611.Α11611.
638 2443 698 2508 IV.
722 2442 753 2506 2.
784 2441 845 2525 (4.)
870 2441 921 2506 16.
944 2440 1114 2527 Theophr.
1135 2443 1181 2506 H.

58 2544 117 2610 Pl.
138 2543 213 2608 ΙΧ.
227 2543 258 2620 8,
281 2544 311 2608 7.
333 2543 510 2608 Ρ6111.ἸΧ.
536 2545 588 2608 34.
609 2544 750 2608 Lucian.
772 2532 923 2627 Philops.
938 2563 966 2606 c.
983 2543 1034 2607 12.
1057 2543 1181 2609 Athen.

57 2643 144 2712 XV.
167 2643 240 2708 701.
261 2645 303 2710 Ε.
324 2664 488 2728 nusquam
507 2667 584 2710 vero
607 2643 728 2731 ἒςαρίς,
759 2644 850 2729 quod
870 2644 906 2707 in
930 2643 1030 2708 Pind.
1054 2641 1111 2709 Ol.
1133 2644 1181 2711 Η.

57 2746 115 2811 68.
129 2745 244 2830 Δ(124.)
267 2745 365 2830 Pyth.
378 2747 439 2813 IV.
455 2745 507 2810 61.
531 2746 634 2832 (100.)
659 2769 679 2810 a
700 2744 870 2812 Boeckbio
892 2746 1030 2830 ejusque
1050 2766 1182 2819 sueces-

57 2847 194 2914 soribus
217 2847 340 2912 editum
369 2857 430 2912 est*
445 2845 573 2913 sublato
598 2847 796 2932 syllabarum
822 2847 992 2912 intervallo
1020 2869 1087 2932 quo
1109 2848 1182 2913 sole
1275 2913 1278 2918 .

56 2947 302 3038 apposituma
318 2948 501 3035 composito
525 2949 666 3014 discerni
688 2959 812 3035 potest,‘
841 2969 917 3012 nam
939 2959 1092 3014 accentus
1114 2971 1182 3014 non

55 3050 280 3139 migrat3sed
296 3049 520 3138 appositionis
543 3051 673 3136 signum
694 3051 750 3113 dat
774 3060 869 3114 tenor
890 3050 1015 3136 duplex
1035 3049 1183 3116 adverbii

54 3153 122 3221 ἐπὶ
142 3149 215 3239 τρίς
235 3151 351 3218 Diosc.
372 3152 460 3238 Elup.
483 3153 528 3218 11.
550 3153 608 3230 20,
636 3153 712 3217 233.
734 3143 825 3217 Mat‘
839 3153 882 3219 V.
905 3173 935 3217 c.
962 3151 1021 3229 87,
1055 3151 1128 3217 760.
1151 3173 1181 3220 6.

56 3255 136 3332 102,
159 3253 231 3318 766.
274 3253 339 3318 His
362 3252 512 3318 omnibus
535 3253 602 3320 iere
623 3252 704 3318 lucis
728 3254 756 3317 si
779 3253 918 3340 simplex
933 3251 1007 3338 τρίς
1023 3253 1182 3340 seriptum

55 3361 167 3434 esset,
195 3375 294 3420 nemo
317 3355 499 3440 quidquam
521 3354 563 3420 de
584 3355 770 3440 integritate
791 3354 972 3420 sententiae
1001 3353 1183 3420 delibatum

52 3468 209 3548 putaret,
236 3457 379 3542 ideoque
406 3457 622 3545 Apollonium
650 3457 731 3521 haec
762 3477 894 3542 quoque
926 3456 1073 3542 synthesi
1101 3454 1180 3521 sub·

46 3561 178 3648 jecisse
201 3559 367 3646 suspicor,
386 3577 457 3624 ‘ecs
478 3579 555 3624 veru
586 3559 643 3644 qui
672 3559 936 3649 praepositiones
968 3579 1036 3623 non
1057 3567 1182 3624 temere

52 3664 205 3748 adjectas
229 3680 303 3727 esse
324 3660 383 3725 sed
400 3661 665 3746 progressionem
687 3662 837 3746 adusque
854 3660 986 3726 tertium
997 3659 1182 3746 significare

53 3773 248 3841 censerent,
273 3763 335 3826 ills
361 3783 429 3828 non
450 3761 543 3826 aliter
570 3774 602 3826 et
624 3763 811 3828 enuntiasse
832 3773 866 3828 ct
887 3763 1059 3849 scripsisse
1081 3784 1185 3846 quam·

51 3863 109 3944 εἰς
130 3862 214 3943 deoc,
239 3861 289 3942 εἰς
307 3862 403 3940 τέλος
421 3875 481 3929 etc.
503 3885 571 3929 non
594 3865 700 3930 solum
721 3863 872 3930 librarios
901 3865 960 3928 sed
983 3864 1081 3929 etiam
1107 3883 1178 3926 ma·

49 3988 158 4057 gnam
180 3977 307 4054 partem
341 3965 536 4052 scriptorum
563 3965 619 4049 qui
635 3987 809 4031 canonem
834 3965 1093 4052 Apollonienum
1120 3973 1178 4028 aut

49 4063 332 4157 ignorarent‘aut
365 4065 497 4133 scholae
530 4067 786 4152 relinquendum·
818 4068 982 4132 ducerent.
1024 4067 1104 4132 Duo
1136 4066 1178 4130 ab

48 4173 108 4238 his
148 4159 370 4236 numeralibus
410 4167 555 4234 derivata
592 4169 771 4255 scripturae
805 4180 971 4235 memento
1007 4167 1181 4253 distinguit

48 4277 208 4344 Joannes
232 4295 266 4358 p.
279 4271 331 4336 23.
352 4267 409 4338 διὰ
432 4268 529 4358 τρίχα
552 4262 589 4336 οὐ
614 4269 782 4348 συνθέτως
805 4264 852 4350 ὡς
876 4265 1044 4352 διάνδιχα.
1078 4267 1180 4336 Cem-
