2825 4809
214 362 220 373 .
315 313 677 388 DEPARECTASI.
723 314 762 385 C.
782 317 825 386 V.
853 319 880 404 ς.
894 317 925 384 2.
1105 319 1178 396 175

95 507 172 576 πλεῖν
205 526 221 570 e
251 506 365 569 πλεῖον
395 503 517 570 factum
549 504 670 570 omisso
697 495 724 570 ο
754 505 877 584 micro,
919 505 1129 593 Κλεισθένης
1160 529 1179 571 e

94 603 300 692 Κλεοσθένης,
321 603 384 670 hoc
406 617 514 671 autem
534 629 554 671 a
575 607 685 672 dativo
707 607 836 692 integro
853 607 941 674 κλέει
959 606 1179 695 compositum

94 707 257 781 arbitratur,
284 717 450 792 postremo
476 708 610 773 atticum
632 706 780 784 Νείλειυς
806 732 826 773 a
846 709 956 795 prisco
976 704 1107 797 Νηλεύς
1125 708 1177 772 ni·

92 809 127 874 hil
144 807 295 872 diversum
316 819 409 893 putat
421 809 463 890 ⁴).
508 809 578 877 Sed
599 809 680 876 haec
708 831 822 876 vereor
842 831 884 876 ne
904 809 1060 876 fervidius
1082 831 1178 896 prae-

92 911 203 997 cipitata
223 909 286 974 sint
307 910 452 976 consilia.
506 915 588 976 Δεῖν
616 921 702 976 certe
732 911 942 999 participium
971 922 1021 976 est
1048 911 1084 975 in
1105 910 1177 975 Lus

91 1012 157 1078 aian.
196 1012 274 1096 Jup.
304 1011 402 1098 Trag.
438 995 466 1077 ε’.
496 1012 546 1078 14.
577 1016 655 1090 νοῦς
685 1007 799 1098 ὀλίγου
832 1014 901 1079 δεῖν
924 1009 1118 1100 ἀπολομένη
1146 1022 1180 1078 et

89 1113 198 1179 Philon.
219 1112 259 1178 de
280 1111 372 1178 Fert.
394 1115 437 1180 V.
461 1113 533 1179 740.
557 1111 596 1180 O.
627 1107 673 1191 ὡς
695 1106 732 1179 ori
755 1115 824 1179 daia
850 1107 978 1192 ἆιελεῑς
999 1112 1060 1190 τὰς
1080 1110 1177 1178 ἑλπί-

89 1215 138 1292 tog
156 1212 414 1295 κατασκευάζειν,
437 1216 495 1280 ubi
516 1215 664 1300 Mangey
686 1237 719 1301 p.
744 1212 818 1280 380.
848 1213 925 1283 δέον
950 1213 1048 1282 scribi
1064 1213 1178 1298 jubet3
1215 1213 1218 1216 ’

88 1316 174 1391 πλεῖν,
196 1315 284 1400 quod
307 1315 384 1383 soh.
404 1318 477 1383 BL.
504 1317 547 1384 ad
558 1317 597 1382 tl.
616 1316 662 1382 II.
687 1316 759 1382 103.
780 1337 855 1381 eum
874 1314 1022 1394 Νείλεως
1042 1316 1177 1390 confert,

87 1438 119 1480 ex
135 1417 434 1483 ntrinaconeisum
462 1441 535 1485 esse
569 1441 668 1506 supra
696 1416 925 1484 dubitavimus.
969 1415 1179 1502 Κλεισθένης

87 1516 107 1580 si
123 1539 158 1582 ex
181 1517 277 1582 dativi
299 1519 403 1585 torma
426 1521 561 1608 propria
582 1531 616 1586 et
636 1521 826 1608 incorrupta
854 1520 965 1585 fletum
987 1529 1092 1594 esset,
1124 1539 1176 1584 re-

85 1630 226 1704 pugnaret
253 1619 404 1686 affinibus
435 1621 636 1710 Κλεογένης,
665 1623 843 1707 Κλεοφῶν,
868 1616 1071 1703 χρεοκλπος,
1099 1643 1176 1684 νυο-

86 1716 172 1806 ηλρος
192 1733 251 1787 etc.
275 1744 414 1806 quorum
439 1723 563 1790 nullum
590 1724 633 1788 ad
654 1723 744 1790 illam
765 1721 850 1787 tertii
874 1743 969 1786 casus
990 1719 1175 1786 similitudi·

33 1843 34 1848 *
84 1843 144 1886 nem
161 1822 327 1908 redigitur.
372 1825 475 1908 Quod
504 1836 611 1891 autem
638 1824 822 1890 Ahrensius
852 1823 965 1889 statuit
991 1825 1075 1891 Dor.
1102 1821 1176 1886 218.

33 1927 34 1930 ’
84 1921 241 2010 Κλειγενής
263 1947 305 1989 ex
327 1925 509 2015 Κλειγένης
530 1939 745 2004 contractum,
767 1925 830 1992 hoe
852 1947 929 1991 vero
950 1947 1010 2011 pro
1034 1921 1178 2007 Κλεογέ-

83 2049 127 2111 νης
152 2024 359 2092 substitutum
391 2039 423 2094 et
455 2028 492 2093 id
523 2052 590 2094 non
623 2051 696 2094 oum
726 2028 859 2097 nomine
891 2028 951 2092 sed
976 2049 1050 2094 oum
1076 2023 1177 2089 verbo

83 2123 152 2190 ata'u
177 2129 396 2214 compositum
428 2151 500 2197 esse
536 2130 743 2217 redarguitur
770 2130 833 2197 boe
865 2140 1057 2215 argumento
1085 2125 1177 2212 quod

81 2226 163 2292 verba
181 2231 331 2313 ejusdem
353 2232 475 2296 ordinis
497 2232 571 2312 ξὲιο,
595 2233 679 2318 ρέιο,
701 2231 766 2313 χέιυ
788 2244 848 2298 etc.
870 2234 906 2297 in
929 2230 1088 2318 syntbetis
1110 2251 1178 2294 non

80 2327 202 2412 primum
229 2332 340 2397 locum
371 2331 519 2419 obtinent
548 2335 608 2400 sed
637 2347 837 2421 postremum
868 2330 1071 2416 φυλλοχόος,
1101 2353 1173 2413 χρυ-

80 2429 202 2514 σορῥόος
231 2443 265 2498 et
303 2434 354 2498 all.
389 2458 449 2521 pro
469 2433 693 2524 θρεοκάρόιος
712 2447 821 2500 autem
842 2435 875 2499 in
897 2436 1020 2501 Anacr.
1043 2433 1175 2516 Fragm.

81 2528 177 2598 Critiei
216 2535 417 2622 scripserunt
456 2537 719 2620 θρασυκάρδιος.
776 2536 866 2602 Hinc
902 2536 1048 2620 sequitur
1079 2534 1177 2598 etiam

79 2629 295 2719 Κλεόπομπος
323 2647 356 2702 et
385 2633 575 2724 Κλεοχάρης
602 2659 669 2704 non
701 2659 776 2702 eum
810 2637 873 2702 alia
900 2648 992 2723 parte
1019 2633 1176 2702 orationis

80 2749 213 2804 consata
235 2761 316 2804 esse
346 2761 444 2824 quam
466 2734 695 2824 ψυχοπομπός
720 2749 754 2804 et
781 2735 972 2826 ὀοξοχαρής.
1022 2736 1177 2820 Denique

78 2839 208 2917 Κοίλιος
230 2841 449 2926 compositum
476 2839 617 2916 videtur,
644 2839 783 2926 simplex
802 2861 879 2905 vero
901 2834 1057 2916 Νειλεός,
1087 2836 1178 2923 quod

78 2933 316 3006 Choeroboseus
348 2942 443 3007 Orth.
466 2942 546 3017 241,
568 2941 599 3006 5.
630 2941 740 3006 dorice
766 2964 826 3027 pro
850 2937 979 3030 Νηλεύς
1007 2939 1072 3006 dici
1094 2960 1174 3004 con-

77 3039 215 3124 tendit⁵).
260 3043 315 3110 De
338 3043 402 3107 hoo
422 3041 504 3108 nihil
528 3042 699 3120 affirmem
726 3044 787 3109 sed
810 3041 990 3108 contractio
1018 3041 1075 3106 illa
1098 3039 1176 3104 satis

75 3173 395 3192 ——u—-m

133 3244 161 3310 1)
175 3249 298 3306 Nestane
308 3245 401 3300 Mileti
415 3245 544 3302 conditor
556 3262 757 3318 nonnunquam
772 3243 876 3315 Νηλεύς
885 3252 1003 3299 vocatur
1014 3259 1038 3295 r.
1050 3240 1175 3296 Brunck.

76 3327 104 3380 ad
117 3327 235 3387 Theoor.
250 3331 387 3386 XXVIII.
401 3333 426 3387 3.
444 3330 607 3402 posterique
621 3332 681 3402 ejus
698 3333 831 3401 Νηλεῖδαι
844 3331 977 3402 Apollon.
990 3330 1060 3398 Arg.
1075 3327 1098 3381 I.
1116 3329 1175 3380 11511.

76 3414 223 3472 etrieissim
236 3418 342 3472 Neleus
355 3419 439 3472 beros
452 3410 563 3476 Νειλεύς
582 3437 606 3473 v.
619 3417 736 3473 Jacobs.
755 3421 792 3472 ad
804 3419 890 3471 Antb.
908 3437 937 3488 p.
953 3417 996 3469 38.
1016 3416 1178 3483 Κλησθένης

76 3496 192 3555 inlusor.
208 3503 284 3557 Cret.
304 3522 361 3556 non
382 3520 417 3557 ex
430 3507 603 3572 Κλεεοθένης
621 3511 652 3557 ut
663 3503 818 3558 Abrensius
830 3505 898 3558 Dor.
919 3505 978 3556 aut.
993 3510 1086 3556 ortum
1099 3498 1178 3554 dixe·

75 3583 117 3639 rim
129 3591 176 3642 esd
193 3607 247 3660 per
264 3597 368 3662 tropen
388 3589 501 3643 dialecti
520 3588 654 3658 vulgaria.
684 3589 740 3643 Pro
756 3593 930 3656 Πλησθένης,
949 3589 1026 3659 quod
1044 3587 1081 3641 in·
1093 3589 1177 3642 codd.

76 3669 198 3742 Stephani
212 3693 242 3746 p.
259 3677 316 3730 113.
331 3675 442 3744 legitur,
456 3674 624 3730 Gaissordus
637 3673 665 3728 in
685 3675 748 3728 EM.
762 3677 819 3740 165,
836 3679 875 3729 15.
891 3679 1062 3742 Πλεισθένης
1077 3674 1176 3728 edidit.
1272 3683 1282 3690 ’

74 3761 253 3824 Πλησιονελιια
273 3761 379 3832 legitur
393 3762 422 3815 in
439 3762 526 3816 Instar.
546 3763 650 3816 Lacon.
669 3761 755 3832 Corp.
774 3780 802 3816 n.
824 3761 898 3816 15116.
917 3765 1092 3829 Κλεοσθένης
1110 3759 1178 3830 Epi-

75 3842 166 3898 damnii
185 3846 333 3918 eujusdam
349 3865 452 3901 nomen
469 3847 497 3900 in
514 3848 601 3902 Anah.
614 3847 690 3918 App.
713 3850 772 3902 117.
790 3848 966 3919 trisyllabum
984 3855 1028 3902 est
1045 3855 1177 3917 porrecta

73 3930 160 3996 media,
174 3933 248 3988 sieut
260 3937 375 3994 πλέονες
386 3933 553 4004 bioyllubum
566 3935 621 3989 Od.
633 3933 742 3988 XVIII.
756 3936 815 3988 att.

132 4020 159 4085 5)
173 4019 255 4074 Sicut
266 4015 377 4090 Βάκχος
388 4019 461 4074 idem
476 4019 578 4074 dicitur
591 4017 723 4090 Βακχεύς,
736 4016 872 4089 Λυκιοηός
880 4012 1054 4090 Λευκονοεύς,
1067 4012 1178 4089 Πάτρο-

72 4103 126 4163 κλος
134 4102 316 4176 Herennianis,
330 4106 369 4159 ita
381 4106 501 4160 tortasse
510 4106 609 4177 uliquis
619 4105 721 4160 dixerit
731 4102 843 4165 Νηλεύς
852 4123 871 4158 a
881 4109 982 4166 Νεῖλος
991 4113 1179 4176 propagatum

73 4203 124 4242 esse
135 4193 277 4261 quomodo
291 4209 376 4262 quum
389 4191 436 4246 alii
450 4193 541 4247 vocati
554 4199 619 4246 sunt
630 4199 689 4248 tum
703 4192 787 4249 etiarn
802 4192 927 4246 medicus
938 4208 1023 4262 saepe
1042 4190 1177 4246 aGaleuo

72 4271 198 4346 laudatus,
212 4277 343 4352 idemque
352 4273 465 4342 Νειλεὺς
476 4277 531 4335 diei
543 4277 655 4335 videtur
661 4278 759 4353 Comp.
768 4280 846 4334 Med.
853 4298 881 4352 p.
890 4279 975 4334 Loco.
983 4279 1022 4335 11.
1030 4279 1090 4333 518.
1099 4285 1177 4351 etsq.
