2825 4809
111 340 162 447 nn
176 373 290 441 anns
312 369 550 441 srncorn
572 366 850 438 onnnnrnns.
873 365 972 436 en.
986 370 1012 455 §-
1025 368 1054 433 ι.
1078 368 1153 443 aaa
1187 364 1193 373 ’

81 562 124 632 κοί
146 560 241 645 ἕτερον
267 553 404 645 γράμμα
430 552 612 677 σύμφωνον
639 547 663 643 ἢ
692 552 891 623 solariolo
920 549 1069 641 συλλαβὴ
1094 550 1154 618 ναί

79 659 186 786 ypdppo
203 654 395 785 σύμφωνον,
421 654 480 723 καί
507 660 606 725 τοῦτο
635 656 786 781 συγκοπὴ
811 657 957 741 λέγεται·
989 677 1089 721 τουτο
1114 651 1153 719 ol

80 763 177 850 γίνεται
196 761 227 828 ἐν
245 786 290 847 σῳ
274 751 481 846 ἐρῥεῐσς’
461 755 535 825 αντὶ
557 762 616 826 τοῦ
641 753 821 845 είιρίονσος,
844 745 924 823 ίν
898 782 926 844 ῳ
946 755 1007 823 καί
1026 778 1154 844 ποτμον·

78 861 145 951 λήνη
163 866 215 929 σοῦ
235 887 248 927 ι
269 858 474 947 μέμφονται
464 858 529 925 ἐν
551 884 599 947 τῳ
620 851 800 957 θέραπα’
780 856 853 927 αντὶ
869 882 932 925 σου
916 854 1153 981 lappam,

78 961 142 1031 ἔνθα
157 961 248 1047 μέρος
269 961 436 1049 συλλαβῆς
459 953 617 1050 ἀφῃρέθη
645 959 686 1027 τὸ
713 986 752 1025 σν
775 959 947 1056 (οιλάο-
896 957 956 1025 καί
977 953 1156 1045 σύμφωνον

76 1090 103 1131 το
96 1063 153 1142 a)
184 1054 245 1128 Ην
262 1061 326 1148 γὰρ
347 1066 445 1129 πᾶσα
466 1088 487 1149 η
475 1048 744 1149 (συλλαβὴ-
675 1086 743 1129 πον
771 1059 868 1127 senil).
891 1084 948 1127 οντ
969 1080 1157 1145 quanquam

77 1166 138 1231 haee
155 1186 216 1231 non
239 1161 363 1248 syllaba
385 1173 437 1229 est
463 1162 524 1229 sed
546 1184 622 1249 pars
651 1162 797 1248 syllabae
826 1173 861 1229 et
888 1184 1042 1228 consona.
1086 1161 1157 1229 Sed

75 1266 196 1333 lellitnr'
186 1288 219 1331 ιιι
239 1275 320 1331 toto.
362 1264 450 1331 Nam
470 1264 633 1351 genitivus
665 1265 721 1331 illa
749 1290 770 1331 a
790 1275 880 1333 reolo
907 1258 1024 1354 είρεής
1052 1262 1155 1329 ‹leeli-

75 1378 147 1463 natus
172 1366 355 1433 eesParall.
381 1365 455 1433 235.
484 1367 686 1433 οοοιιινλίσιιο
710 1389 730 1432 a
752 1369 876 1457 θέροψ
897 1365 1023 1433 Teolrn.
1049 1365 1102 1432 65
1124 1376 1158 1431 et

75 1472 128 1536 132.
165 1468 295 1556 Syllaba
325 1490 409 1554 quae
436 1467 555 1535 abillo
584 1479 719 1535 voeatur
744 1467 872 1549 τελεία,
908 1490 984 1535 oum
1012 1490 1158 1535 consone

75 1572 271 1657 subsequentis
303 1569 433 1637 sublata
453 1569 612 1635 videtur
602 1594 637 1635 ιιι
661 1571 795 1637 nomine
813 1568 958 1656 λαχμός,
991 1591 1059 1655 quo
1082 1573 1156 1637 An·

75 1675 202 1741 inachus
225 1696 305 1741 usus
330 1683 381 1739 est
402 1694 463 1759 pro
478 1669 669 1759 λανσιομός,
692 1672 912 1761 ἱιιροιλὶοὶφίο
929 1670 1044 1752 λάξας,
1067 1674 1158 1759 quod

75 1777 159 1844 Sehol.
177 1779 257 1863 Lye.
274 1777 348 1841 137.
370 1776 601 1860 interpretetur
620 1773 791 1854 λακτίσας,
813 1785 848 1841 et
866 1774 1026 1840 infinitivo
1036 1776 1158 1855 Λάξοι

74 1876 200 1946 λοπίσαι
227 1880 312 1945 Hes.
340 1878 399 1943 sed
427 1875 494 1941 veri
525 1875 661 1941 similius
694 1887 745 1943 est
773 1876 856 1943 haee
887 1874 930 1941 ab
957 1877 1032 1964 ipsa
1056 1878 1159 1965 stirpe

75 1979 190 2045 derivata
214 2004 287 2047 esse
317 2000 401 2064 quae
430 1988 569 2064 apparet
599 1976 634 2041 in
658 1974 800 2066 λοίγδην,
834 1974 910 2057 λάξ,
937 1980 1159 2067 λοκπασήσας

75 2080 166 2146 Parsll.
193 2082 243 2147 97.
288 2082 343 2147 Ex
376 2101 416 2145 eo
445 2080 536 2164 quod
565 2078 712 2145 Galenus
738 2079 819 2144 dicit
843 2079 886 2145 de
911 2080 1038 2147 Facula
1064 2082 1158 2149 Mea

76 2181 162 2269 Sinpl
182 2185 260 2250 VH.
282 2184 336 2249 43.
359 2206 392 2268 p.
415 2180 468 2247 36.
481 2180 521 2244 Τ.
543 2180 627 2245 ΧΠ.
651 2175 684 2247 oi
696 2181 841 2247 παλαιοί
854 2179 1010 2269 Ἕλληνες
1024 2182 1159 2269 μορίαν·

75 2286 146 2369 νονῑ)
171 2287 339 2362 καλοῦσιν,
363 2278 396 2350 ολ
416 2278 573 2368 νεώτεροι
595 2280 633 2347 δὲ
654 2276 785 2369 κόριον,
805 2282 941 2347 forsitan
961 2283 1080 2370 aliquia
1103 2305 1159 2351 su·

73 2385 188 2470 spiretur
205 2386 269 2451 hoe
295 2383 426 2450 brevius
448 2404 585 2460 nomen,
615 2405 681 2468 quo
697 2383 770 2467 jam
789 2383 958 2451 Nicander
977 2386 1092 2465 utitur,
1119 2410 1161 2453 ex

71 2486 111 2551 illo
140 2497 385 2573 coangustatum
417 2507 491 2551 esse
521 2484 626 2550 recisa
658 2485 785 2571 syllaba
806 2474 859 2553 ἶνιν
894 2503 928 2551 et
958 2476 1160 2558 consona-r:

70 2585 176 2653 literae
194 2577 253 2677 ἧμ
274 2587 416 2655 omissae
438 2596 514 2652 sunt
534 2586 568 2650 in
587 2587 797 2673 συρέμβολος
816 2588 853 2653 id
874 2599 925 2653 est
940 2591 1160 2677 συριγμίμβο·

71 2690 120 2769 λος,
140 2692 194 2757 sed
216 2690 281 2759 hoe
305 2688 498 2757 Eustathius
514 2688 593 2775 ,ipae
614 2688 726 2754 idiotis
748 2690 894 2775 assignat
917 2690 991 2768 664,
1012 2693 1065 2758 42.
1092 2693 1162 2760 Cur

70 2788 238 2881 Xenophon
260 2795 399 2879 ejusque
420 2790 564 2856 imitator
572 2791 734 2859 Arrianus
744 2791 944 2878 Amphionis
966 2794 1160 2881 sepulerum,
1254 2848 1258 2851 .

70 2894 140 2975 qnod
159 2889 377 2984 Ἀμφιονεῖον
400 2893 575 2959 dicendum
601 2902 686 2971 erat,
716 2888 880 2982 Ἀμφεῖον
904 2897 1070 2961 vocaverit
1094 2922 1162 2967 non

70 3000 118 3058 tan
136 3017 301 3083 syncopae
324 2993 552 3081 imputandum
573 3004 625 3061 est
652 3016 752 3080 quam
777 2994 955 3061 reversioni
977 2997 1021 3063 sd
1040 3000 1162 3086 prinei.

70 3095 140 3179 pium
167 3091 272 3187 ἀμφί,
305 3098 395 3162 unde
418 3088 558 3185 Ἄμφις,
581 3090 729 3183 Ἀμφοος
758 3104 792 3159 at
813 3089 962 3182 Ἀμφίας
992 3114 1163 3171 manarunt

69 3199 201 3281 prosodia
223 3200 368 3278 diversa,
394 3199 568 3285 ipsumque
591 3189 746 3284 Ἀμφίων
775 3218 816 3261 ex
838 3194 1063 3269 Ohoerobosoi
1086 3228 1162 3272 sen.

70 3299 150 3364 antia
171 3300 268 3367 Orth.
293 3300 365 3367 168.
386 3322 461 3366 eum
481 3292 841 3385 λοιιισιιίοοἈμφιεῖον,
864 3300 955 3383 quod
975 3297 1163 3396 ἱῃᾌμφρῐ.

70 3420 97 3462 ον
114 3402 203 3466 cessit
225 3410 264 3467 ut
284 3406 440 3486 romolos
463 3402 498 3467 in
519 3405 667 3491 ταμεῖον.
700 3400 797 3483 Quae
818 3413 999 3486 sequuntur
1014 3411 1164 3497 exempla

70 3496 117 3565 hoe
134 3502 214 3569 inter
235 3528 273 3571 se
298 3526 469 3570 commune
490 3502 612 3568 habent
634 3502 726 3587 quod
735 3524 881 3568 eonsona
896 3514 929 3569 et
939 3506 1165 3594 circumjectas

70 3602 198 3689 utrinque
227 3606 361 3673 vocales
391 3604 557 3670 effluxisse
583 3604 744 3669 dicuntur.
786 3605 934 3670 Primum
954 3595 1017 3674 α-κῖ
1034 3612 1076 3676 de
1098 3636 1164 3699 qno

72 3700 161 3770 schol.
188 3708 294 3774 Dion.
316 3706 462 3774 Gramm.
485 3706 565 3784 942,
586 3706 639 3771 20.
661 3707 700 3770 τὸ
729 3704 783 3785 δίς
806 3707 865 3773 κοί
892 3709 965 3794 τρίς
991 3713 1164 3783 πέπονθε·

69 3800 170 3894 τὸγὰρ
193 3804 315 3887 ὁσάκις
335 3806 395 3873 καί
416 3803 547 3893 τριάκις
567 3801 650 3893 παρ’
667 3800 913 3896 Ἀριστοφάνει.
945 3810 1040 3877 Haec
1057 3826 1165 3882 antem

72 3910 209 3974 sententia
230 3932 252 3976 a
275 3909 455 3997 Tryphone
488 3908 709 3995 proseminata
736 3918 804 3986 est,
832 3931 930 3994 quern
961 3912 1165 3999 subsequens

70 4006 247 4092 Apollonius
272 4013 314 4077 de
334 4011 422 4077 Adv.
444 4009 525 4088 556,
548 4010 600 4076 34.
621 4010 666 4073 ita
687 4010 848 4097 disputat:
875 4010 1029 4079 adverbia
1049 4038 1165 4084 mono-

123 4248 150 4316 2)
163 4250 305 4323 seriptum
316 4256 360 4305 ast
371 4253 514 4320 νορλονον,
528 4249 606 4323 qnotl
618 4244 641 4301 si
652 4245 815 4312 retinemus,
827 4247 988 4320 exemplum
994 4249 1050 4307 hoe
1061 4252 1099 4305 ed
1106 4252 1168 4311 cl

69 4332 180 4398 pertinet.

892 4419 957 4485 25*
