2825 4809
265 366 345 441 'm
509 405 514 416 ·
618 359 939 430 DISSERTATIO
968 363 1033 428 III.

269 549 409 616 Constat
429 567 506 610 vero
529 543 703 611 verborum
724 547 1004 612 circumflexorum
1020 569 1167 634 praesens
1182 559 1212 614 ct
1224 551 1333 621 lrrturnn

268 649 468 734 liquidorum
477 658 720 732 paroxytonum
735 648 958 713 contractione
970 649 1212 734 perispomenon
1220 651 1286 730 lieri,
1299 657 1333 720 in.

269 751 410 818 finitivos
436 767 517 813 uero
545 748 739 813 nonistorum
765 748 852 813 hunc
875 749 997 815 habere
1017 750 1186 835 genuinum
1206 762 1235 816 et
1252 753 1334 820 donc-

270 854 386 918 sticum
416 859 600 926 accentum,
627 850 717 915 undo
747 850 895 934 sequitur
921 846 1115 939 εὐφρανέειν
1141 875 1160 915 a
1185 853 1334 938 pleonasmo

268 976 335 1020 non
355 952 462 1018 minus
482 952 582 1037 longe
604 950 721 1016 abesse
745 973 842 1036 quum
862 951 1010 1027 λαλέειν,
1035 950 1161 1015 coristis
1180 975 1248 1018 vero
1265 977 1334 1019 roco-

269 1056 334 1120 lem
361 1053 557 1120 insinuatam
586 1074 675 1129 esse,
706 1073 791 1138 quse
815 1052 895 1137 qnia
922 1049 1130 1137 diphthongo
1156 1053 1238 1118 lineli
1261 1056 1335 1119 affinis

271 1168 333 1234 est,
360 1156 436 1220 ideo
468 1177 535 1219 non
565 1153 758 1240 pleonasmo
787 1152 982 1218 adscribitur
1009 1152 1069 1216 scd
1091 1153 1217 1237 dinlysi,
1236 1175 1337 1239 quornm

270 1257 444 1324 discrimen
470 1255 681 1320 Herodianus
708 1256 844 1341 exponit
871 1277 910 1319 eo
938 1254 1013 1320 loco
1040 1275 1107 1338 quo
1135 1252 1176 1318 de
1201 1255 1338 1339 γιρονιέοι

271 1358 467 1424 disserit—
491 1355 647 1441 Syllabas
668 1383 700 1423 οι
725 1357 904 1442 praefixum
928 1355 1058 1475 epsilon
1078 1354 1221 1418 nonnulli
1239 1353 1288 1418 sibi
1303 1378 1337 1419 re

270 1461 376 1548 perire
397 1459 459 1522 visi
485 1468 561 1522 sunt
582 1458 617 1521 in
640 1458 786 1544 optativo
806 1456 898 1521 verbi
912 1453 1117 1538 μάχομαι-
1127 1452 1339 1538 μαχέοιντομά·

269 1583 380 1643 χοιντο
403 1556 614 1641 πλεονασμός
639 1557 711 1624 ἐστι
733 1562 798 1678 τοῦ
818 1585 834 1625 s
818 1547 965 1626 Schol.
987 1558 1026 1620 B.
1048 1556 1093 1620 ad
1114 1555 1154 1618 ll.
1173 1555 1199 1619 1.
1219 1555 1276 1618 344.
1292 1579 1338 1637 μα-

270 1660 382 1742 χέοιτο
406 1652 480 1724 δνσὶ
497 1661 557 1723 τοῦ
575 1654 718 1740 μάχοιτο
740 1652 779 1722 οδ
802 1657 887 1723 κατὰ
910 1655 1074 1742 διαίρεσιν
1096 1650 1181 1723 ἀλλὰ
1203 1653 1271 1719 ucri
1288 1680 1338 1718 αα-

271 1762 426 1844 ρένθεσιν
452 1760 512 1824 τοῦ
544 1783 561 1824 ι
538 1745 699 1824 Schol.
729 1759 773 1823 A.
803 1758 847 1822 ad
877 1759 905 1822 1.
927 1757 1002 1823 273.
1029 1758 1089 1822 sed
1113 1755 1194 1821 haec
1211 1756 1290 1841 potius
1305 1754 1337 1817 44

270 1880 426 1948 praesens
457 1857 699 1923 circumflexum
731 1858 843 1922 referri
875 1867 1021 1944 oportet,
1054 1858 1150 1941 cujus
1182 1856 1342 1943 participium

271 1973 321 2027 est
335 1956 559 2043 μαχιοδμενος
573 1958 659 2024 κατὰ
678 1957 844 2043 διαίρεσιν
858 1961 968 2046 Epim.
984 1959 1013 2023 Ι.
1024 1959 1099 2024 282.
1114 1959 1169 2043 ¹⁸)
1198 1955 1342 2039 InPlrotyl

271 2062 373 2128 Nuth.
400 2059 471 2125 145.
496 2055 568 2124 ἀπὸ
592 2063 657 2123 τῶν
680 2055 776 2124 ἶδίιον
793 2062 934 2147 φαγέοις
959 2060 1089 2143 βίοτον,
1120 2060 1259 2146 plerique
1276 2057 1344 2122 codd.

173 2197 175 2202 ·
270 2159 392 2250 φάγοις
411 2159 586 2247 praebent,
609 2179 694 2222 unus
718 2152 827 2244 ι’ίγοις,
852 2160 1118 2246 quodBerglrius
1137 2171 1235 2224 metro
1251 2180 1345 2223 ccccm

270 2262 415 2344 modarit
437 2261 568 2344 διάγοις
590 2259 746 2324 scribens.
773 2253 999 2345 Ἀναιιρινέοις
1020 2261 1055 2326 in
1076 2261 1295 2348 epigrammate
1305 2260 1346 2324 Se

270 2363 403 2452 phronii
429 2360 532 2427 Anth.
562 2361 627 2426 IX.
659 2361 731 2425 787.
765 2360 882 2426 eodem
912 2361 993 2425 vitio
1027 2373 1213 2426 contactum
1241 2371 1285 2425 est
1305 2381 1347 2443 qm

271 2463 484 2547 διακρινέωσι
505 2461 581 2526 olim
606 2461 775 2546 vulgatum
799 2461 838 2526 Il.
860 2463 906 2526 11.
929 2463 1019 2528 475.-
1045 2464 1157 2549 Epsili
1181 2460 1348 2551 postpositiri

271 2564 457 2650 exemplum
477 2559 571 2628 affert
592 2561 669 2629 Soh.
693 2563 737 2626 A.
757 2562 866 2627 4411.
887 2564 985 2631 XIV.
996 2564 1071 2629 241.
1095 2565 1274 2646 ἕπισχοῖις
1292 2558 1349 2628 oiim

270 2665 329 2752 τὴν
358 2664 489 2751 γραφὴν
513 2658 787 2748 στιιρατιθεταιί
769 2687 789 2727 ο
807 2659 1014 2744 Ἡρωδιανὸς
1042 2665 1101 2732 καὶ
1130 2662 1255 2751 λέγει’
1237 2666 1298 2731 απὸ
1312 2664 1349 2726 roi

270 2761 424 2844 ἑπίσχοις
445 2757 706 2847 πλεονασμ4ν’
675 2788 761 2830 ιιναι
779 2769 839 2830 τοῦ
857 2789 874 2830 4
894 2791 914 2852 η
908 2761 1102 2854 συστολὴν
1124 2772 1185 2832 τοῦ
1203 2759 1350 2848 ἐπισχοίης·

270 2865 330 2929 sed
357 2864 458 2928 hoo
449 2885 559 2949 rpsum
586 2863 736 2929 nonnulli
756 2875 901 2929 veterum
925 2864 1123 2932 Criticorum
1142 2874 1352 2953 receperuntet

270 2963 493 3052 approbarunt
513 2966 626 3032 nostri.
672 2965 959 3047 Quemadmodum
981 2967 1161 3054 scriptores
1184 2969 1225 3031 de
1240 2967 1353 3050 vulgos

270 3068 402 3152 saepius
427 3067 524 3132 etiam
545 3065 666 3131 librarii
685 3066 775 3152 vnlgi
798 3069 993 3153 contagione
1014 3069 1161 3154 corrupti
1179 3067 1273 3133 verbo
1293 3063 1353 3130 ἱέναι

268 3168 414 3232 vocalem
437 3167 579 3232 debitam
604 3167 814 3233 detraxerunt
835 3168 882 3234 sic
904 3168 992 3233 baud
1010 3191 1084 3234 roro
1102 3169 1219 3234 addita
1235 3161 1354 3233 estrerbi

271 3263 357 3333 ἰέναι
384 3268 621 3333 144444444ὶί4
647 3269 688 3332 iis
715 3267 835 3353 quibus
861 3269 994 3336 minime
1023 3272 1194 3347 convenit3
1228 3267 1355 3347 διεξιίμιν

271 3368 402 3451 Scymn.
427 3367 503 3433 Per.
524 3371 599 3436 470.
624 3370 715 3455 quod
736 3369 924 3436 Meinekius
949 3372 1094 3450 sustulit,
1118 3368 1247 3450 εἰςιέται
1262 3367 1354 3437 Julian

272 3469 379 3535 Oratt.
408 3468 541 3555 Fragm.
573 3471 647 3536 301.
692 3470 732 3536 C.
760 3492 910 3558 proquo
936 3497 969 3560 p.
992 3474 1065 3539 304.
1091 3473 1214 3538 rectius
1240 3468 1355 3535 scribitur

270 3570 422 3649 ἕξίταιθι
442 3571 605 3657 προςίιιο,
629 3582 662 3636 et
681 3593 766 3656 quse
787 3574 1001 3660 scriptoribus
1022 3575 1104 3662 ipsis
1125 3573 1309 3662 imputanda
1322 3567 1354 3629 v‘r

272 3673 409 3738 dentur:
449 3668 576 3738 συνίετε
608 3678 780 3740 convenitis
814 3675 943 3742 Toticn.
974 3699 1003 3743 c.
1039 3677 1158 3743 Graec.
1197 3701 1226 3741 c.
1253 3669 1352 3739 XXIV·

269 3770 463 3853 ιίςιέτωσαν
485 3772 603 3856 Synes.
627 3773 668 3838 de
690 3775 789 3840 Febr.
813 3799 847 3862 p.
869 3777 922 3842 36.
946 3801 980 3865 p.
1002 3778 1055 3844 56.
1079 3789 1112 3843 et
1131 3778 1278 3864 saepius,
1301 3771 1356 3836 clia·

340 3959 385 4027 18)
404 3960 447 4013 Do
468 3960 522 4014 hoc
548 3967 577 4014 st
600 3958 661 4014 aliis
682 3959 776 4015 verbis
796 3961 940 4033 barytonis
963 3962 994 4016 in
1015 3962 1247 4034 conjugationem
1269 3959 1357 4016 circum·

269 4041 372 4098 fleirum
395 4044 606 4099 transeuntibus
630 4063 721 4116 nuper
746 4047 929 4118 perquisitius
952 4049 1105 4121 disputavit
1127 4048 1283 4103 Bredovios
1303 4039 1356 4096 Dill-

267 4129 336 4183 Her.
355 4131 509 4184 sut-37⁶2.
548 4131 607 4184 Sed
625 4133 749 4202 quodp.
764 4132 823 4187 344.
845 4135 881 4187 44
900 4133 1035 4189 infinitivo
1053 4139 1189 4207 μέλεσθαι
1214 4136 1358 4204 dcquemeo

269 4231 365 4268 errore
383 4214 510 4285 scripsit,
534 4215 631 4287 utique
650 4235 706 4270 non
725 4227 785 4271 crat
802 4218 956 4290 scripturus
979 4221 1003 4275 si
1025 4221 1099 4276 forte
1117 4219 1235 4292 legisset
1258 4233 1320 4290 quse
1339 4211 1358 4263 in

269 4295 375 4351 Tachn.
390 4302 449 4351 11².
469 4301 504 4354 de
524 4319 557 4355 sa
576 4321 607 4356 rs
627 4303 762 4357 adnotata
780 4313 853 4358 sunt.
942 4321 945 4325 ’
