2825 4809
261 371 336 444 111]
622 361 945 431 DISSERTATIO
980 361 1009 428 Ι.

257 555 383 621 Verum
393 541 445 614 'ne
466 557 559 612 extre
579 546 729 612 ordinem
749 557 899 614 exeumt
920 547 1035 624 cretio,
1058 545 1247 632 disceptatur
1265 551 1344 616 etism

259 652 401 740 syntheti
425 648 512 715 iilius
535 649 752 735 perscitus,
785 647 963 714 verbumnc
993 647 1037 714 sit
1064 669 1106 711 cn
1126 669 1247 712 nomen.
1285 651 1344 717 Pri·

257 777 347 820 mum
359 754 481 820 Sextus
493 749 786 816 Gsnmmcticorum
801 749 967 815 cavillator
982 748 1165 816 summm.
1174 748 1241 813 258.
1251 752 1344 816 nect.

258 867 392 944 poetam
417 861 531 919 censet
555 852 650 934 λέχος
677 851 731 917 hic
757 852 910 938 posuisse
938 873 998 938 pro
1022 850 1113 934 μίξις
1137 862 1169 915 et
1191 852 1346 936 conjunctis

183 992 188 1003 ι
259 956 388 1024 duobus
414 952 551 1020 vocibus
577 949 803 1037 βαθιλνχοιυον
831 951 1006 1037 λεχεποίην
1034 950 1230 1036 significasse
1257 973 1347 1018 semen

259 1056 394 1124 schoeni
425 1053 681 1138 παραστατικὸν
709 1054 798 1138 πρὸς
829 1051 1007 1120 συνουσίαν
1039 1045 1135 1120 εἶναι.
1186 1052 1297 1118 Mirum
1322 1055 1347 1118 ni

259 1170 396 1248 propter
420 1156 484 1222 hoc
511 1155 679 1220 inventum
706 1152 924 1220 hecatomben
953 1151 1037 1218 tecit
1092 1152 1212 1218 Procul
1239 1153 1276 1218 eb
1301 1153 1348 1219 hcc

259 1259 422 1347 sapientie
454 1255 574 1324 Suidns
611 1254 789 1343 λεχεποίην
826 1255 1058 1342 interpretetur
1095 1254 1171 1340 λέχη
1205 1257 1348 1331 ποιοῦντα,

260 1362 313 1427 cni
344 1358 471 1446 opponi
498 1367 611 1443 potest
641 1355 774 1421 nomina
804 1377 879 1422 cum
908 1362 1020 1424 ποιεῖν
1049 1357 1222 1441 conjuncta
1247 1367 1349 1441 prester

259 1463 426 1548 κεαιποίης
453 1460 488 1523 in
510 1458 614 1522 lusor.
636 1457 772 1521 Asianis
800 1455 978 1522 secundum
1007 1459 1101 1543 sequi
1130 1457 1350 1522 declinationem

260 1574 293 1628 et
313 1556 488 1642 λεχεποιός
517 1558 546 1622 si
572 1581 614 1622 ex
640 1557 799 1622 similibus
827 1558 1028 1624 existimetur
1048 1560 1161 1645 potius
1180 1557 1352 1624 lectioonem

258 1657 455 1730 κλινοποιόν
474 1659 675 1746 significere3
700 1682 777 1724 num
799 1660 891 1745 quod
912 1658 1013 1726 Ceres
1036 1657 1249 1747 καρποποιός
1267 1659 1351 1723 nomi·

257 1775 354 1830 netur
375 1762 531 1847 quodque
552 1763 729 1847 Hymettos
758 1761 834 1843 μέλι
863 1755 1002 1846 ἄριστον
1029 1767 1143 1828 ποιεῖν
1170 1760 1280 1824 dicitur
1301 1781 1353 1824 non

260 1865 393 1932 omnino
415 1862 520 1928 simile
543 1873 602 1927 est.
651 1863 744 1947 Ergo
767 1861 810 1926 cd
833 1883 954 1926 nomen
981 1861 1179 1926 devertimus
1208 1872 1240 1925 et
1262 1882 1353 1944 quem·

259 1965 437 2032 admodum
463 1958 481 2030 ὃ
505 1966 631 2049 χρυσῆν
655 1959 761 2047 κόμην
785 1960 866 2044 ἔχων
894 1982 961 2027 uno
989 1961 1089 2028 verbo
1120 1961 1237 2028 dicitur
1259 1985 1355 2048 χρυοο-
1382 1983 1383 1990 “

258 2067 367 2156 κόμης
387 2076 420 2132 et
440 2076 570 2151 protum
593 2063 684 2148 quod
709 2061 817 2127 bubus
838 2063 932 2150 lnrgc
954 2062 1077 2148 pabule
1099 2063 1236 2151 praebet
1256 2061 1359 2142 λοιμόν

257 2164 429 2251 βοόχιλας,
460 2165 508 2230 sic
538 2161 714 2251 λεχεποίην
742 2161 992 2250 interpretemur
1022 2165 1082 2232 τὸν
1112 2163 1217 2233 ποίαν
1248 2159 1357 2244 λεχαίαν

259 2265 393 2348 ἔχοντα,
424 2263 516 2348 quod
544 2285 649 2348 genus
678 2261 797 2327 herbus
825 2264 1026 2349 Apollonius
1049 2266 1078 2330 Ι.
1103 2266 1200 2330 1182.
1226 2257 1356 2352 cotidie
1382 2287 1383 2298 ¹

259 2363 393 2451 λεχαίην
424 2365 572 2432 nominet
602 2363 666 2429 hoc
696 2373 763 2440 est,
796 2375 834 2429 ut
858 2364 1058 2432 Sebolicstes
1088 2366 1153 2444 cit,
1189 2361 1359 2451 ἒπιεηόείαν

259 2463 348 2553 πρὸς
371 2465 459 2553 λέχη.
502 2465 660 2550 Sequitur
684 2464 776 2530 eliud
802 2487 870 2530 non
896 2465 983 2531 illius
1010 2467 1238 2534 tenebricosse
1265 2461 1359 2530 eetstis

259 2565 455 2632 vocabulum
471 2567 531 2632 sed
547 2566 582 2630 in
597 2567 672 2631 lucc
688 2566 935 2632 consuetudinis
948 2569 1110 2653 positum:
1128 2565 1242 2657 Ἰκμᾷν
1253 2568 1361 2651 λικμᾷι,

254 2660 410 2747 Ἰκμῶνεο
442 2668 590 2736 ἐσείοντο
623 2670 707 2732 Ηεε.
737 2661 949 2751 derepsissent
981 2664 1082 2736 ταύτό
1119 2669 1158 2736 τό
1193 2663 1363 2752 λικμιόμινα

260 2761 307 2843 ὡς
325 2767 360 2834 ἐν
380 2773 428 2855 τῷ
449 2765 582 2854 Τιμαίῳ
596 2768 780 2845 Πλάτωνος
794 2768 923 2833 Anecd.
934 2770 1039 2836 Bekk.
1051 2771 1127 2836 405.
1155 2773 1274 2857 Itaque
1291 2763 1364 2852 quod

259 2867 294 2932 in
313 2866 400 2932 Plus
423 2867 510 2932 Tim.
532 2867 586 2932 52.
613 2869 655 2933 Ε.
682 2869 850 2954 vulgatum
877 2879 928 2934 est
953 2870 996 2936 τὰ
1022 2869 1089 2938 ὑπὸ
1116 2877 1186 2938 τῶν
1209 2865 1364 2940 πλοκάνων

260 2991 298 3035 τε
326 2968 384 3035 καὶ
414 2963 565 3054 ὀργάνων
595 2973 663 3034 τοῖν
694 2971 775 3054 περὶ
807 2968 901 3037 σίτου
932 2967 1101 3057 κάθαρσιν
1134 2968 1293 3057 σειόμενα
1322 2963 1367 3032 καί

259 3063 525 3154 ἇναλικμαίμεκε,
540 3070 577 3134 id
590 3068 807 3134 Ruhnkcnins
823 3069 974 3136 librarios
991 3071 1150 3157 ignotiori
1169 3067 1367 3155 ἂνικμοίμενα

260 3171 456 3254 praetulisse
478 3182 599 3238 censet.
643 3171 685 3236 In
708 3169 877 3257 Theophr.
900 3170 1001 3238 Ceus.
1024 3174 1085 3241 IV.
1111 3175 1163 3251 12,
1187 3173 1219 3238 9.
1246 3167 1368 3239 Schnei-

260 3270 358 3334 derus
379 3293 441 3355 pro
455 3272 644 3355 λικμᾶοθαι
659 3293 702 3338 ex
711 3271 795 3338 Urb.
815 3269 983 3356 insectetur
998 3274 1089 3340 dedit
1104 3286 1138 3341 et
1157 3296 1187 3340 c.
1202 3273 1244 3338 16
1256 3270 1332 3359 (17),
1344 3268 1369 3332 2.

260 3390 321 3454 pro
346 3365 579 3458 ἇπολικμῆσαι
604 3393 623 3436 e
645 3371 776 3438 duobus
798 3374 916 3440 Medd.
940 3369 1144 3464 durantium,
1169 3374 1291 3461 quibus
1313 3393 1370 3437 om-

259 3469 357 3535 nibus
378 3469 538 3556 probatur
555 3467 657 3561 ίκμᾷν
675 3483 710 3538 et
730 3475 852 3562 λικμηῖν
881 3474 970 3540 idem
998 3475 1186 3562 significare
1216 3472 1372 3562 negotium

185 3585 188 3590 “
259 3572 420 3638 frumenta
442 3573 625 3659 purgandi,
655 3574 724 3640 sive
748 3574 785 3638 id
806 3575 844 3640 iit
869 3597 993 3654 venno,
1020 3597 1106 3661 quoe
1127 3576 1243 3646 λίκνον
1270 3575 1375 3642 dicitur

260 3682 294 3738 et
321 3669 454 3755 λικμός,
483 3673 552 3740 sive
575 3675 699 3753 cribro,
732 3676 824 3760 quod
850 3677 948 3745 Pluto
975 3679 998 3744 l.
1021 3699 1050 3744 c.
1079 3674 1253 3748 πλόκανον
1273 3684 1374 3748 vocst3

123 3858 129 3863 ¹
260 3773 444 3858 codemque
459 3776 601 3862 pertinet
622 3775 720 3866 ίκλᾷν
737 3777 828 3864 apud
842 3779 1049 3867 Hesychium
1064 3775 1281 3868 Ἀφικλῶντο
1304 3773 1376 3845 ciue·

258 3873 404 3953 σείοντο,
431 3871 672 3959 Ἀνικλιόμενον
702 3875 1099 3968 &succensuerunt
1143 3879 1262 3968 Caput
1289 3878 1381 3965 hujus

261 3975 422 4041 discordis
443 3977 586 4044 iennlice
607 3979 748 4046 Guietus
772 3981 831 4066 (ed
845 3983 928 4048 Hcs.
951 4005 978 4049 s.
1000 3983 1154 4073 Λικμᾷν)
1180 4001 1379 4071 cognoscere

327 4215 375 4282 23)
401 4213 481 4278 Ques
502 4212 578 4267 idem
602 4213 686 4270 effert
709 4219 801 4286 Νικᾷν
822 4221 938 4289 λικμᾷν,
963 4221 1068 4276 Νίκιον
1090 4224 1188 4276 λίκνον
1214 4215 1380 4291 trajectione

259 4298 404 4354 literarum
420 4307 555 4372 corrupte
566 4299 742 4370 judicentur.
1379 4317 1380 4320 ’
