2825 4809
246 352 320 425 304
529 346 851 415 DISSERTATIO
878 346 926 415 II.
968 346 1009 414 P.
1032 347 1079 413 lI.

246 542 313 609 est;
345 528 499 595 remansit
527 529 613 595 enim
632 528 825 615 'gutturalis
869 530 908 597 Si
931 527 1157 615 βόολότροπος
1184 534 1325 617 legeretur,

246 632 350 699 simile
372 642 459 697 esset
481 628 682 704 substantivo
705 632 797 715 quod
817 630 929 699 Schol.
949 630 1053 697 Arist.
1073 629 1181 697 Nubb.
1200 633 1264 699 255.
1283 658 1327 701 er·
1378 695 1379 714 ,

245 733 347 820 plicat
364 728 533 815 σκίμπους
550 728 645 817 παρὰ
662 730 702 798 τό
721 731 884 817 σκυμβοός
909 730 994 813 ἔχειν
1015 730 1093 809 τοὺς
1112 728 1228 812 πόόας,
1246 756 1327 819 quan·

246 857 345 919 quam
355 832 508 899 vocabuli
518 832 584 897 triti
598 841 631 897 et
642 832 814 898 domestici
832 832 1042 918 corruptione
1057 853 1172 918 parum
1188 846 1330 901 excusatur

245 935 420 1003 insolentia
450 934 600 1021 poeticae
629 932 799 1011 dictionis,
829 935 922 1019 cujus
950 932 1056 999 iacilis
1085 943 1156 999 erat
1175 934 1329 1003 declinatio.
1379 1019 1380 1024 ἵ

331 1042 357 1123 ξ.
378 1036 410 1103 5.
453 1034 700 1104 Vocabulorum
730 1034 845 1101 tertiae
871 1033 1098 1101 declinationis
1124 1057 1198 1121 pars
1218 1038 1332 1103 maxima
1379 1071 1380 1094 r

246 1141 282 1205 in
300 1137 446 1225 synthesi
464 1137 601 1202 formam
618 1135 754 1222 genitivi
773 1146 880 1201 servat
898 1147 931 1202 et
946 1158 1028 1223 pure
1045 1136 1204 1203 terminati
1212 1148 1246 1201 ut
1254 1139 1331 1221 δρυο-
1379 1139 1380 1214 Ῐ

245 1236 348 1325 τόμος
370 1250 404 1305 et
421 1260 489 1305 non
506 1260 598 1326 pure.
632 1239 687 1305 De
702 1237 832 1303 illorum
849 1237 1076 1304 imminutione
1089 1237 1125 1302 in
1143 1238 1246 1323 priore
1258 1236 1333 1322 hujus

247 1340 479 1429 disputationis
500 1349 594 1427 parte
613 1348 721 1404 actum
740 1349 792 1404 est
811 1361 840 1405 c.
862 1340 924 1407 IV.
947 1343 974 1425 ξ.
992 1340 1025 1405 4.
1057 1339 1202 1404 Alterius
1221 1339 1333 1405 familiae

247 1444 312 1509 duo
331 1464 509 1510 consonam
532 1450 694 1506 extremae
717 1439 861 1525 syllabae
882 1440 1019 1522 primam
1037 1440 1189 1507 amittunt
1205 1462 1334 1506 unacum

245 1544 350 1611 vocali
367 1564 451 1629 quae
468 1564 539 1609 eam
555 1540 782 1625 subsequitur:
806 1538 991 1625 αλγοπόλος
1008 1541 1066 1608 καὶ
1087 1542 1175 1608 κατὰ
1196 1542 1335 1628 συγκοπηκ

245 1642 390 1723 αἰπόλος
411 1644 491 1709 ΕΜ.
506 1644 560 1721 37,
575 1642 628 1707 47.
649 1638 760 1730 ἐνδείᾳ
782 1643 950 1730 συλλαβῆς
969 1636 989 1708 ό
1011 1637 1200 1727 ολγοπόλος
1220 1638 1338 1720 αἰπόλος

245 1743 370 1832 γίνεται
391 1744 549 1830 Apollon.
566 1730 664 1829 'Synt
683 1744 713 1807 Ι.
731 1743 762 1807 2.
782 1764 816 1828 p.
834 1740 866 1807 5.
890 1741 928 1806 id
948 1742 1064 1809 ceteris
1086 1743 1260 1808 mirabilius
1278 1742 1336 1831 quia

247 1866 392 1913 consona
419 1844 612 1932 surrepticia
641 1844 683 1909 ad
712 1843 849 1939 stirpem
875 1844 1017 1909 nominis
1039 1845 1200 1931 pertinet3
1228 1846 1281 1911 sed
1297 1845 1338 1909 alii

246 1970 320 2013 cum
351 1941 454 2024 αλπος
483 1945 701 2033 compositum
728 1966 802 2009 esse
830 1954 978 2011 statuunt
1006 1946 1085 2014 sch.
1116 1948 1253 2013 Theocr.
1274 1948 1298 2011 Ι.
1316 1949 1337 2011 1.

244 2050 375 2115 Nomen
403 2045 611 2131 κοκκύμηλον
643 2046 671 2111 si
703 2045 872 2111 Nicander
898 2058 987 2113 recte
1007 2048 1239 2135 interpretatur
1257 2050 1340 2137 μῆλον

246 2143 265 2215 ll
287 2148 447 2231 κόκκυγος
468 2148 642 2226 καλέουσι,
666 2147 784 2213 eadem
809 2148 981 2232 gutturalis
998 2149 1172 2235 emigravit
1192 2149 1340 2215 comitante

243 2248 423 2332 vocaliss).
467 2247 617 2313 Alterum
646 2248 772 2334 profert
791 2249 871 2313 ΕΜ.
892 2249 967 2326 243,
988 2249 1042 2315 38.
1069 2248 1269 2337 γυναιμαυὴς
1288 2244 1339 2315 ἀπό

244 2353 301 2417 τοῦ
330 2342 573 2435 γυναικομαυής
599 2352 765 2435 συγκοπῇ,
800 2350 861 2414 sed
887 2372 966 2415 mox
992 2349 1037 2414 ad
1065 2351 1198 2416 saniora
1226 2374 1260 2417 se
1281 2372 1340 2416 oon·
1382 2397 1384 2420 .

245 2448 340 2515 vertit
367 2444 413 2525 κός
433 2446 512 2535 τιμὴ
540 2446 728 2532 Τιμόθεος,
758 2444 845 2516 οὕτω
874 2448 951 2538 γυνη
980 2450 1168 2540 γυυομαυης
1197 2450 1342 2519 καὶκατὰ
1382 2487 1383 2528 3

242 2547 428 2631 μετάθεσιν
443 2542 701 2635 γυναιμακήςὼς
717 2545 952 2627 μεσαιπόλιος.
984 2551 1079 2618 Idem
1096 2552 1342 2621 declaratSohol.
1382 2543 1383 2564 ¹

244 2650 346 2718 Dion.
376 2648 521 2716 Gramm.
552 2648 631 2728 859,
660 2649 714 2713 29.
742 2659 858 2736 tropae
879 2651 1012 2717 nomine
1033 2676 1129 2731 usus,
1157 2678 1221 2721 nec
1234 2654 1343 2740 jurein

245 2750 381 2843 dubium
408 2760 504 2817 vocat
533 2750 644 2836 Epim.
670 2751 699 2815 Ι.
728 2750 800 2815 102.
822 2751 860 2819 τό
883 2754 1081 2839 γυναιμανές
1104 2754 1221 2843 φαμὲν
1247 2756 1343 2823 e's'sob

243 2836 442 3028 γυυακμχός
463 2846 706 2937 συγκεκόφθαι,
731 2847 776 2916 ἵν’
807 2847 912 2920 ἔνεστι
935 2853 972 2919 τό
996 2852 1139 2939 γύναιον,
1164 2852 1187 2944 ἢ
1211 2854 1256 2934 ὡς
1273 2853 1344 2942 πόλη

244 2954 374 3036 Πυλαη
423 2975 474 3037 ης,
506 2950 563 3037 ἕλη
594 2946 795 3041 όλαιθερής·
828 2954 955 3040 quippe
980 2977 1101 3021 nomen
1129 2957 1277 3043 ignobile
1301 2954 1345 3043 yi-

242 3076 335 3117 υαιου
357 3051 397 3116 ab
419 3051 558 3117 Homeri
579 3051 790 3170 omniumque
811 3054 979 3142 epicorum
1004 3062 1247 3127 consuetudine
1265 3062 1346 3144 longe

243 3152 424 3234 sejunctum
447 3162 505 3217 cst.
548 3154 747 3219 Eademt
697 3165 747 3219 rat
746 3155 780 3220 io
803 3156 976 3224 intercedit
996 3159 1082 3225 inter
1097 3165 1345 3250 aperuerimus,

239 3250 532 3339 χαριτοβλέφαρος
558 3264 591 3318 et
618 3254 858 3341 κροκυλεγμός,
888 3259 1091 3347 χαριόώσης,
1124 3264 1345 3347 Septimum.

243 3349 395 3433 Syllabae
407 3353 546 3417 casualis
562 3381 599 3419 υο
614 3355 884 3477 interceptionem
896 3360 1123 3427 animadvertit
1132 3365 1215 3430 EM.
1228 3366 1296 3442 331,
1306 3363 1347 3428 20.

236 3444 463 3531 Ἑλλόυουικος
505 3455 561 3521 καὶ
600 3476 652 3541 συ
641 3482 757 3547 γκοπη
777 3454 873 3524 “Et)
842 3485 975 3539 ..αυικος
1030 3464 1190 3552 Syucope
1223 3468 1348 3533 elevatur

241 3550 268 3615 si
285 3572 359 3617 cum
375 3547 493 3631 Ἓλλός
515 3557 733 3671 compositum
756 3569 815 3639 est,
838 3584 904 3645 quo
915 3586 1048 3630 nomme
1065 3566 1194 3652 priscos
1212 3567 1347 3633 Helladis

241 3663 297 3716 ant
298 3653 395 3739 iquae
412 3664 444 3717 ct
459 3656 612 3741 propriae
631 3660 771 3725 cultores
788 3662 973 3747 appellatos
993 3688 1065 3732 esse
1079 3667 1169 3733 haud
1185 3668 1346 3785 spernendi

239 3765 387 3820 auctores
410 3758 642 3840 prodiderunt;
666 3762 767 3849 alpha
790 3763 927 3849 longum
946 3766 1074 3833 videtur
1088 3770 1177 3835 utin
1195 3767 1348 3869 Θεαγευης

240 3864 272 3918 et
300 3855 469 3922 similibus.
505 3859 683 3924 Nominum
712 3865 931 3942 neutralium,
939 3890 1025 3951 quae
1046 3872 1230 3995 genitivum
1250 3873 1284 3936 in
1303 3894 1348 3946 τος

239 3954 385 4035 mittunt,
423 3958 541 4046 triplex
576 3970 626 4025 est
659 3962 782 4049 figura3
810 3988 876 4030 una
905 3968 1064 4067 prolixior
1092 3970 1348 4063 αἱματόφυρτος,

238 4224 243 4230 -
309 4193 354 4261 17)
370 4193 490 4265 Ypsilon
508 4196 623 4270 corripit
636 4198 750 4269 quidem
761 4202 986 4275 AlexisFragm.
998 4206 1065 4262 Vol.
1077 4207 1130 4262 III.
1145 4210 1205 4263 504.
1220 4208 1350 4265 sedidem

240 4274 343 4330 etiam'
335 4295 364 4330 m
378 4278 497 4350 simplici
511 4282 652 4339 interdum
664 4286 725 4340 fieri
738 4296 838 4343 auctor
849 4298 894 4345 est
903 4292 1083 4348 Herodianus
1098 4296 1133 4352 de
1143 4292 1284 4351 Diclrron.
1295 4294 1348 4350 285
