2825 4809
150 369 201 435 ou
217 364 473 436 rnosounsr
494 366 555 435 nr
577 368 842 438 erumnam.
867 369 906 437 c.
923 366 969 437 11.
991 373 1059 458 §.a
1107 377 1156 452 ss

93 553 165 621 habet
180 552 365 641 proprieque
382 555 491 621 lusum
511 554 711 624 calculorum
731 556 894 645 significat
914 557 981 624 sive'
999 554 1158 645 puerilem

91 658 138 721 sive
164 655 352 735 aleatorium,
387 679 447 744 pro
479 656 652 745 aphaeresi
684 658 833 727 succedit
862 657 1057 746 prosthesis,
1093 680 1158 744 qua

90 757 171 839 ι’χθὲς,
190 756 305 835 ἐκεῖνος
327 768 422 823 aucta
445 758 604 827 videntur.
647 760 858 828 Ademtionis
880 782 958 828 aero
981 761 1157 827 documen·

89 872 135 923 tum
147 857 346 925 firmissimum
362 859 498 947 praebet
515 862 677 951 γρήγορος
699 871 732 928 et
752 861 935 951 γρηγοριῒο,
951 884 1037 949 quae
1049 860 1157 948 Apol·

88 958 164 1025 locius
175 981 234 1025 non
247 960 416 1046 ignoravit,
431 962 557 1049 opinor,
572 963 633 1029 sed
647 974 785 1051 proptor
797 962 975 1029 novitatem
988 973 1158 1029 auctorum

86 1062 201 1146 neglexit,
224 1072 256 1128 et
274 1064 456 1151 composita
478 1059 668 1150 ὀξαρεγμία,
692 1064 1015 1153 κρομμιιοξυριγμία,
1038 1062 1157 1151 quibus

87 1162 240 1230 conveniunt
255 1165 355 1231 latina
372 1180 463 1234 ructo
481 1175 514 1231 et
530 1186 634 1241 οιιιιιο,
653 1178 753 1252 atque
770 1166 973 1232 neotericam
985 1164 1158 1255 ριύγομαι,

85 1265 146 1348 quod
161 1270 215 1352 per
230 1290 265 1332 se
282 1266 364 1333 nihil
384 1267 542 1333 momenti
561 1266 700 1345 iaceret3
720 1290 795 1333 nam
807 1266 927 1335 Graeci
948 1264 1158 1333 semibarbari

85 1387 133 1431 oum
156 1368 225 1433 alias
253 1371 385 1435 vocales
419 1369 594 1456 compendi
624 1370 771 1435 iecenmt
801 1380 872 1434 tum
902 1369 999 1435 etiam
1030 1368 1158 1455 epsilon

82 1466 181 1551 λάμιαν
201 1470 343 1554 (licentes
367 1494 428 1558 pro
451 1469 607 1549 ἐλαύνειν,
630 1471 804 1560 (ipsidiam,
827 1471 948 1561 ῥιοτᾷι,
972 1469 1073 1561 ρι’φος
1094 1492 1156 1557 pro

82 1564 179 1655 ἔριφος,
207 1568 350 1655 σσερνός
377 1594 437 1658 pro
467 1567 657 1659 insectatio,
688 1571 796 1659 σχαρά
817 1594 879 1658 pro
902 1568 1027 1659 ἐσχάρα
1040 1571 1072 1656 ⁹)
1097 1570 1158 1638 sed

82 1667 222 1756 ῥιιῖγεοθαι
249 1683 282 1737 et
311 1686 438 1741 ructare
468 1673 496 1739 si
525 1674 570 1739 ad
596 1682 734 1741 naturae
760 1674 928 1739 veritatem
955 1695 1157 1754 revocamus,

81 1790 229 1855 germanam
258 1773 411 1839 vocabuli
442 1775 586 1862 speciem
613 1776 733 1843 referre
761 1774 927 1854 videntur,
957 1772 1158 1861 ἔρεύγεσθαι

81 1872 282 1955 pleonsstioam.
327 1876 495 1943 Novitium
517 1874 653 1965 ροὺσιος
673 1898 787 1944 msam
816 1875 999 1943 indubitate
1023 1898 1066 1941 ex
1084 1874 1157 1963 ἔρα·

81 1971 139 2060 opto
153 1998 338 2045 conversum
356 1986 406 2043 est
423 1978 531 2043 demto
553 1978 674 2065 epsi103
693 1978 753 2044 sed
771 1979 799 2043 si
818 1978 896 2044 huic
910 1977 1047 2043 latinum
1063 1978 1159 2044 noar

82 2086 103 2137 et
116 2076 329 2145 substantivum
351 2078 452 2169 ῥόδον
473 2078 682 2158 adhibemus,
711 2103 823 2145 rursus
844 2078 954 2166 gliscit
975 2077 1158 2167 pleonasmi

78 2178 194 2264 aspicio.
234 2182 266 2249 Ε
292 2180 454 2247 contrario
469 2181 649 2249 Salmasius
666 2181 825 2249 Exercitt
839 2180 926 2247 Plin.
939 2180 1015 2247 201.
1036 2201 1157 2246 nomen

78 2280 136 2346 latro
153 2304 189 2347 ex
208 2305 331 2368 graeco
353 2280 482 2369 ἔνοδρις
503 2294 615 2351 natum
634 2293 746 2372 putat3
768 2282 824 2349 alii
845 2280 995 2371 ἐλαφρός
1016 2295 1049 2348 et
1070 2284 1156 2359 levia,

76 2373 160 2449 ἑιαιόι
179 2394 209 2449 et
228 2396 354 2452 ceratam
376 2395 586 2471 componunt.
629 2386 720 2452 Hinc
744 2384 865 2451 odilla
887 2393 1049 2449 mamaeam
1071 2402 1157 2469 quas

76 2482 168 2565 epsilon
192 2484 226 2550 in
249 2485 416 2551 declinato
441 2486 492 2551 vel
519 2487 714 2555 assumsisse
733 2486 786 2553 vel
808 2483 969 2570 abjecisse
993 2484 1156 2550 dicuntur.

74 2580 146 2663 Quod
159 2586 351 2653 Eustathius
371 2599 483 2653 namet
499 2587 572 2667 648,
590 2588 621 2655 5.
643 2588 731 2677 φασί
750 2586 897 2667 τινεςτὸ
922 2583 1041 2671 inopie
1061 2586 1158 2669 παρὰ

74 2682 96 2747 ri
111 2691 196 2774 κῦρος
216 2688 378 2774 γενέσθαι
397 2688 481 2757 κατὰ
499 2689 721 2773 πλεονασμὸν,
740 2688 793 2757 διὸ
813 2687 869 2756 οιαὶ
886 2689 1079 2775 ψιλοῦσθαι
1092 2686 1156 2771 ¹⁰),

72 2807 163 2852 nomm
183 2790 347 2855 somnium
369 2802 429 2856 est.
472 2790 654 2878 Aliquanto
677 2790 879 2858 tolerabilius
899 2788 981 2857 illud
1003 2781 1073 2857 cirri
1095 2790 1158 2856 τοῦ

72 2884 124 2967 ῥώω
142 2887 205 2977 (imp
230 2888 291 2956 aul
315 2892 517 2980 πλεονασμῷ
540 2891 644 2981 ἐρωή,
676 2887 738 2981 ἀφ’
763 2883 803 2962 οὗ
829 2888 958 2979 ἔρωὲιο·
979 2890 1068 2960 οὕτω
1094 2892 1156 2955 Os·

71 2981 171 3069 λόξιοος
192 2990 225 3059 ἐν
247 2996 299 3077 τῷ
322 2989 401 3074 περὶ
420 2990 678 3076 μοιοσολλάβιοο
698 2994 816 3061 Orion.
828 2994 882 3071 59,
897 2994 950 3059 20.
965 3001 999 3058 et
1019 2990 1157 3056 eandem

70 3084 165 3157 lteram
194 3094 358 3179 adjectam
390 3102 545 3180 putanmt
577 3094 633 3179 qui
665 3094 866 3163 homericum
898 3083 983 3176 αἷμα
1014 3085 1157 3178 ἐρωήσει

68 3187 235 3278 interpretati
260 3203 338 3259 sunt
357 3190 518 3282 ῥυήσιται
537 3196 617 3263 ΕΜ.
634 3197 709 3275 381,
729 3199 757 3263 1.
801 3197 850 3263 Hi
868 3194 954 3262 enim
974 3216 995 3257 a
1014 3192 1079 3278 ρέω
1102 3212 1155 3257 re·

70 3302 157 3375 petunt
174 3304 210 3359 ut
225 3297 446 3361 Buttmannus
467 3306 499 3361 et
519 3298 573 3363 alii
593 3322 622 3363 v.
635 3298 800 3385 Spitzner.
817 3298 861 3364 ad
878 3297 918 3363 11.
930 3292 1070 3361 XXIII.
1080 3292 1156 3359 433.

68 3395 129 3460 mle
149 3396 267 3463 fluvius
292 3394 515 3465 denominatus
536 3399 664 3467 videtur
685 3395 846 3487 Εὐρώτας
866 3398 903 3465 id
924 3406 975 3465 est
996 3391 1155 3480 εὐρείτρς.

115 3638 140 3705 ⁹)
156 3638 201 3694 Sic
220 3638 308 3695 etiam
325 3636 427 3695 medici
445 3644 547 3694 vocant
565 3643 686 3691 crustam
703 3633 843 3700 ulcerum,
863 3650 948 3706 quam
968 3651 1019 3689 nos
1038 3630 1155 3688 dicimus

68 3715 160 3793 Solors,
179 3725 225 3780 cui
241 3723 333 3781 simile
344 3722 425 3795 fingit
438 3722 566 3793 Scaliger
580 3739 683 3794 squara
696 3720 755 3775 sive
768 3737 855 3785 scara,
872 3718 960 3791 idque
971 3719 1063 3793 ipsum
1074 3734 1156 3790 grae·

70 3820 112 3859 ean
126 3827 181 3865 esso
200 3808 315 3885 ἐσχάρα.
351 3810 416 3865 Ηοα
435 3808 562 3881 sequitur
580 3805 768 3865 Schneiderna
787 3808 824 3861 ad
840 3804 957 3860 Aristct.
976 3805 1014 3859 Τ.
1028 3803 1077 3860 1v.
1093 3806 1155 3860 284.

69 3893 104 3945 aod
117 3912 209 3951 nomen
229 3895 386 3951 inauditum
403 3903 455 3951 est.
486 3892 672 3966 Scaurorum
686 3893 787 3947 Festus
803 3898 882 3948 recte
900 3908 918 3947 ιι
933 3908 1051 3963 squama
1066 3892 1156 3945 dano·

69 3977 172 4036 ulmum
189 3991 273 4055 putat
289 3986 365 4037 undo
383 3983 514 4053 squalor,
532 3980 688 4053 squalidas
705 3987 735 4035 ot
750 3978 835 4051 piscia
850 3986 985 4051 ιριισιιιι,
1005 3978 1156 4048 aarum

70 4079 128 4130 qoem
138 4068 237 4124 Graeci
254 4071 289 4125 ob
304 4069 485 4142 asperitatem
500 4068 571 4123 cutis
584 4069 664 4143 ῥίνην
676 4064 829 4139 appellent.
861 4066 992 4121 Eundem
1008 4080 1026 4117 a
1038 4056 1156 4117 Graecis

68 4146 160 4222 ἔσχαρον
175 4154 223 4209 sel
241 4156 360 4230 ἔσχαρον
378 4162 507 4211 vocatum
526 4171 586 4209 esse
604 4171 662 4209 non
679 4157 798 4207 constat.

118 4247 154 4312 10)
165 4248 229 4303 Hoc
242 4266 278 4303 ex
290 4266 399 4306 canone
411 4248 463 4325 illo
478 4246 507 4305 τὸ
520 4237 544 4306 ἶ
557 4241 779 4321 προςερχὸμενον
795 4246 843 4301 aral
856 4241 1018 4299 inculator
1027 4240 1157 4311 φιλοῦσαι

68 4323 134 4400 Epio.
145 4332 166 4390 Ι.
179 4335 242 4401 250,
255 4336 279 4391 2.
