2825 4809
154 347 221 420 DE
240 345 511 419 Panaruasr
531 345 594 416 ΕΤ
616 342 893 418 SCRIPTUM.
918 345 957 418 C.
970 345 998 417 1.
1022 349 1048 436 ξ.
1060 346 1091 417 5.
1116 349 1190 430 559

77 493 161 603 Urb.
192 535 315 604 ascivit
366 536 575 604 Grammatiei
603 548 641 603 ut
667 535 801 624 hyphen
828 536 1026 624 praeferrent
1053 537 1190 604 iortasre

82 638 178 703 etiam
202 637 264 704 hac
293 638 418 705 ratione
449 638 537 705 ducti
568 649 643 704 aunt
672 639 763 725 quod
797 636 986 703 adverbium
1007 638 1189 705 medietatis

81 735 218 821 ἕχόντιος
239 763 400 826 nusquam
420 741 582 807 invenitur
609 739 673 806 nisi
698 739 852 806 alterutro
881 739 997 804 horum
1023 740 1191 806 nominum

78 840 130 905 vel
151 843 336 928 anteposito
356 844 408 910 vel
432 843 618 931 postposito
648 853 681 908 et
710 843 787 927 quia
809 853 939 930 praeter
966 844 1041 920 νοῦς
1067 842 1191 908 nullum

80 954 168 1008 extat
199 943 436 1011 substantivum
475 947 568 1030 cujus
600 944 804 1010 accusativus
842 943 1011 1030 synthesiu
1043 944 1189 1032 recipiat,

80 1045 170 1130 quod
196 1046 234 1110 fit
259 1046 293 1111 in
316 1047 476 1131 adjectivo
500 1043 650 1135 νοανιχής
670 1045 847 1112 abeodem
865 1045 1050 1112 Menandro
1078 1057 1192 1111 contra

80 1145 262 1232 analogiam
285 1149 467 1235 composito
491 1149 531 1214 cl.
547 1149 679 1234 Hagen.
696 1148 787 1214 Diss.
812 1148 853 1212 de
870 1146 1016 1213 Adverb.
1040 1167 1146 1232 graec.
1167 1145 1190 1214 l.

81 1249 130 1313 11.
186 1247 282 1330 Quae
320 1272 397 1316 vero
428 1249 627 1338 Apollonius
660 1271 735 1315 cum
766 1245 982 1330 νοονεχόντως
1014 1259 1191 1335 comparat,

73 1343 349 1438 Ἀρειοπαγίτης,
378 1349 608 1440 Νεαπολίτης,
640 1346 802 1438 ταδτότης
823 1371 938 1437 parum
961 1349 1081 1415 similia
1099 1363 1191 1428 sunt;

79 1473 155 1516 narn
175 1451 257 1516 illud
282 1463 368 1518 certe
391 1451 498 1517 dirimi
519 1462 643 1539 potest,
672 1451 754 1518 haec
774 1453 864 1518 nullo
885 1451 1006 1518 modo.¹
1038 1451 1106 1518 Pro
1128 1478 1191 1518 κα-

79 1549 247 1638 ρήξονθος
278 1553 419 1619 Tatiano
456 1577 484 1620 e.
508 1556 558 1620 10.
587 1579 622 1642 p.
652 1554 705 1620 48.
735 1555 787 1620 ed.
812 1555 882 1620 Ott.
909 1553 1113 1620 reddendum
1144 1565 1193 1620 est

79 1653 280 1720 homericum
313 1651 396 1743 κόρη
433 1652 559 1736 ξανδός
593 1658 661 1724 Οδ.
683 1657 763 1724 XV.
798 1657 869 1722 133.
895 1656 954 1723 sed
983 1655 1192 1744 participium

78 1755 168 1821 verbi
191 1779 266 1822 curn
292 1752 376 1843 κάρη
399 1758 573 1846 compositi
597 1759 678 1824 nihil
708 1758 842 1824 interest
864 1768 972 1821 utrum
995 1753 1191 1845 ’καρηκομό-

79 1882 179 1935 ωντας
211 1857 370 1923 scribatur
398 1881 439 1924 an
467 1857 501 1926 ἒν
527 1859 604 1926 δυσὶ
633 1859 751 1945 μέρεσι
781 1855 880 1946 λόγου
907 1860 1002 1926 Euat
1034 1857 1111 1936 165,
1141 1857 1190 1924 15.

75 1954 337 2047 Ποδδνιπτρον,
362 1959 416 2025 cui
437 1960 647 2027 Grammatiei
670 1961 890 2026 accusativum
918 1954 1011 2027 πόδα
1033 1959 1191 2038 intexunt,

75 2059 177 2146 alpha
197 2083 264 2127 non
286 2061 456 2149 proprium
476 2061 575 2128 habet
596 2061 655 2127 sed
677 2060 887 2128 substitutum
909 2061 1013 2128 vocali
1034 2062 1191 2128 connexi-

73 2183 137 2226 vae
159 2162 300 2246 quaein
318 2158 546 2252 ποδόψηστρα
569 2174 601 2228 et
620 2160 852 2250 χειρόνιπτρον
874 2174 994 2230 statum
1015 2185 1109 2228 suum
1132 2163 1191 2230 ob-

73 2261 176 2327 tinuit
197 2285 227 2330 v.
253 2265 296 2328 ad
316 2263 395 2330 Phr.
417 2264 490 2330 689.
533 2264 742 2348 Adjectivum
764 2260 1194 2348 ‹ivorrdrlcscc'scholiasta

70 2365 115 2433 Il.
140 2365 255 2432 XXll.
272 2365 324 2431 51.
348 2365 522 2451 syntheton
546 2387 618 2433 esse
640 2376 804 2434 asseverat
828 2375 860 2431 et
879 2365 1117 2457 refragantibus
1132 2363 1193 2433 ότι

72 2460 245 2534 crinibus
268 2465 306 2546 ἐξ
328 2460 503 2549 οὐδετέρου
534 2465 590 2532 καὶ
620 2460 796 2550 ἀρσενικοῦ
825 2462 985 2534 σύνθετόν
1010 2491 1061 2548 τι,
1087 2490 1194 2556 paene
1274 2545 1279 2552 ¹

70 2568 282 2654 triumphans
304 2567 347 2634 ob
369 2567 482 2634 oculos
504 2569 599 2655 ponit
614 2565 800 2647 Ἀστυάναξ
824 2577 856 2632 et
880 2567 1192 2657 ποιηματογρόφσς.

68 2671 156 2735 Ηοσ
178 2669 410 2736 alienissimum
432 2679 498 2746 est3
528 2671 588 2735 sed
614 2669 748 2735 nomina
780 2668 908 2756 generis
945 2668 1090 2734 neutrius
1119 2689 1193 2734 eum

67 2771 267 2837 masculinis
290 2770 443 2859 componi
467 2794 566 2858 posse
589 2772 667 2838 satis
691 2769 832 2859 probant
853 2763 1023 2849 δστυάναξ
1045 2769 1192 2858 appella·

69 2875 192 2952 tivum,
217 2867 464 2962 όνομακλήτιορ,
489 2868 672 2960 δορύξενος,
694 2867 903 2960 μεθοδιότης.

163 2977 335 3042 Hactenus
364 2973 564 3042 elaboratum
591 2975 703 3043 estin
730 2971 916 3040 nominibus
948 2993 1086 3058 quorum
1116 2993 1193 3062 pars

69 3077 171 3168 prior
193 3101 289 3144 casus
310 3077 436 3163 obliqui
456 3077 522 3142 vim
545 3075 684 3156 obtinet,
714 3076 876 3163 posterior
901 3075 992 3140 recti.
1035 3075 1087 3142 Ex
1110 3076 1193 3142 duo-

68 3181 142 3246 bus
163 3179 262 3246 rectis
274 3174 433 3268 Δημήτηρ
454 3177 673 3266 compositum
695 3187 745 3244 est
767 3178 869 3244 instar
890 3177 1065 3243 latinorum
1083 3175 1192 3244 Mars·

69 3283 174 3370 piter,
196 3280 376 3367 Diespiter,
397 3279 462 3345 hoc
485 3292 534 3346 est
556 3282 603 3346 sie
624 3292 661 3346 ut
682 3280 817 3346 dissolvi
838 3279 927 3344 nullo
949 3279 1049 3345 modo
1071 3279 1193 3367 possit3

69 3382 247 3471 parathesi
266 3404 343 3448 vero
358 3383 474 3467 juncta
494 3393 569 3448 sunt
583 3381 686 3448 Liber
708 3393 809 3469 pater,
833 3381 857 3451 J
859 3401 939 3446 anus
961 3392 1063 3469 pater.
1107 3381 1195 3446 sslud

69 3485 246 3573 perlectae
267 3475 431 3572 synthesis
451 3484 637 3571 exemplum
652 3483 790 3550 habetur
806 3483 947 3550 unicum.
993 3483 1061 3551 Sed
1077 3481 1195 3549 Gram-

69 3587 191 3653 matici
219 3586 316 3653 etiam
340 3585 530 3674 orthoptota
557 3609 793 3671 nonnunquam
820 3586 866 3651 ita
893 3583 1049 3669 conjungi
1077 3583 1196 3650 docent

70 3700 112 3755 ut
136 3711 242 3781 unum
261 3687 353 3754 alteri
375 3687 511 3773 epitheti
531 3687 603 3755 vice
624 3687 814 3755 subserviat.
851 3689 925 3752 Hac
943 3685 1070 3752 ratione
1083 3684 1194 3752 Schol.

66 3793 119 3856 A.
156 3791 202 3855 ad
231 3789 271 3854 Il.
304 3788 403 3856 XIV.
435 3788 524 3854 216:
542 3789 742 3856 homericum
781 3783 937 3876 ὀαριστὺς
971 3783 1147 3874 πάρφασις
1176 3807 1197 3848 a

68 3892 249 3958 schemate
271 3890 420 3977 asyndeti
445 3890 607 3956 defendit:
636 3891 821 3958 σαναπτέον
847 3884 1023 3979 ἀμφότερα
1055 3885 1099 3952 τὰ
1120 3879 1194 3951 δνό-

58 4012 193 4081 ματα·
221 3993 280 4079 τὴν
308 3989 371 4079 γὰρ
397 3990 685 4079 παραλογιστικὴν
712 3986 847 4076 ὁμιλίαν
867 3986 1095 4077 σημαίνειίλ).
1139 3987 1195 4064 Et,

150 4232 200 4300 re)
219 4228 380 4286 Euetathins
400 4227 466 4294 ala,
490 4229 533 4283 36.
552 4229 581 4283 ολ
601 4228 657 4300 μὲν
680 4229 712 4282 ἐν
730 4225 874 4296 ricordatus,
890 4221 1009 4297 σχήματι
1031 4228 1127 4280 νοοῦσι
1145 4220 1197 4288 dria

52 4313 245 4393 πράγματα,
258 4317 316 4385 ἰδίᾳ
327 4317 382 4387 μὲν
394 4311 444 4384 τὴν
460 4312 598 4388 ὀαριστύν,
620 4315 679 4383 ἰδίᾳ
691 4314 722 4368 δὲ
740 4311 896 4386 adportata,
915 4312 1000 4387 ἕτεροι
1013 4312 1045 4368 δὲ
1058 4309 1087 4366 ab
1098 4309 1153 4388 μὲν
1166 4309 1197 4376 ἓν
