2825 4809
214 319 286 392 190
426 339 431 350 ’
574 307 896 375 DISSERTATIO
933 308 961 372 Ι.

209 503 235 583 1.
247 497 299 563 53.
324 494 373 580 (in
394 493 490 558 codd.
513 492 680 578 omnibus)
704 485 925 580 deorpuyua‘vou
944 491 1044 558 Phot.
1064 490 1150 556 Bibl.
1174 491 1329 562 OGLVI.

211 584 283 662 767.
311 591 536 679 ἐνωρυγμένος
562 593 673 660 Schol.
703 594 771 661 Od.
794 595 859 660 IX.
889 592 960 659 185.
994 592 1131 677 aliisque
1160 593 1194 656 in
1221 595 1331 662 verbis

211 721 295 784 quae
315 695 458 760 indicavi
479 694 521 758 ad
541 693 666 780 Pbryn.
692 717 726 782 p.
746 697 798 761 31.
821 689 1005 782 ,Κατήνοκα
1027 693 1105 780 (sic)
1129 694 1331 786 κατενήνοχα

191 803 292 864 ·Hes.
315 819 357 862 ex
378 795 493 861 ordine
515 794 671 880 scriptum
694 796 753 861 sed
775 805 888 860 auctor
909 795 1031 858 celatur
1038 819 1047 872 ;
1071 817 1132 881 pro
1155 790 1332 882 ἧλύθαμεν

209 903 292 965 Η11.
315 897 444 982 Theog.
467 895 540 961 660.
560 907 714 962 revocata
736 907 786 961 est
807 896 942 980 antiqua
965 896 1126 984 scriptura
1143 889 1332 983 ἠλύθομεν,

209 1010 319 1066 manet
338 1020 416 1063 vero
440 996 649 1082 manebitque
672 989 783 1084 ἤλυθα
809 997 844 1060 11
864 995 968 1061 Anth.
989 998 1082 1084 App.
1105 994 1246 1064 CCVII.
1269 1020 1332 1062 ne-

211 1123 275 1188 que
301 1121 402 1167 causa
429 1121 502 1164 esse
528 1099 658 1164 videtur
685 1119 744 1162 cur
772 1097 835 1162 hoc
865 1096 993 1162 coristis
1021 1097 1240 1163 alexandrinis
1268 1099 1333 1162 ad-

209 1224 425 1268 numeremus.
476 1200 704 1286 Praepositam
739 1197 839 1263 verbo
875 1199 1041 1284 praesenti
1073 1197 1232 1284 syllabam
1264 1201 1332 1264 arsi

208 1304 368 1370 sublatam
384 1323 457 1367 esse
470 1300 596 1365 nullum
607 1299 764 1363 idoneum
779 1309 946 1367 auctorem
962 1300 1106 1385 reperim
1120 1293 1331 1387 ἂποδράσκω
1390 1333 1391 1384 p

208 1400 281 1472 ἀντὶ
303 1408 364 1468 τοῦ
385 1397 637 1486 ἀποδιδράσκω,
664 1399 755 1484 quod
776 1402 971 1485 Anonymus
996 1399 1037 1464 de
1060 1399 1160 1482 Quat.
1180 1399 1271 1464 Part.
1296 1399 1332 1463 in

207 1505 317 1570 Rhett.
341 1503 399 1568 Gr.
423 1501 464 1565 Τ.
486 1500 551 1564 ΙΠ.
574 1500 647 1565 579.
674 1523 694 1564 a
715 1500 927 1587 scriptoribus
951 1500 1147 1586 quibusdam
1169 1523 1250 1565 suae
1272 1523 1333 1565 ae·
1390 1499 1391 1588 l

208 1605 283 1669 tatis
316 1601 428 1666 nescio
463 1623 529 1685 qua
560 1600 766 1666 affectatione
804 1602 984 1687 elegantiae
1019 1602 1170 1688 usurpari
1204 1613 1332 1678 narrat,

209 1705 319 1792 potius
351 1701 501 1767 inscitiae
532 1701 742 1766 tribuendum
771 1712 821 1768 est
851 1714 888 1767 ut
920 1703 1097 1789 ὀιέδρασκε
1129 1703 1164 1766 in
1194 1703 1332 1790 Sopatri
1390 1707 1391 1788 J

206 1807 319 1873 Diaer.
347 1828 380 1890 p.
403 1803 477 1868 253.
507 1802 548 1866 Τ.
571 1803 668 1870 VIII.
696 1814 730 1866 et
758 1798 914 1892 ἀποδρᾷν
941 1804 1021 1869 ΕΜ.
1046 1805 1122 1883 126,
1144 1805 1197 1868 46.
1226 1829 1257 1870 v.
1288 1807 1333 1868 ad
1390 1863 1391 1866 ,

130 1890 132 1897 ¹
206 1911 327 1973 Buttrn.
347 1904 418 1969 152.
463 1903 504 1967 11
524 1903 637 1989 glossa
659 1901 1128 1991 (111(1.327,51.1ιλήσκωτὸ
1152 1907 1246 1970 καλῶ
1270 1929 1331 1970 ex·
1390 1913 1391 1926 ¹

207 2009 287 2074 cidit
300 2006 499 2094 principium
511 2002 689 2092 Κικλὴσιιω
704 2000 778 2071 κατ’
793 2000 1106 2087 ἀναδιπλασιασμόν
1122 2001 1192 2072 ἀπὸ
1206 2013 1331 2075 τοῦ-η
1390 2035 1391 2100 ι

207 2106 414 2196 Μνήσκομαι
433 2129 474 2171 ex
488 2106 611 2170 Anacr.
627 2105 683 2170 Fr.
697 2106 767 2190 jam
786 2104 948 2170 sublatum
966 2125 1038 2170 esse
1056 2106 1124 2170 dixi
1140 2107 1265 2174 Techn.
1275 2110 1332 2175 62.

205 2211 241 2275 in
258 2210 348 2274 Adn.
370 2208 459 2272 idem
480 2208 636 2291 rejectum
657 2216 708 2270 est
728 2207 762 2270 in
782 2205 882 2271 Babr.
900 2205 982 2270 Fab.
997 2207 1049 2284 50,
1069 2207 1119 2272 17.
1134 2209 1166 2293 ⁹)
1190 2209 1332 2294 γνώσκω
1390 2281 1391 2290 ,

206 2307 393 2375 Heraclidis
425 2307 667 2372 inventiuncula
697 2318 748 2371 est
776 2308 871 2372 Eust.
900 2307 998 2384 1722,
1023 2307 1076 2372 40.
1109 2305 1334 2394 τρώσκεσθαι
1390 2379 1391 2390 ,

206 2408 439 2495 ἑκτιτρώσκειν
452 2407 599 2474 Galenus
614 2408 703 2472 unde
723 2407 873 2472 sumserit
890 2407 971 2470 mibi
988 2430 1055 2473 non
1071 2419 1197 2474 constat.
1202 2433 1212 2487 3
1236 2413 1334 2498 apud
1390 2403 1391 2466 l

205 2510 445 2596 Hippocratem
468 2509 574 2574 solum
596 2507 829 2595 ἐκτιτρώσκειν
851 2509 958 2596 reperi
982 2509 1022 2574 T.
1046 2510 1074 2574 1.
1097 2511 1170 2576 323.
1195 2521 1229 2575 et
1250 2513 1331 2578 326.
1390 2543 1391 2570 2

206 2611 246 2677 T.
259 2612 305 2675 ΙΙ.
324 2610 397 2677 850.
421 2611 462 2675 Τ.
475 2610 540 2675 ΙΠ.
562 2610 634 2675 743.
657 2620 689 2674 et
712 2608 783 2675 745.
807 2632 844 2676 ac
868 2609 1000 2696 saepius
1023 2610 1180 2698 φθείρειν
1202 2611 1241 2678 τὸ
1269 2609 1332 2696 ἔμ-
1390 2587 1391 2670 l

203 2718 319 2799 βρνοι,
353 2709 583 2798 διαφθείρειν,
615 2705 853 2798 ἂποφθείρειν.
904 2711 944 2774 In
974 2711 1167 2776 contrariam
1197 2723 1334 2798 partem

206 2811 394 2877 aberranmt
417 2811 538 2876 librarii
565 2807 752 2896 τιτρωσμός
781 2810 957 2876 scribentes
984 2812 1019 2875 in
1039 2811 1146 2900 Hipp.
1167 2813 1332 2879 Muliebr.

202 2915 231 2980 I.
244 2912 319 2978 469.
343 2912 386 2977 Τ.-
399 2912 446 2976 II.
462 2934 523 2998 pro
543 2909 712 2996 ι’ρωσμός,
734 2911 825 2996 quod
845 2912 879 2977 in
894 2913 1012 2978 eodem
1030 2913 1114 2978 libro
1134 2914 1333 2981 idemtidem

203 3015 322 3101 legitur
347 3013 420 3079 687.
443 3013 517 3078 690.
539 3011 613 3077 693.
636 3021 669 3076 et
694 3011 738 3076 de
758 3011 896 3099 Septim.
917 3013 992 3078 447.
1018 3013 1059 3080 Τ.
1078 3015 1105 3081 Ι.
1118 3001 1119 3004 ¹
1132 3013 1334 3103 ἕκτρωσμός
1390 3019 1391 3058 ³

201 3116 356 3182 Muliebr.
379 3116 407 3180 I.
431 3115 503 3180 729.
546 3113 633 3178 Nam
653 3135 674 3177 a
693 3112 816 3192 verbis,
844 3137 928 3198 quae
953 3115 1247 3202 reduplicationem
1273 3141 1331 3182 re·
1390 3097 1391 3142 t

202 3217 343 3303 cipiunt,
366 3215 499 3282 nomina
518 3222 743 3303 propagantur
761 3235 828 3280 non
847 3215 1014 3303 duplicata
1021 3241 1030 3293 3
1052 3214 1202 3306 κίχρησις
1224 3218 1332 3304 igno·
1390 3203 1391 3272 l

202 3317 396 3382 bilissimum
426 3326 592 3382 auctorem
623 3314 723 3380 babet
748 3316 922 3394 Trebam,
953 3340 1013 3404 pm
1042 3316 1216 3403 Μι’μνησιν
1243 3315 1334 3387 ἀνά·
1390 3389 1391 3398 ,

202 3442 320 3504 μνησιν
342 3422 486 3502 ποιῆσαι
500 3417 583 3480 Hes.
606 3439 674 3481 non
694 3416 875 3504 interrupto
897 3418 1064 3486 literarum
1085 3417 1200 3483 ordine
1224 3421 1333 3486 scribi

202 3518 354 3585 convenit
375 3515 764 3606 Μίμνησκε-ποιήσαι
790 3541 831 3582 ex
854 3519 922 3585 Od.
945 3520 1043 3588 XIV.
1068 3519 1139 3584 169.
1166 3519 1258 3606 μηδέ
1286 3548 1334 3604 με

202 3616 327 3687 τούτων
347 3611 520 3705 μίμνησκ’.
564 3616 661 3698 Quae
681 3640 759 3684 vero
782 3631 977 3707 acceperunt
997 3621 1332 3708 anadiplasiasmnm‚

204 3742 242 3786 eo
269 3741 381 3785 rursus
407 3716 527 3804 privari
552 3739 621 3784 non
648 3730 774 3785 constat
786 3745 795 3797 3
828 3744 902 3785 nam
929 3720 1116 3810 κρύφαλος,
1143 3722 1248 3808 quod⁴
1264 3725 1332 3788 ali-

203 3820 331 3906 quoties
353 3818 473 3905 legitur
498 3840 559 3906 pro
581 3817 805 3909 κεκρύφαλος,
835 3831 891 3886 aut
912 3821 1043 3908 plebeja
1064 3833 1114 3888 est
1135 3826 1333 3911 corruptela

202 3932 239 3988 ut
260 3921 355 3987 conia
378 3941 438 4008 pro
461 3919 601 4000 ciconia,
629 3932 685 3986 aut
706 3922 748 3987 ab
771 3923 836 3988 alia
858 3924 958 4010 stirpe
982 3924 1124 3990 ductum.

270 4158 300 4227 9)
314 4156 407 4212 Latini
423 4156 501 4211 verbi
516 4161 660 4211 mtus'acor
674 4175 816 4213 consonae
835 4167 976 4216 extremae
994 4178 1052 4215 non
1070 4177 1105 4214 ex
1122 4177 1227 4230 graeco
1247 4161 1332 4216 deri-

201 4250 282 4298 vatae
300 4246 351 4298 sed
371 4243 542 4298 domesticae
559 4251 624 4298 sunt
643 4252 674 4298 ut
690 4260 828 4316 quaeror,
847 4263 948 4304 nosco.
1015 4255 1019 4264 '
1104 4249 1105 4252 ’

891 4427 916 4467 X
