2825 4809
324 362 389 426 DE
418 357 696 426 PAR-uuilon
740 357 868 425 0:111.
899 401 904 404 -
1082 367 1158 440 ddi

78 557 153 642 igilur
171 551 236 615 ouni
256 539 363 632 ἀλίγον
378 545 545 612 ‘debueret
568 554 605 610 ut
629 539 826 634 Δσςήβολος
853 542 1052 634 δσςάννηεος
1074 553 1156 619 Ηεε.

78 669 101 724 et
120 647 295 740 σννηβσλίη,
330 669 398 732 quo
426 648 625 734 Apollonius
657 648 760 714 utitur
788 670 851 734 pro
880 647 1048 738 συμβολή,
1082 675 1157 720 oum

78 756 188 842 ἆδιλιῖν.
227 751 288 816 lllu
318 759 488 837 poelerum
515 750 636 816 finibus
667 750 875 816 eontinentur
902 771 1007 836 eoque
1031 755 1159 822 ustione

74 859 196 924 differunt
216 851 255 918 ab
274 847 496 940 διεερηφανής
517 862 550 918 et
577 846 809 940 ὑπερήφανος,
845 875 930 938 quae
951 854 985 919 in
1008 876 1158 925 sermone

73 963 120 1024 fixo
136 966 216 1031 sunt3
235 977 310 1018 num
335 949 528 1040 διιέριμανσς
551 953 685 1018 omnino
706 975 774 1018 non
795 954 927 1033 dieitur,
960 951 1158 1049 διεερφανής

72 1063 117 1126 elio
140 1057 306 1122 intellectu.
355 1053 544 1140 Hesychius
575 1064 665 1136 extra
698 1055 815 1120 seriem
836 1051 1065 1146 Ὑπερηφεμές
1094 1085 1158 1145 με·

72 1157 261 1248 νεοροφόρον,
304 1156 395 1242 quod
433 1167 624 1244 suspectum
664 1155 812 1223 habetur.
871 1159 977 1242 Παρὰ
1009 1159 1047 1227 τό
1081 1157 1159 1239 ἔτος

71 1256 157 1338 ἐνονός
175 1259 227 1325 καί
248 1261 451 1347 πλεονασμῷ
472 1263 533 1326 τοῦ
549 1247 777 1348 ἧόιιηενανός
792 1256 872 1325 ΕΜ.
884 1259 958 1338 356,
969 1261 1021 1326 39.
1043 1261 1155 1330 Subol.

70 1363 138 1447 Lips.
159 1361 198 1424 ud
217 1361 256 1425 Il.
280 1360 341 1429 IV.
363 1359 437 1425 293.
468 1360 528 1424 sed
555 1359 618 1426 hoe
647 1369 780 1445 etymon
806 1384 923 1448 perum
945 1364 1096 1428 convenit
1113 1366 1156 1429 sd
1248 1407 1255 1424 .

68 1463 178 1528 Hesiodi
198 1463 307 1528 locum
330 1461 512 1546 ἐπηεταναὶ
526 1460 651 1548 τρίχες,
672 1462 850 1549 ipsumque
871 1462 987 1543 ἐνανός
1004 1466 1156 1552 ignotum

69 1577 114 1641 est,
132 1587 229 1648 neque
252 1564 385 1630 omnino
408 1563 557 1627 novimus
581 1564 742 1648 adjective
763 1564 797 1629 in
817 1554 949 1644 ovo-{a
968 1569 1155 1633 nominibus

67 1667 166 1750 generis
198 1667 345 1732 neutrius
377 1666 412 1730 in
435 1653 486 1744 οξ
509 1665 703 1730 exeuntibus
727 1677 913 1753 propagata
935 1680 1066 1754 praeter
1087 1671 1154 1737 duo

67 1767 166 1852 longius
189 1779 382 1855 exporrecta
402 1762 589 1856 μηνιεδανός
609 1778 641 1832 et
658 1766 833 1855 ῥιγεδανός
854 1791 884 1832 v.
908 1768 951 1832 od
966 1771 1022 1854 Aj.
1035 1795 1068 1858 p.
1078 1773 1154 1838 404.

66 1868 133 1949 Quin
151 1881 273 1936 veteres
299 1871 364 1956 ipsi
388 1869 603 1934 dissentiunt:
633 1867 672 1934 τό
696 1857 722 1933 ἶ
748 1872 809 1954 τῆς
836 1868 896 1935 εἰεί
924 1867 1030 1938 ἐνίοτε
1057 1873 1093 1939 ἐν
1112 1879 1155 1963 τῇ

65 1970 188 2036 συνθέσει
219 1969 269 2049 εἷς
304 1963 331 2060 η
353 1973 514 2058 τρέπεται
536 1967 703 2058 ἐπήβολος
725 1969 783 2034 καὶ
804 1967 1007 2055 ἐπηετανός·
1030 1969 1068 2039 οὗ
1091 1973 1155 2063 γὰρ

64 2068 133 2153 παρὰ
153 2071 187 2135 νδ
208 2074 335 2153 ταναός
355 2074 465 2161 Epim.
487 2073 515 2139 Ι.
541 2073 613 2138 145.
638 2073 697 2137 sed
719 2071 782 2135 alio
807 2072 880 2135 looo
902 2071 930 2136 Ι.
956 2073 1027 2138 180.
1051 2073 1154 2164 ἐπηε-

63 2167 136 2248 ιανὸς
153 2172 246 2256 παρὰ
271 2176 310 2242 ud
334 2172 424 2254 ἔτος·
446 2171 492 2253 ιδς
515 2173 554 2240 δέ
575 2198 661 2251 τινες
685 2171 781 2258 παρὰ
799 2171 837 2237 vl
857 2170 997 2253 ταναός,
1022 2198 1087 2261 quo
1101 2199 1154 2241 ra-

62 2269 340 2358 lionesignifioatio
360 2300 380 2342 s
398 2277 534 2364 perenni
557 2286 590 2341 el
612 2283 773 2361 perpetuo
798 2274 987 2340 transfertur
1009 2277 1052 2342 ed
1074 2301 1154 2344 eon-

60 2371 158 2438 tinuum
177 2376 215 2443 ιδ
236 2380 401 2464 διηνεκές,
423 2400 529 2464 eoque
546 2376 636 2442 ducit
658 2377 755 2442 etium
778 2376 914 2441 alterum
935 2379 1155 2466 compositum

58 2478 196 2559 Διηνανίς
217 2479 315 2544 λιτόν
337 2481 574 2562 διατεταμένον
595 2481 678 2544 Hes.
700 2489 739 2541 ut
760 2490 851 2543 noue
872 2501 891 2542 a
910 2477 1015 2546 νείναι.
1057 2481 1154 2564 Quo-

57 2575 132 2641 modo
151 2578 250 2664 igilur
270 2578 445 2669 ἐπήβολος
466 2582 507 2647 ab
528 2581 678 2647 omnibus
696 2580 816 2645 dieitur
828 2587 894 2665 pro'
910 2579 1082 2665 ἐνείβολος,
1106 2584 1154 2650 sio

56 2678 169 2759 produci
189 2683 309 2768 potuir
327 2682 511 2770 δνεηνανός,
535 2705 600 2768 quo
624 2681 793 2748 Maximus
814 2681 915 2745 utitur
936 2705 965 2747 v.
985 2683 1070 2762 465„
1093 2689 1153 2750 ad·

56 2777 170 2865 ditoque
182 2785 293 2870 epsilo
310 2777 508 2871 ἐπηετανός,
532 2787 625 2870 eujus
644 2783 741 2849 tertis
757 2782 884 2866 syllaba
897 2784 1040 2850 inversu
1052 2787 1153 2852 inter·

55 2880 112 2944 dum
131 2886 344 2969 praeteritur,
373 2897 527 2951 noeentus
556 2899 664 2952 autem
695 2885 843 2970 sequitur
868 2887 1053 2974 exemplum
1074 2885 1169 2955 oon?

54 2985 157 3065 generis
178 2985 321 3066 νειανός
346 2998 378 3052 et
396 2987 534 3054 aliorum
554 2988 751 3074 simplicium
767 2987 819 3054 his
836 2988 971 3072 syllabis
989 2989 1155 3057 finitorum

53 3105 74 3146 v.
90 3085 180 3153 Proll.
204 3089 281 3154 182.
322 3081 583 3168 Ἕσιεανίδεσσι,
614 3090 705 3174 quod
722 3088 872 3154 Rhianus
899 3091 934 3154 in
961 3090 1086 3177 odyss.
1110 3097 1152 3160 V.

51 3184 106 3252 252.
126 3212 184 3275 pro
206 3187 466 3276 ἐπηγκενίδεσσι
487 3191 639 3278 posuisse
663 3191 790 3269 dieitur,
812 3194 1029 3258 Buttmannus
1048 3193 1154 3260 ’ἒπει-

51 3286 197 3358 ιονίδεοσι
232 3290 338 3358 soribi
372 3292 439 3356 vult
451 3315 460 3368 3
496 3293 702 3380 probabilius
736 3304 786 3359 est
822 3290 1029 3380 ἒιεηνανίδις.
1089 3297 1154 3362 Ηὶε

50 3387 147 3457 s'miles
168 3392 306 3460 tabulae
320 3400 457 3461 Ινανεῖοιι
478 3407 513 3460 et
537 3395 664 3462 ταινίαι
684 3391 832 3461 σανίδιον
853 3394 1014 3462 nominari
1037 3398 1153 3465 viden-

50 3497 88 3552 lur
103 3493 134 3556 id
154 3505 204 3560 est
226 3495 364 3573 σανίδες
387 3495 640 3578 διαεεεσιμένοιι,
670 3519 735 3582 quo
758 3498 892 3564 nomine
912 3499 987 3564 illue
1010 3500 1153 3589 ἐπηγκε-

48 3589 116 3672 νίδες
135 3597 296 3684 explicari
318 3597 434 3663 solent.
457 3635 499 3646 -
520 3598 659 3664 Mirifice
682 3599 770 3662 erret
787 3597 900 3666 Sobel.
913 3601 1026 3688 Apoll.
1039 3602 1066 3666 I.
1078 3604 1153 3669 312.

48 3691 73 3788 ξι
89 3701 131 3783 ιη]
151 3698 341 3785 πσλιήοχος
360 3698 546 3784 detersti-912
569 3698 605 3764 εδ
624 3687 667 3788 η,
695 3702 792 3785 quasi
814 3701 949 3767 dubium
971 3702 1015 3766 sit
1034 3703 1070 3767 id
1092 3727 1153 3790 pro
1260 3708 1269 3722 ’

48 3799 244 3886 oreoeptum
275 3817 348 3866 esse
375 3809 412 3864 ut
440 3799 539 3886 ulpho
568 3800 704 3887 longum
730 3801 765 3868 in
787 3800 1011 3888 πολεανόμος,
1045 3799 1154 3870 Πολιέ

48 3921 136 3978 νιος.
254 3947 257 3954 ·
1079 3984 1082 3988 Α

110 4002 161 4068 De
184 4025 328 4069 ossuum
345 4003 584 4087 modorumque
607 4005 800 4090 augmentis
812 4027 896 4091 quoe
915 4003 1175 4072 dieuntur‘fere‘

47 4102 136 4167 Omnia
156 4127 197 4171 ex
216 4106 472 4172 ranoeonflata
495 4115 580 4170 sunt.
629 4105 676 4170 Τό
705 4108 908 4194 κηδεμονῆες
939 4105 1023 4174 κατὰ
1047 4108 1152 4172 πλεο·

44 4203 149 4284 νασμίιν
171 4201 243 4274 ono
269 4211 330 4275 τοῦ
350 4205 529 4291 κηδεμόνες
552 4205 663 4273 Sohol.
685 4209 800 4294 Apoll.
820 4208 848 4273 1.
873 4209 947 4273 271.
978 4209 1070 4293 eujus
1092 4231 1153 4296 ge-
1168 4233 1177 4283 ἡ

44 4303 114 4368 neris
135 4308 304 4396 permulto
323 4307 441 4393 collegi
462 4307 496 4372 in
519 4308 640 4377 Pamu.
663 4310 738 4376 234.
760 4310 854 4376 metri
874 4333 974 4381 osum
998 4334 1018 4376 a
1041 4313 1153 4378 termi-

875 4413 944 4478 28*
