2825 4809
275 342 340 413 DE
361 341 652 417 nmrnrflnsr.
695 343 735 416 Ο.
758 343 786 415 Ι.
820 349 845 435 ξ.
868 345 898 415 2.
1069 349 1143 427 495

28 538 29 633 λ
74 550 98 604 et
115 530 316 620 ύυςύράκανος
342 527 361 598 ὁ
391 531 593 623 ύύςληνττος,
625 557 711 621 quae
744 557 784 600 ex
810 517 909 599 ultera
929 533 1019 600 verbi
1040 534 1145 600 forma

28 676 29 679 =
71 636 165 723 βρύξαι
184 633 320 720 pendent
341 657 371 700 v.
395 634 521 701 Techn.
543 637 595 701 49.
638 639 734 702 Haec
758 635 935 701 consiliarii
961 635 1064 701 nostri
1093 646 1143 700 ta-

72 738 112 803 citi
132 746 320 822 praetereunt
350 737 499 802 sednon
521 737 727 824 negligenter
752 748 892 802 tractant
918 737 1052 803 verbum
1077 739 1144 803 far-

71 838 168 905 ciendi:
191 840 421 926 ττεφαργμένος
444 833 515 906 ἀντὶ
541 843 600 904 τοῦ
621 840 855 927 πεφραγμένος
876 841 934 907 καὶ
955 840 1146 928 ἑφαρξαντο

71 935 124 1006 ἀντὶ
155 941 208 1007 τού
244 939 433 1029 ἐφράξαντο
476 940 534 1007 καὶ
575 939 615 1006 τὸ
661 937 811 1028 φρυκτόν
854 939 1017 1030 φαρκτύν,
1066 941 1147 1020 ω’ςτε

28 1040 29 1121 ξ
68 1036 229 1125 ύντέρθεοις.
277 1041 367 1128 Περὶ
396 1045 520 1110 παθῶν
548 1042 630 1106 ΕΜ.
658 1041 739 1120 667,
766 1043 817 1106 22.
872 1044 964 1108 Addi
995 1053 1148 1130 poterant

28 1143 29 1225 Ῐ
69 1141 189 1227 syntheta
213 1134 384 1229 ἀφαρκτος
411 1142 520 1208 idest
543 1137 735 1229 ἀφύλακτος
758 1145 840 1208 Hes.
868 1155 901 1208 et
925 1144 1146 1234 ναύφαρκτον,

28 1244 29 1311 i
68 1243 137 1327 quod
164 1240 351 1313 Dindorfius
383 1243 598 1330 Aristophani
635 1244 748 1310 tribuit
785 1245 871 1332 Ach.
904 1247 956 1312 95.
994 1247 1148 1331 idemque

28 1341 29 1431 i
68 1345 325 1412 Grammaticorum
353 1345 547 1431 quibusdam
573 1346 704 1411 indiciis
734 1348 850 1412 ductus
881 1357 996 1434 poetes
1018 1347 1148 1412 Atticos

66 1446 212 1531 aequciiter
231 1445 401 1536 φάργνυμι
423 1457 456 1511 et
482 1437 589 1512 cetera
612 1447 784 1535 scripsisse
807 1460 931 1528 censet,
960 1472 1027 1514 non
1052 1458 1088 1512 ut
1114 1449 1149 1513 in

28 1596 29 1611 .
66 1549 140 1613 codd.
163 1549 280 1634 legitur
306 1572 336 1615 v,
363 1549 453 1614 Adn.
486 1549 528 1613 ad
555 1548 677 1614 Aesch.
706 1550 800 1616 Pers.
823 1550 875 1618 63.
908 1550 959 1616 ed.
988 1550 1100 1616 Oxon.
1115 1551 1147 1632 1)

28 1688 29 1695 1
64 1651 179 1732 Etymon
199 1650 418 1716 scrutantibus
436 1673 477 1715 ex
492 1650 642 1737 proximo
659 1652 799 1716 occurrit
815 1650 901 1738 ἔργα
918 1649 1026 1736 εἶ’ργιυ.
1063 1651 1150 1718 Nam

28 1760 29 1767 ’
66 1749 121 1814 hinc
139 1753 350 1838 compositum
372 1745 508 1834 ἀερκτον
524 1754 754 1838 Harpocratio‚
779 1753 910 1829 Suidas,
933 1753 1031 1817 ceteri
1049 1753 1150 1818 inter-

64 1862 202 1934 pretantur
218 1850 392 1942 ἀφρακτον
410 1863 443 1917 et
458 1851 555 1937 donor
570 1854 804 1942 περίφραγμα,
827 1853 890 1918 hoe
902 1863 1010 1917 autem
1028 1854 1151 1920 aeolice

28 1992 29 1995 =
64 1945 144 2035 ἀρκος
163 1953 279 2018 dicitnr
298 1964 539 2040 cognatumque
556 1953 655 2019 habet
672 1949 775 2040 ἀρκος
791 1949 862 2020 ἀπὸ
882 1958 942 2020 τοῦ
961 1951 1059 2040 εἴργω
1070 1955 1150 2022 ΕΜ.

61 2051 225 2137 bigama,
249 2057 340 2141 quod
363 2055 438 2120 huic
459 2054 558 2120 verbo
581 2055 754 2132 adhaeret,
778 2055 812 2119 in
835 2055 1010 2142 aspiratam
1027 2067 1150 2122 mutato
1183 2122 1189 2134 ,

62 2155 181 2219 nucitur
200 2154 319 2246 φάργτο
341 2167 374 2222 et
395 2157 584 2240 trajectione
612 2156 698 2222 facta
723 2155 857 2246 φρύγιο,
884 2179 1070 2243 nomenque
1091 2163 1152 2247 ῥῆ-

59 2279 102 2334 χος
118 2255 149 2319 id
171 2268 221 2321 est
243 2253 398 2344 φραγμύς
417 2257 511 2322 litera
526 2263 569 2346 φῖ
584 2258 775 2322 destitutum
793 2281 834 2322 ex
849 2258 988 2324 formula
1004 2260 1151 2326 eGram-

60 2357 162 2423 maticis
193 2359 286 2424 data:
327 2355 491 2426 ούύέττοτε
531 2355 720 2443 εὑρίσκεται
751 2359 840 2438 λέξις
879 2360 1083 2443 cccccccccc
1119 2359 1154 2426 ἐν

58 2455 152 2542 χρήσει
178 2455 342 2547 ἀρχομένη
372 2453 442 2526 ἀπὸ
470 2456 531 2526 δύο
563 2459 692 2527 δασέων
719 2464 779 2549 τῆς
806 2459 964 2545 δευτέρας
987 2462 1154 2548 συλλαβῆς

60 2550 114 2623 dni
141 2562 261 2639 δασέος
286 2553 470 2647 ἀρχομένης
498 2558 663 2626 Choerob.
693 2559 775 2627 Can.
804 2559 883 2637 636,
914 2561 944 2625 8.
996 2561 1060 2624 His
1086 2581 1154 2626 non

58 2657 144 2724 aliens
166 2672 216 2726 est
231 2660 442 2733 Valckenarii
464 2662 651 2745 conjectme
669 2660 858 2727 Observett.
873 2661 909 2724 in
923 2661 966 2725 N.
979 2659 1020 2726 Τ.
1033 2683 1068 2747 p.
1079 2661 1153 2727 253.

59 2756 89 2822 Τ.
109 2761 151 2827 IL
181 2762 365 2829 abeodem
391 2759 527 2850 φρύικω
555 2783 676 2826 nomen
703 2760 849 2851 σφραγίς
876 2763 1070 2849 repetentis;
1101 2763 1155 2827 oui

57 2862 185 2928 nonnihil
215 2865 374 2931 momenti
404 2863 517 2949 adjicit
537 2861 722 2950 Sophocles
748 2867 936 2954 σφραγῖδος
963 2863 1060 2951 ἕρκος
1079 2873 1154 2928 ten-

57 2983 136 3046 qnam
161 2963 197 3035 ἐκ
226 2965 450 3055 παραλλήλου
471 2965 617 3052 jungens
645 2963 764 3030 Trach.
796 2964 869 3029 612.
918 2965 989 3030 Nec
1018 2963 1155 3031 multum

57 3062 136 3130 obest
159 3068 251 3154 quod
278 3063 342 3132 hoc
369 3079 392 3131 ο·
416 3068 524 3153 poetis
547 3068 648 3154 epicis
674 3077 706 3132 et
728 3065 940 3153 scriptoribus
964 3066 1080 3132 ionicis
1104 3067 1154 3130 di-

56 3161 124 3231 citur
142 3169 299 3258 σφρηγύς,
327 3167 461 3232 verbum
489 3180 596 3234 autem
624 3179 657 3234 et
676 3168 810 3235 nomine
831 3191 871 3234 ex
894 3191 933 3233 eo
957 3178 1035 3253 apta
1057 3166 1156 3254 alpha

55 3269 176 3335 retinent
202 3268 489 3359 φρύξαςΗονοᾶ.
518 3271 676 3356 Apollon.
704 3267 897 3358 ἒμφρύξαιο
918 3270 992 3335 Nic.
1015 3269 1079 3335 Th.
1104 3272 1155 3335 79.
1226 3341 1235 3351 ‚

54 3367 249 3458 ανριφράξαι
271 3371 381 3436 Nonn.
401 3372 531 3439 XLIV.
554 3373 604 3437 19.
628 3370 787 3457 φραφμύς
815 3381 847 3436 et
869 3366 1007 3457 φράγμα
1028 3372 1155 3436 Herod.

54 3489 114 3533 nam
136 3473 227 3558 apud
249 3471 453 3541 huncetiam
471 3477 610 3562 φρῆγμα
625 3473 745 3558 legitur
760 3473 794 3536 in
811 3473 898 3537 Edd.
916 3483 992 3537 vett.
1010 3483 1043 3537 et
1058 3473 1158 3560 alpha

53 3587 170 3656 qnoque
191 3596 262 3639 non
285 3574 327 3640 ab
350 3575 500 3640 omnibus
523 3575 700 3659 aequaliter
720 3575 969 3662 pronunciatum
988 3597 1060 3640 esse
1078 3598 1157 3664 pro·

53 3667 99 3735 bat
126 3675 300 3742 diversitas
331 3687 483 3743 accentus
514 3698 544 3741 v.
566 3677 686 3742 Parall.
708 3678 782 3742 402.
826 3678 950 3743 Verum
975 3675 1038 3742 hae
1060 3699 1159 3764 super

52 3793 80 3836 re
97 3775 203 3844 nimis.
249 3778 317 3845 Pro
340 3779 454 3865 τρέπου
476 3778 650 3844 nonnullos
673 3778 786 3866 τέρτττο
811 3778 988 3844 dixissent
1006 3775 1159 3865 ἀταρπός

53 3875 202 3944 affirmant
230 3891 380 3946 auctores
407 3878 441 3945 in
463 3877 589 3946 Techn.
611 3881 664 3946 38.
694 3879 868 3960 nominati,
896 3890 1073 3964 contraque
1103 3877 1158 3943 alii

112 4135 140 4203 7)
152 4134 260 4192 Nescio
278 4133 356 4208 qnod
375 4131 410 4188 ad
428 4130 573 4206 exemplar
584 4133 733 4190 formatum
751 4130 787 4190 sit
804 4133 921 4190 verbum
939 4123 1115 4208 φύρκτεσθαι
1130 4129 1159 4190 τύ

50 4212 217 4285 quincentum
235 4223 314 4277 Phot.
336 4218 452 4294 ejusque
472 4219 652 4292 imperativus
670 4219 795 4294 φάρκιου
813 4221 941 4294 φυλακὴν
959 4219 1071 4285 σκεύαζε
1089 4221 1157 4280 Heu

51 4299 177 4365 Quisnam
198 4306 274 4361 enim
292 4299 461 4380 δρύκτεσθαι
480 4306 582 4362 dixerit
599 4326 651 4382 pro
668 4302 855 4383 optumam?
