2825 4809
246 360 323 441 370
530 350 854 421 Dlssulcuaulo
883 348 931 417 11.
972 348 1014 418 Ρ.
1032 349 1080 418 Il.

245 542 381 627 wat),
402 538 539 607 altarum
560 558 634 603 cum
657 538 763 626 χαλᾷν
783 546 821 603 ut
839 536 945 623 ταλᾷν
966 531 1168 623 ταλαίφρων.
1193 532 1324 621 Είλίποιρ

248 670 292 715 cx
315 639 532 719 εἶλισσύπους
557 638 721 707 coaluisse
736 638 851 706 dicunt
868 637 1028 706 Technioi
1050 657 1135 723 quos
1156 637 1230 705 inira
1243 643 1326 707 uoui-

247 748 353 825 nabo;
377 764 474 811 nemo
503 750 611 809 autem
636 740 747 827 attigit
772 739 825 806 his
853 750 997 827 στρατια
1023 737 1200 822 ἐλελίχθων
1222 752 1251 809 et
1271 740 1325 812 ttr-

246 848 431 936 λίαφαιως,
468 866 552 931 quae
581 865 651 911 non
678 865 755 910 cum
783 839 883 909 verbo
911 840 1072 911 ε’λιλίσσω
1096 842 1270 929 composita
1285 845 1330 911 sed

247 953 365 1021 eodem
385 959 521 1015 naturae
539 944 719 1013 intenae
734 944 845 1014 studio
865 944 972 1011 effiota
988 954 1075 1023 aaut,
1095 964 1194 1012 unum
1207 966 1226 1009 a
1237 946 1330 1031 poetis,

249 1054 387 1121 alterum
414 1073 435 1115 a
461 1049 573 1136 vulgo.
621 1049 678 1117 De
706 1045 915 1125 nominibus,
941 1069 1026 1132 quae
1054 1070 1130 1113 oum
1155 1044 1253 1113 vorbis
1269 1071 1332 1133 pure

248 1153 427 1225 terminatis
450 1152 637 1231 cohaerent,
663 1146 800 1216 dubium
821 1159 872 1215 est
887 1158 997 1216 utrum
1011 1149 1159 1235 magistri
1173 1149 1266 1225 nocui
1277 1171 1332 1215 eun
1383 1153 1384 1160 ’

248 1254 414 1346 praesenti
436 1252 621 1340 composita
641 1274 717 1319 esse
736 1251 936 1319 crediderint
955 1273 998 1317 an
1016 1272 1092 1317 cum
1108 1250 1213 1316 futuro
1229 1251 1333 1318 utllll.

248 1358 329 1437 745,
356 1356 410 1423 48.
446 1352 542 1442 παρὰ
574 1353 611 1421 τδ
650 1352 761 1421 τανύω
786 1348 918 1421 τανύσω
945 1346 1161 1431 τανύπεπλος
1186 1346 1333 1436 sicyonio

247 1454 445 1546 Γανυμήδης
474 1454 533 1523 καὶ
564 1451 779 1541 τανύπτερος.
827 1454 898 1521 Hic
927 1453 1015 1519 enim
1043 1453 1071 1519 si
1098 1475 1169 1519 rem
1195 1452 1235 1517 ad
1252 1452 1335 1517 daun

247 1581 433 1629 resecamus
460 1579 481 1621 a
510 1552 640 1625 τανύσω
662 1554 785 1621 directe
806 1550 1065 1641 τανυσίπτερος,
1094 1555 1171 1621 hinc
1192 1577 1247 1641 per
1265 1574 1333 1619 con·

248 1662 407 1753 pendium
431 1653 635 1743 τανύπτερος
657 1657 781 1723 factum
807 1657 934 1743 putavit
959 1656 1008 1723 sic
1028 1668 1066 1721 ut
1090 1654 1294 1743 Τληπόλεμος
1309 1654 1336 1721 ἐν

247 1768 307 1837 τοῦ
329 1760 439 1851 τλήτω
458 1752 717 1843 Τλησιπόλεμος
730 1763 885 1846 συγκοπῇ
903 1783 937 1846 p.
954 1758 1092 1837 716,16.
1124 1756 1195 1826 Sed
1210 1754 1248 1821 de
1260 1754 1334 1819 verbo

248 1865 398 1952 ejusdem
416 1859 560 1927 {amidae
581 1857 743 1943 bisyllabo
767 1860 891 1947 duplex
910 1860 1012 1925 fertur
1028 1859 1192 1927 sententia
1204 1855 1337 1925 inschol

247 1968 292 2039 sd
311 1967 352 2035 ll.
373 1962 475 2031 xm.
499 1961 574 2027 300.
595 1958 632 2027 ad
657 1956 841 2049 ταλαίφρων
862 1958 896 2031 οἳ
916 1962 978 2045 μὲν
998 1958 1071 2029 ἀπὸ
1091 1966 1154 2030 τοῦ
1174 1962 1260 2027 autri
1276 1955 1338 2027 toan
1383 1999 1384 2038 p

248 2069 289 2139 τὸ
311 2064 466 2143 ταλάσω,
491 2058 524 2131 ολ
546 2061 583 2129 δὲ
605 2057 653 2138 ὦς
672 2057 878 2147 τανύπτερος
899 2062 966 2143 hoc
990 2074 1042 2137 cst
1065 2085 1086 2127 a
1105 2070 1273 2149 praesente
1295 2084 1339 2125 τν-

247 2166 323 2239 νύω.
367 2169 463 2233 Haeo
489 2163 588 2229 unius
614 2162 729 2227 literae
758 2185 905 2251 syncope
931 2186 1034 2250 supra
1059 2164 1241 2250 disceptata
1262 2170 1339 2225 estc.

248 2274 311 2340 IV.
343 2274 369 2356 ξ.
396 2268 427 2333 5.
460 2266 502 2333 de
535 2263 723 2332 concisione
755 2262 900 2349 syllabae
936 2288 1021 2351 quae
1052 2266 1088 2331 in
1118 2260 1341 2345 τανυσίπτερος,
1383 2283 1385 2360 t

249 2367 480 2461 δρασίπτολις,
492 2360 699 2451 ύνυσίεργος,
713 2364 978 2446 κωλνσίδιιπνος
989 2376 1139 2455 apparet,
1152 2362 1340 2433 resiudubio.

251 2468 454 2561 Ταλάφρων,
478 2489 543 2551 quo
567 2466 621 2531 ille
644 2468 688 2531 ad
712 2466 923 2553 probandum
940 2470 1051 2548 utitur,
1073 2469 1122 2534 sic
1145 2481 1181 2535 ut
1202 2468 1342 2535 ταλαπεν-

247 2570 315 2664 θής
344 2596 364 2639 a
393 2566 517 2647 ταλαός
550 2566 731 2635 derivatum
756 2579 807 2635 est
834 2593 867 2635 v.
894 2569 934 2640 C.
959 2572 1022 2639 IV.
1046 2575 1073 2656 ξ.
1096 2572 1131 2637 4.
1161 2570 1236 2635 hinc
1259 2577 1343 2634 auten

252 2670 473 2763 Τληπόλεμος
501 2679 535 2735 ct
563 2665 737 2756 τλήδυμος
757 2692 797 2738 eo
822 2690 944 2757 genere
971 2672 1190 2750 concisionis,
1222 2667 1344 2755 quodin
1382 2731 1383 2734 ,

248 2777 357 2863 prima
375 2782 468 2861 parte
494 2768 743 2857 explicavimus,
765 2782 798 2835 et
820 2771 967 2839 similiter
987 2796 1010 2839 a
1027 2774 1138 2842 futuro
1161 2773 1284 2859 integro
1302 2794 1345 2835 τα·
1382 2819 1383 2824 1

248 2873 441 2964 λασίρρων,
471 2894 491 2937 a
519 2881 692 2957 corrupto,
715 2873 806 2957 quod
841 2897 881 2941 ex
912 2875 993 2956 artis
1020 2886 1202 2962 praecepte
1226 2871 1383 2956 fingitis,

247 2970 495 3066 τλησικάρδιος.
540 2971 689 3039 Certiora
715 2975 851 3053 desunt3
873 2998 950 3043 nam
975 2979 1155 3055 Τελένικος
1175 2986 1210 3043 at
1228 2970 1331 3040 huio'
1313 2994 1347 3036 sr-
1382 2993 1384 3076 ρ

247 3079 338 3149 milia
362 3098 449 3165 quae
471 3074 633 3143 Keilius
624 3098 658 3139 ru
677 3076 789 3161 Anall
813 3078 878 3145 110
890 3100 940 3164 sq.
959 3079 1107 3158 contulit,
1130 3078 1176 3145 ab
1191 3078 1256 3145 alio
1276 3074 1384 3162 prin·

248 3182 337 3269 cipio
369 3179 517 3267 profecta
556 3187 633 3245 sunt
659 3186 758 3263 atque
788 3178 1011 3261 Τιλτσίιικος,
1046 3202 1110 3247 nee
1133 3181 1227 3248 idem
1255 3186 1349 3245 sonant

247 3284 385 3369 «ωνλῆς
414 3290 448 3347 et
477 3280 658 3366 Σωσικλῆς.
709 3279 782 3345 lam
789 3279 1031 3378 producemus
1053 3304 1112 3348 eos
1134 3282 1195 3367 qui
1216 3282 1292 3347 duas
1310 3277 1349 3341 di·

247 3404 414 3449 aersamr
438 3379 635 3467 syllabarum
654 3380 765 3449 literas
789 3409 810 3468 ρ
837 3398 871 3449 et
890 3406 912 3449 σ
931 3383 1049 3450 tuturis
1071 3383 1174 3451 eximi
1195 3382 1349 3451 affirmant:

249 3484 404 3607 δαΐφρων
430 3476 502 3549 ἀπὸ
529 3485 589 3548 τού
610 3482 684 3549 doni
709 3481 825 3569 δοήαω
848 3478 894 3563 ὦς
913 3482 1000 3608 oldai
1026 3481 1211 3565 Οἰδίπους,
1234 3480 1382 3569 δρωριύ
1381 3531 1382 3536 .

248 3578 453 3673 ἁμαρτίνοος
474 3582 588 3651 Schol.
612 3582 680 3651 Od.
700 3584 782 3651 XV.
804 3583 879 3650 509.
906 3581 951 3653 τὰ
974 3581 1052 3655 απὸ
1071 3589 1135 3675 τῆς
1153 3580 1289 3705 πρώτης
1305 3606 1350 3651 ov·

249 3681 363 3771 ζρρίας
384 3686 451 3750 τῶν
470 3684 739 3773 περισπωμένων
759 3683 917 3771 γινόμενα
938 3681 1091 3769 ὀνόματα
1110 3682 1134 3776 ἢ
1153 3712 1205 3775 τρν
1221 3712 1242 3755 ο
1257 3704 1349 3768 παρα

248 3780 404 3883 λήγουσιν
437 3777 484 3863 ὡς
510 3782 548 3852 τδ
576 3779 717 3873 αμαρτιύ
741 3780 973 3875 ripacorcensis,
1008 3793 1100 3873 μισῶ
1126 3784 1318 3875 μισογύνης,
1336 3770 1352 3865 ll

247 3911 296 3974 τρι
318 3912 330 3952 ι
346 3909 393 3965 ως
412 3880 579 3967 εἶλίπους,
603 3881 816 3977 Οἰδίπους,
796 3887 1010 3974 αμαρτίνοος.
1046 3886 1144 3958 Ούτω
1162 3889 1240 3957 aas
1258 3881 1382 3972 ὀνήσω

319 4142 365 4209 25)
381 4139 429 4195 Sic
447 4138 578 4193 Herodes
595 4136 643 4195 Fr.
656 4136 692 4193 V.
709 4136 868 4195 Choliarnb.
879 4139 969 4197 Mein.
982 4159 1015 4213 p.
1029 4143 1089 4198 110.
1101 4136 1155 4211 ἤδη
1170 4139 1230 4213 γὰρ
1243 4133 1312 4209 αὐγὴ
1321 4135 1356 4200 vlt

252 4216 313 4291 ζύης
326 4221 526 4296 ἀπήμβλυνται,
544 4222 575 4282 ld
587 4230 632 4279 est
643 4224 803 4290 hebemus
821 4243 874 4298 pro
885 4232 1061 4303 μαραίνεται,
1075 4226 1256 4302 ἀμαυροῦται
1272 4236 1357 4281 ουσαν·

250 4310 339 4359 catur
355 4308 450 4381 posuit
470 4326 497 4363 v.
510 4309 585 4363 Diss.
599 4309 623 4363 1.
642 4326 667 4364 o.
679 4309 702 4363 1.
722 4308 747 4376 5.
762 4311 787 4368 l,
