2825 4809
212 314 291 389 394
504 306 827 379 DISSERTATIO
848 306 897 374 11.
939 308 981 376 Ρ.
1004 306 1044 376 II.

213 488 284 564 άπὸ
304 498 364 563 τοῦ
383 487 552 582 ἁμέτερον,
574 494 639 561 nisi
662 494 795 582 scripsit
814 494 851 559 id
873 492 965 581 quod
980 493 1016 558 in
1037 492 1114 561 Sch.
1125 495 1171 557 A.
1192 492 1334 578 legimus

213 592 287 663 ἀντὶ
308 600 367 662 τοῦ
386 589 554 683 ἡμέτερον,
577 596 679 682 idque
701 596 857 662 adversus
878 597 953 661 illos
971 595 1057 660 dixit
1077 594 1134 681 qui
1151 616 1222 659 non
1244 595 1334 681 aepi-

211 709 318 765 ratum
340 691 426 782 άμόν
449 718 510 784 pro
532 692 692 784 ἡμέτερον
710 698 907 786 acciperent.
951 697 1108 763 Totidem
1125 707 1239 761 tamen
1259 697 1333 761 lia-

211 823 276 877 rae,
300 809 381 885 quot
403 797 651 885 pronominibus
674 797 764 887 σφάς
786 811 821 865 et
836 796 931 882 λιμός,
954 799 983 864 si
1006 798 1090 865 haec
1105 798 1250 865 concisis
1269 798 1336 887 ad-

211 922 429 978 numeramus,
451 900 614 966 detractae
636 922 709 966 esse
731 911 912 978 sumuntur,
936 901 1054 965 desunt
1075 900 1173 965 etiam
1193 899 1335 988 proprio

201 998 430 1093 Ἀμφιάραος,
458 1002 549 1088 quod
572 1002 660 1068 idem
684 1003 740 1069 ille
765 1024 933 1090 syncopae
954 1000 1094 1067 absolvit
1114 1002 1150 1066 in
1173 1002 1258 1068 EM.
1281 1002 1335 1079 93,
1391 1010 1393 1065 ι

210 1106 263 1171 49.
286 1098 357 1172 άπὸ
378 1108 439 1172 τοῦ
456 1098 669 1193 Ἀμφιάραος
682 1098 810 1194 Ἀμφις
830 1101 943 1191 άίςπερ
970 1098 1180 1190 ἀστράγαλος
1201 1096 1333 1190 άστρις,
1391 1130 1393 1167 ι

101 1252 104 1259 ,
207 1200 406 1294 Ἰφίανασσα
421 1198 525 1295 Ἶφις·
547 1210 646 1273 τοῦτο
669 1200 709 1273 οὐ
726 1206 876 1293 συγκοπὴ
897 1198 985 1271 ἀλλὰ
1002 1201 1334 1292 μετασχηματισμοί
1391 1236 1393 1271 ι

210 1300 374 1375 οὐδέποτε
395 1304 457 1393 γάρ
480 1304 630 1395 συγκοπὴ
660 1306 786 1392 γίνεται
813 1304 927 1393 τρίτης
952 1306 1135 1392 συλλαβῆς·
1157 1300 1334 1391 Ἡρωδια-

209 1406 267 1485 νὸς
287 1405 367 1491 περὶ
388 1410 531 1473 παθῶν·
553 1430 630 1471 nam
650 1408 685 1471 iu
710 1403 797 1496 σφός
824 1417 858 1473 et
877 1401 963 1490 ὑμός
987 1417 1075 1474 certe
1098 1406 1224 1473 vocalis
1248 1407 1334 1471 fiua-
1391 1438 1393 1475 ι

208 1508 250 1573 Iie
273 1517 400 1573 servata
420 1517 479 1586 eet,
501 1501 674 1597 ἱαἈμφις
691 1532 735 1575 ne
754 1508 838 1575 haee
859 1508 1003 1594 quidem.
1048 1507 1119 1575 Sed
1139 1508 1225 1574 haec
1246 1509 1333 1574 ratio
1391 1542 1393 1578 ι

208 1632 276 1675 non
297 1609 466 1696 prohibuit
494 1609 576 1675 alios
606 1612 779 1697 quominus
806 1611 976 1676 nominum
1001 1610 1214 1697 propriorum
1238 1632 1333 1677 com-

208 1710 456 1777 miniscerentur
483 1734 646 1800 syncopae
668 1712 826 1778 immanes
856 1722 956 1799 atquo
978 1712 1219 1779 intolerandae:
1237 1702 1330 1800 Ἶφιν
1391 1746 1393 1783 1

208 1814 268 1902 τὴν
285 1809 486 1901 Ἰφιγένειαν
514 1813 603 1899 λέγει
627 1818 718 1901 τρεῖς
746 1813 916 1897 συλλαβὰς
940 1810 1114 1882 ἐκκόπτων
1143 1814 1223 1881 Sch.
1242 1812 1333 1898 Lyo.
1391 1850 1393 1887 γ

207 1911 282 1981 324.
303 1914 361 1982 τὸν
372 1908 611 1999 Ἀλκιμέδοντα
632 1913 836 2001 συγκίκοφεν
847 1907 1007 1994 Ἀλκιμον
1029 1910 1134 1982 εἰπών
1157 1914 1274 1984 SohoI.
1286 1918 1331 1979 A.
1391 1952 1393 1988 2

207 2016 252 2081 ad
272 2017 312 2083 II.
334 2016 469 2083 XXIV.
492 2015 574 2081 574:
588 2016 645 2101 qui
666 2038 741 2081 cum
763 2038 932 2103 syncopae
958 2016 1090 2081 nomine
1116 2017 1217 2081 tacite
1239 2039 1335 2081 com-
1392 2082 1393 2090 ς

207 2117 382 2204 prehendit
405 2138 579 2204 apocopen
599 2117 658 2183 sed
680 2118 854 2204 corrigitur
874 2141 895 2182 a
917 2117 1029 2185 Schol.
1042 2118 1114 2183 BL.
1137 2118 1232 2183 adv.
1254 2118 1333 2183 477.
1378 2135 1385 2146 '

66 2270 68 2274 -
195 2210 361 2303 ’Ἀλκιμος
384 2218 469 2285 κατὰ
489 2217 731 2303 μεταπλασμὸν
758 2214 777 2284 ὁ
808 2214 1015 2305 Ἀλκιμέδων
1046 2214 1092 2296 ὡς
1124 2215 1335 2297 Μελάνθιος
1391 2252 1393 2293 t

206 2315 419 2397 Μελανθεύς.
458 2319 652 2385 Eustathiue
672 2318 873 2403 dionymiam
887 2329 993 2385 vocat.
1024 2320 1097 2385 Nec
1115 2320 1227 2384 minus
1240 2330 1335 2385 recte
1391 2362 1393 2397 ;

207 2418 395 2507 Stephanus
416 2416 693 2505 Λακεδαιμόνιος
713 2419 845 2507 λέγεται
867 2420 926 2486 καὶ
947 2420 1034 2491 κατὰ
1055 2419 1229 2507 συγκοπὴν
1247 2419 1334 2487 Aa·
1392 2468 1393 2499 2

78 2577 83 2587 ,
193 2544 272 2590 ,κων
294 2512 340 2597 ὡς
353 2513 614 2605 Ἀπολλόδωρός
635 2544 738 2609 φησιν
759 2516 806 2599 ὥς
824 2526 884 2588 τοῦ
906 2523 1123 2588 Κυδωνιᾶται
1143 2519 1183 2589 τὸ
1203 2517 1334 2588 Κάδαι-
1392 2566 1393 2595 1

205 2646 266 2699 νες.
298 2612 414 2689 ’Ἐοικε
436 2619 474 2687 δὲ
495 2622 719 2708 πρωτότυπον
739 2616 825 2689 εἶναι
847 2621 904 2688 καὶ
925 2615 967 2688 οὐ
988 2617 1156 2709 σνγκοπή·
1177 2620 1273 2700 τινὲς
1295 2622 1333 2688 δὲ
1391 2668 1393 2704 3

203 2722 243 2790 τὸ
262 2717 392 2787 Λάκων
411 2716 678 2810 ὑποκοριστικόν.
722 2726 819 2789 Haec
835 2732 972 2788 naturae
985 2723 1061 2807 lege
1079 2723 1331 2800 discretasunt3
1391 2770 1393 2805 ρ

204 2822 268 2887 alia
277 2822 443 2889 variarunt
455 2834 583 2910 poetae,
602 2827 722 2911 quibus
732 2827 853 2891 Musae
866 2825 1108 2911 omnipotentes
1128 2847 1328 2891 concessere
1391 2874 1393 2911 7

202 2936 240 2991 ut
264 2924 404 2991 eundem
430 2924 596 2991 hominem
618 2928 719 2994 modo
740 2928 842 3015 Iphin
861 2936 1034 3005 vocarent,
1063 2926 1182 3003 modo,
1213 2928 1242 2992 si
1274 2950 1331 3015 res
1391 2956 1393 2963 ¹

202 3026 249 3091 ita
277 3037 444 3113 posceret,
472 3026 648 3113 Iphionem
676 3030 729 3095 vel
749 3029 897 3117 Iphitum
925 3028 977 3094 vel
1007 3027 1228 3115 Iphitionem3
1261 3029 1331 3093 alia
1392 3078 1393 3113 .

201 3129 381 3194 immutavit
407 3130 611 3195 consuetudo
639 3132 809 3219 popularis
840 3128 1029 3217 proceriore
1057 3129 1220 3194 brevians.
1269 3131 1329 3198 Sic

155 3250 157 3257 ·
201 3226 417 3295 Ποσειδωνίο
448 3228 716 3314 (Ποσειδώνιον,
750 3230 954 3315 Ποσείδιον)
988 3231 1024 3295 in
1054 3233 1204 3297 Paestum
1231 3231 1329 3310 abiit,
1392 3294 1393 3319 ἶ

191 3321 317 3415 ’Ἀργος
330 3326 470 3397 Ἵππιον
494 3333 561 3397 eive
577 3327 791 3421 Ἀργυρίπττη
813 3332 981 3420 Appuliae
1005 3332 1169 3420 oppidum
1190 3332 1227 3396 iu
1243 3336 1332 3417 Arpi
1392 3390 1393 3419 ρ

202 3441 235 3496 et
261 3452 381 3496 nomen
407 3430 588 3499 incolarum
611 3428 878 3522 Ἀργυριππανοί
904 3434 939 3497 iu
963 3435 1092 3517 Arpioi.
1134 3432 1327 3519 Κιμμέριοι

201 3554 221 3597 a
242 3533 407 3598 nonnullis
428 3531 581 3618 Κίμβροι
603 3546 635 3600 et
656 3532 828 3622 Κίμμεροι
847 3545 1004 3601 vocantur
1026 3534 1125 3602 Strab
1144 3535 1226 3603 VII.
1247 3536 1325 3601 293.

193 3629 369 3720 Ἐρασῖνος
392 3634 510 3700 fluvius
526 3631 679 3724 Ἀρσῖνος
699 3635 786 3705 VIII.
798 3637 872 3702 371.
896 3634 1072 3723 Χοάσπης,
1095 3647 1133 3700 ut
1150 3636 1213 3701 viri
1232 3636 1327 3703 docti

199 3734 417 3822 suspicantur,
438 3735 528 3801 idem
549 3732 645 3825 Χόρς
662 3761 692 3803 v.
715 3738 884 3804 Muetzell.
908 3738 952 3802 ad
972 3736 1063 3803 cust„
1089 3736 1178 3806 VIII.
1202 3739 1266 3817 37,
1291 3741 1324 3805 2.

198 3836 424 3905 Chersonesus
430 3838 594 3904 Heraclea
604 3840 861 3905 transnominata
873 3850 924 3905 est
934 3835 1075 3926 Χερσιίυ
1086 3862 1117 3903 v·
1131 3840 1325 3906 Tzschuck.

197 3940 240 4005 ad
258 3940 339 4007 Mel.
361 3938 399 4006 II.
424 3942 460 4019 1,
482 3942 513 4005 3.
567 3940 634 4008 Τὸν
655 3937 888 4009 Μετάποντον
906 3936 939 4007 oi
961 3939 1132 4030 βάρβαροι
1154 3940 1328 4024 Μέταβον

134 4106 142 4115 ,
196 4037 336 4111 ἐκάλουν
357 4042 464 4110 strab.
484 4041 541 4110 VI.
564 4042 637 4107 265.
669 4043 727 4129 qui
751 4065 856 4130 genus
877 4041 1064 4109 universum
1087 4042 1203 4128 signat
1222 4041 1325 4110 XVI.

196 4141 268 4207 785.
293 4139 329 4211 oi
350 4148 415 4211 τῶν
436 4138 607 4228 ὀνομάτων
619 4140 853 4227 μεταπτώσεις
865 4143 923 4214 καί
933 4139 1082 4229 μάλιστα
1104 4148 1171 4210 τῶν
1182 4149 1321 4230 βαρβα-

196 4247 296 4327 ρικῶν
323 4244 465 4323 πολλαὶ,
506 4239 666 4327 καθάπερ
697 4244 754 4312 τὸν
782 4241 932 4333 Δαριήκιγ
960 4249 1106 4331 Δαρεῖον
1139 4243 1320 4323 ἐκάλεσαν,
