2825 4809
290 960 300 979 “
391 997 807 1101 anomalum,

523 1244 690 1256 -ι-ιιι-

136 1372 299 1475 Josephus
336 1389 479 1477 Synops.
515 1414 548 1477 p.
578 1394 651 1461 566.
687 1395 728 1461 Τ.
760 1394 824 1461 ΙΠ.
862 1391 1047 1481 apogaeum
1088 1391 1159 1459 ἕσιι

77 1489 220 1577 reperirier]
243 1487 321 1557 κατ’
349 1488 450 1581 ἀρχὴν
471 1496 639 1582 συλλαβῆς
667 1492 889 1583 ἢστσιχείοο,
919 1486 991 1561 οἷον
1012 1489 1158 1580 ὄσσαφις

78 1592 132 1676 (hoe
147 1592 303 1675 accentu),
321 1592 428 1671 θαμά.
471 1594 537 1659 Ηὶα
561 1596 652 1680 quod
673 1597 708 1661 in
730 1597 803 1664 ood.
816 1598 901 1663 Ven.
927 1595 1083 1683 seriptum
1108 1604 1158 1660 est

76 1694 217 1779 πρόθεσις,
244 1695 337 1760 idem
357 1694 477 1780 legitur
498 1698 587 1783 apud
612 1698 755 1765 Gramm.
781 1698 887 1763 Paris.
912 1696 1075 1783 Gregorio
1098 1695 1157 1761 ad·
1202 1781 1207 1785 η

71 1796 186 1879 junctum
212 1819 246 1882 p.
282 1795 354 1862 675.
405 1795 663 1883 Moschopulum
692 1799 878 1864 Titzianum
906 1822 939 1885 p.
971 1797 1023 1863 27.
1052 1808 1085 1863 et
1105 1796 1156 1862 28.

76 1898 187 1982 aliosque
218 1895 437 1984 probantibus
470 1899 669 1966 Endliohero
706 1911 739 1967 et
766 1900 995 1965 Lindemanno
1034 1898 1078 1963 ad
1106 1896 1158 1963 cl.

76 1998 175 2065 Saoerd.
203 2024 237 2088 p.
268 1998 320 2065 29.
354 2001 413 2064 sed
440 1998 625 2065 Laroherus
655 2002 697 2065 ad
721 2001 838 2068 Orion.
867 2000 938 2066 116.
961 2009 1028 2065 not.
1052 1999 1103 2063 82.
1127 2008 1159 2063 et

75 2102 170 2167 tatus
189 2102 231 2165 ad
250 2100 356 2187 Greg.
379 2101 401 2166 l.
424 2124 452 2167 o.
471 2103 586 2169 merito
605 2113 838 2190 praeoptarent
854 2099 1046 2187 πρόςθεσις.
1069 2098 1160 2185 quod

73 2212 94 2265 et
109 2202 307 2289 ambiguitate
329 2212 417 2269 earet
440 2214 472 2269 et
499 2204 626 2270 infinito
648 2205 849 2291 frequentius
878 2213 945 2280 est,
973 2202 1159 2288 pariterque

71 2303 174 2368 terbum
190 2329 260 2371 non
281 2304 387 2370 solum
404 2305 493 2391 apud
510 2306 747 2373 Grammaticos
769 2306 828 2372 sed
848 2305 944 2370 etiam
956 2303 1062 2371 Strab.
1075 2302 1159 2397 ΧΠ.

69 2400 148 2473 attat
166 2407 312 2494 ποιητὴς
333 2402 462 2492 εἴρηκεν
479 2402 680 2495 ἀμφοτέρως
700 2408 756 2475 καὶ
776 2405 973 2491 προςτιθείς
991 2404 1051 2493 τὴν
1066 2401 1161 2491 apoi-

70 2530 110 2592 τον
135 2506 300 2593 συλλαβὴν
331 2508 455 2594 δῆμον
479 2500 686 2575 Ἀπαισοῦ
714 2508 769 2575 καὶ
799 2502 934 2596 ἀφελών
967 2504 1012 2585 ὃς
1040 2500 1071 2591 ῤ’
1100 2505 1162 2573 ἐνὶ

69 2610 200 2695 Παισῷ.
245 2606 357 2673 Aliter
376 2606 435 2672 sed
455 2606 563 2673 minus
587 2619 663 2695 apte
684 2609 829 2696 appellat
850 2607 960 2676 Schol.
983 2604 1095 2693 Apoll.
1113 2606 1160 2672 II.

70 2708 138 2772 1219.
161 2705 284 2797 ἠθεῖος
312 2702 381 2775 ἀπὸ
404 2712 461 2775 τοῦ
494 2715 590 2786 θεῖος
613 2705 687 2775 κατ’
711 2710 888 2778 ε’σένθεσιν
910 2696 1014 2796 aori}
1048 2708 1160 2792 γέγονε

69 2803 100 2885 ὡς
115 2808 205 2891 βαιός
227 2804 361 2897 ἦβαιὸς.
402 2807 573 2875 Prosthesi
600 2811 793 2876 contrariam
815 2808 1008 2897 aphaeresin
1033 2810 1079 2876 sio
1102 2809 1161 2876 de·

69 2908 160 2975 finiunt
189 2906 347 2995 ἀποβολὴ
388 2906 461 2977 κατ’
497 2906 599 2999 ἀρχὴν
631 2914 800 2999 συλλαβῆς
832 2908 852 3000 ἢ
884 2913 1050 2996 στοιχείου
1089 2904 1162 2980 οἷον

68 3018 158 3091 κεῖνος,
181 3008 264 3096 ellico
289 3008 431 3097 Joseph.
450 3011 472 3075 l.
496 3033 524 3077 o.
550 3010 676 3099 Tryph.
698 3017 724 3099 ξ.
747 3013 799 3079 20.
822 3037 856 3102 p.
876 3013 929 3080 36.
974 3010 1064 3096 Quia
1082 3034 1160 3079 vero

68 3134 200 3201 persaepe
231 3112 408 3178 dubitatur.
425 3124 534 3177 utrum
561 3112 654 3179 litera
682 3116 794 3180 addita
822 3137 864 3179 an
893 3113 998 3180 recisa
1026 3112 1082 3193 sit,
1120 3114 1161 3181 de
1253 3161 1257 3169 «

66 3228 177 3302 utraque
216 3216 393 3299 conjuncte
429 3214 604 3303 disputabo
641 3216 686 3282 ita
719 3227 755 3281 ut
790 3216 894 3304 primo
926 3215 1001 3281 looo
1032 3216 1162 3282 vocales

69 3328 274 3388 enumerentur
303 3316 485 3404 simplices,
518 3318 663 3383 seeundo
694 3341 873 3397 consonae,
902 3318 997 3385 tertio
1019 3318 1162 3405 syllabae

68 3440 95 3481 ex
110 3422 251 3508 utrisque
275 3418 486 3507 compositae.

516 3688 628 3760 CAP.
663 3689 691 3759 I.

441 3841 493 3919 De
521 3850 624 3921 litera
652 3848 767 3947 σζσΙισ.

130 4029 153 4110 ξ.
176 4028 207 4092 1.
255 4026 350 4094 Haeo
378 4026 585 4117 potissimum
612 4031 821 4120 anteponitur
845 4026 1011 4097 vocabulis
1039 4049 1164 4116 quaea

69 4119 148 4207 sigma
173 4150 326 4195 consona
351 4131 484 4198 suffulto
509 4134 687 4221 incipiunt:
719 4129 916 4216 ἇσκαμωνία
946 4126 1037 4208 εἶδος
1060 4126 1163 4213 βοτά-

67 4247 108 4308 ’lc
130 4227 223 4295 Suid.
259 4252 341 4316 quae
369 4235 468 4321 vulgo
498 4234 697 4319 σκαμμωνία
724 4234 924 4302 scammonia
950 4241 983 4296 et
1003 4252 1162 4296 scammo-
1198 4302 1202 4308 ,

66 4322 133 4395 nium
160 4333 223 4400 sed
254 4334 371 4401 reotius
401 4334 573 4422 σκαμιονία
595 4348 730 4407 vooatur
750 4335 791 4403 ab
813 4336 982 4402 inventore
1001 4332 1163 4401 Soamone
