2825 4809
116 362 167 429 ιι
183 355 300 425 mus
322 350 562 425 smoorm
584 351 863 425 erunnmus.
890 355 929 423 c.
940 356 969 423 1.
986 359 1012 444 t·
1021 356 1051 424 ⁷·
1080 354 1156 435 ³⁷⁵

79 569 153 638 posse
174 540 352 610 mutationis
381 562 535 609 ααιιεειιιε
563 536 604 609 τό
631 537 750 626 γουνός
776 541 838 609 καὶ
864 538 988 629 δουρός
1014 539 1157 611 δύναται

77 644 215 731 alpinos
236 639 320 711 καθ’
353 638 539 731 ὑπέρθεσιν
568 642 729 730 γενέσθαι
758 638 828 711 ἀπό
858 647 920 711 τοῦ
950 639 1070 729 γόνους
1096 644 1157 713 καὶ

77 746 167 836 eteros
194 740 272 813 ἀλλὰ
303 742 361 815 rel
391 744 479 815 κατὰ
511 738 682 834 σογκοπῆν
710 739 783 811 tuo*
814 748 877 811 τοῦ
899 742 1069 831 γούνατος
1098 745 1157 813 καὶ

75 845 213 969 deriperas.
255 850 416 932 Κρεῖττον
443 843 528 913 δέ
510 868 583 913 εστι
614 843 701 913 κατὰ
733 843 905 934 σογκοπῆν
933 842 1019 913 αὐτὰ
1050 847 1158 933 λέγειν

75 942 89 1037 ἢ
105 945 195 1032 όςπερ
215 941 343 1033 λέγει<
325 970 344 1009 ο
372 945 536 1071 repererit,
562 940 648 1015 καθ’
675 942 877 1033 ὑπέρθεσιν.
915 944 986 1013 Διὰ
1010 948 1074 1033 γὰρ
1095 947 1157 1035 τὴν

74 1045 230 1132 αναίρεσιν
248 1050 306 1117 τοῦ
324 1075 346 1117 ο
365 1047 426 1121 καὶ
445 1074 465 1116 o
485 1041 695 1137 βαρύνεσθαι
713 1039 904 1137 ὄφειλον”
873 1068 987 1135 ωςπερ
1006 1047 1044 1115 τὸ
1064 1048 1156 1128 λᾶας,
1198 1058 1204 1068 “

74 1154 162 1236 riter,
191 1141 288 1236 ἦρος·
320 1142 399 1217 ἀλλ’
433 1144 586 1231 ὀξύνεται
615 1143 744 1234 ὁμοίως
774 1153 848 1229 τοῖς
876 1150 1157 1235 συγκεκομμένοις

72 1244 185 1335 πατρός,
204 1244 339 1338 μητρός.
382 1250 474 1317 Inter
494 1261 669 1337 utrumque
687 1253 826 1319 θερίσει
843 1250 1044 1339 Apollonius
1062 1252 1156 1337 synt.

71 1352 114 1419 IV.
132 1350 182 1427 12,
202 1350 276 1417 335.
304 1348 346 1419 οὔ
375 1350 469 1431 ξένον
496 1350 567 1420 ἐστὶ
595 1352 634 1419 τὸ
665 1347 962 1439 ὖπερβιβόζεσθαι
990 1352 1034 1421 τὰ
1059 1377 1156 1420 oroe-

72 1451 194 1537 zeio²⁹)·
213 1451 256 1519 uti
276 1452 339 1541 γὰρ
361 1446 544 1541 ἀπειρέσιοι
566 1449 751 1540 ἀπερείσια
768 1454 828 1523 καὶ
850 1455 946 1541 παρὰ
968 1455 1007 1523 τό
1029 1448 1156 1542 όόρνῆ

72 1550 164 1641 όόρυος
182 1552 293 1643 γενικὴ
314 1550 370 1623 ὅτε
392 1554 502 1645 φαμὲν
524 1550 662 1643 δουρός,
691 1551 810 1643 γόνοος
829 1552 957 1642 γοονός.
990 1547 1098 1645 ”lippo
1119 1552 1158 1622 (li

71 1655 266 1745 ἐνόισιαγμῷ
291 1655 338 1745 μὴ
365 1648 436 1740 tipo
458 1658 516 1725 τοῦ
538 1651 681 1743 δόρατος
703 1656 763 1724 καὶ
785 1654 924 1742 γόνατος
947 1653 1016 1725 εἶσὶ
1036 1680 1157 1742 σογκο·

71 1754 127 1836 σαί,
147 1758 185 1824 de
202 1781 269 1843 quo
288 1758 414 1823 dicetur
432 1758 575 1826 inDiss.
596 1758 638 1825 de
658 1758 842 1825 metathesi.
885 1758 990 1842 Quod
1007 1756 1157 1824 Choero·

70 1856 160 1923 boreus
176 1869 285 1925 narrat
303 1858 385 1927 Onu.
396 1860 472 1941 387,
485 1861 516 1927 9.
533 1860 710 1927 nonnullos
729 1860 892 1947 genitivos
908 1858 1026 1925 ettieos
1041 1859 1157 1945 κρέως,

69 1956 95 2025 κε’
95 1983 160 2044 ριις,
184 1957 294 2085 γήρως
316 1982 358 2029 ex
379 1962 521 2046 κρέατος
542 1973 603 2029 ete.
625 1972 721 2029 natos
742 1972 860 2049 putere
879 1960 966 2027 κατὰ
987 1958 1160 2047 συγκοπὴν

68 2084 110 2125 τοι
132 2086 150 2125 α
176 2061 320 2130 καὶτοῦ
346 2090 366 2129 τ
394 2062 538 2149 ideoque
567 2086 688 2131 uouere
713 2074 753 2130 ut
777 2058 911 2151 πατρός
938 2072 1000 2130 eto.
1029 2060 1159 2127 silentio

70 2162 329 2245 praetermitterem
357 2164 421 2231 nisi
448 2164 661 2233 Herodianus
693 2167 841 2233 refellere
872 2164 1027 2252 dignutus
1060 2172 1159 2229 esset.

67 2261 107 2327 De
125 2263 180 2331 elio
208 2265 356 2351 genitivo
385 2265 499 2335 schol.
520 2268 607 2336 Vrot.
636 2266 680 2333 ed
703 2269 745 2335 Il.
767 2268 832 2333 IX
856 2267 931 2334 306.
959 2264 1101 2332 breviter
1126 2272 1161 2329 et

68 2361 194 2433 obseure:
214 2370 371 2455 πατῆτος
388 2371 497 2457 ποτῆς
519 2366 557 2437 ἓν
578 2372 638 2437 τοῦ
659 2367 810 2459 ποιότης
828 2368 1068 2455 συγκέκοπται,
1085 2365 1160 2452 qui·

65 2463 203 2533 1ιει1ιιιιε
227 2468 410 2535 sententies
432 2470 592 2537 contineri
617 2470 785 2556 suspieor:
813 2469 851 2538 τὸ
872 2473 1022 2556 ποτῆτος
1041 2465 1064 2556 ἢ
1089 2464 1159 2536 αἰπό

64 2569 107 2655 τῆς
126 2564 260 2650 εὐθείας
285 2565 306 2659 ἦ
332 2566 440 2660 ποσὴς
466 2566 488 2659 ἢ
515 2566 590 2641 ἀντὶ
616 2577 678 2638 τοῦ
698 2566 896 2659 ποτότητος.
939 2569 997 2634 Ab
1017 2570 1075 2634 illo
1096 2592 1161 2635 no-

62 2669 190 2739 minativo
209 2672 393 2741 derivatum
410 2672 493 2739 dicit
504 2672 718 2739 Herodianus
736 2672 778 2737 de
788 2670 900 2739 Gemit.
918 2671 1160 2758 pnrng.T.Il1.

61 2770 116 2837 233.
142 2774 366 2841 consentiente
393 2774 474 2841 ΕΜ.
504 2799 537 2863 p.
563 2775 640 2854 136,
666 2775 720 2840 41.
749 2797 785 2862 p.
806 2773 887 2853 382,
911 2774 965 2840 48.
995 2776 1093 2860 παρὰ
1121 2770 1161 2839 τὸ

62 2865 141 2959 όργός
165 2876 291 2962 γίνεται
325 2872 446 2967 ἀργός»
477 2873 597 3001 τρανός
628 2870 766 2965 προνής,
797 2872 919 2960 γυμνός
949 2871 1075 2962 γυμνής
1105 2873 1162 2940 ναὶ

61 2973 137 3061 παρὰ
154 2976 190 3045 τό
211 2974 322 3058 ποιός
343 2974 465 3066 ποτής,
494 2975 591 3057 εστός
616 2974 715 3065 ἑστός
742 2974 858 3064 ἐσθής.
908 2978 1005 3043 Huee
1028 2976 1163 3060 quidem

61 3096 153 3158 purum
174 3078 295 3145 similia
315 3091 410 3158 sunt3
434 3102 497 3147 nee
517 3103 538 3144 o
557 3078 676 3157 verbis,
702 3100 885 3164 quaecum
906 3075 983 3144 πόοι
1005 3075 1161 3163 eompoui

60 3190 193 3292 possunt,
214 3182 351 3249 nomina
371 3182 518 3249 feminini
539 3176 669 3267 generis
690 3180 727 3246 in
746 3205 807 3267 της
828 3178 1080 3266 prolieiseuntur
1100 3176 1162 3243 sed

60 3278 85 3344 in
98 3307 145 3361 αις
158 3294 195 3349 ut
211 3282 317 3363 πόσις
335 3285 383 3351 sie
397 3281 510 3369 βόσις,
527 3280 639 3363 δόσις,
657 3282 763 3349 νε1ιιι
780 3306 834 3360 τις
853 3284 975 3360 πῶτις,
993 3272 1162 3364 όμπωτις,

59 3382 140 3465 όόιις
157 3386 193 3452 id
215 3396 268 3452 est
290 3380 356 3465 όιός
375 3409 406 3452 v.
420 3386 542 3453 Perell.
559 3385 634 3451 441.
658 3408 771 3451 eorum
791 3393 900 3448 eutem
921 3381 1064 3467 quaein
1084 3405 1163 3470 οτης

60 3494 84 3547 et
99 3514 170 3576 ντης
190 3487 424 3566 terminantur,
454 3487 649 3553 nullumt
599 3496 649 3552 est
668 3485 866 3573 bisyllubum
887 3482 1054 3551 Choerob.
1074 3482 1159 3549 Con.

58 3586 115 3667 352,
133 3592 181 3658 11.
226 3589 343 3658 Nihilo
361 3589 469 3657 secius
490 3588 573 3656 heeo
594 3587 819 3676 interpretatio
840 3586 1050 3672 anteponitur
1071 3585 1163 3651 elteri

59 3690 121 3770 quio
144 3716 266 3759 nomen
295 3686 443 3778 ποιότης
470 3692 653 3757 inauditum
682 3701 733 3756 est
761 3701 794 3755 et
823 3688 955 3754 ommino
984 3686 1163 3753 substanti·

57 3812 152 3859 rorum
173 3795 208 3861 in
226 3819 307 3883 οτης
325 3794 513 3859 exeuntium
528 3794 654 3859 nullum
672 3816 692 3858 a
709 3791 842 3857 nomine
860 3790 983 3855 rerbeli
1003 3799 1040 3853 ut
1058 3784 1165 3867 πότος

58 3892 98 3955 vel
116 3893 219 3976 ποιός
242 3896 404 3982 originem
424 3895 525 3963 habet
545 3919 576 3962 v.
598 3895 642 3959 nd
662 3894 786 3961 Buttm.
803 3893 880 3959 418.
924 3890 1082 3976 Sequitur
1103 3888 1162 3955 dn·

58 3992 155 4061 t'rus:
170 3995 210 4065 τὸ
235 3995 343 4065 ‹tat'
316 3994 384 4065 εἴτε
407 3991 642 4067 ἇσοκέκσπται
667 3994 734 4064 εἴτε
756 3993 981 4081 συγκέκοπται
1006 3986 1164 4077 όξιιτονη-

113 4237 158 4305 29)
176 4237 252 4291 Post
272 4241 393 4306 στοιχεῖα
411 4234 486 4290 mels
508 4232 614 4305 legitur
633 4233 664 4289 ἐν
685 4232 845 4304 δισταγμῷ,
869 4244 943 4300 quus
966 4228 1055 4283 rerba
1077 4226 1165 4298 poulo

56 4326 110 4388 post
125 4340 175 4377 suo
194 4323 263 4378 looo
281 4322 373 4395 posits
390 4328 466 4376 sunt.
1271 4332 1276 4337 ·
