2825 4809
271 326 345 408 606
629 320 951 398 pressorium
977 324 1022 397 V.

271 527 339 584 erat
362 525 399 580 ut
424 521 680 602 συγκακουργεῖν
701 527 773 591 aut,
805 514 883 604 quia
904 513 969 580 hoo
994 513 1036 580 ab
1056 536 1116 578 usu
1135 512 1256 582 dieuum
1274 530 1329 596 erat

272 618 318 685 sio
344 628 382 682 ut
406 616 459 681 ille
488 615 570 682 dixit
597 616 844 704 praepositione
876 614 1103 682 adverbialiter
1128 617 1237 704 posita,
1265 621 1331 705 enjus

272 719 458 786 antimariae
491 719 640 806 exempla
672 718 812 806 plurima
845 718 1047 783 demonstrat
1078 717 1248 785 Thesaurus
1270 744 1290 785 s.
1311 746 1331 788 v.

270 819 344 890 Σάι.
387 821 432 888 Et
455 820 495 886 de
517 821 587 886 aliis
610 843 743 906 quoque
770 820 1069 908 praepositionibus
1097 844 1189 908 saepe
1208 821 1334 890 dubitatur

270 935 378 990 utrum
398 920 497 988 verbo
522 920 758 1008 agglutinanda
779 921 844 986 sint
864 944 907 986 an
926 921 1074 988 absolute
1092 923 1248 990 scribenda
1261 926 1298 992 sio
1310 939 1334 991 ut

271 1022 415 1094 adverbii
447 1023 522 1088 loeo
558 1044 630 1088 esse
665 1035 833 1112 appareat
886 1024 1017 1090 Primus
1052 1025 1229 1113 scrupulum
1255 1027 1336 1110 injecit

272 1125 473 1194 Abresohius
505 1125 539 1190 in
566 1124 688 1193 Aesoh.
713 1123 864 1212 Choeph.
888 1128 964 1194 301.
993 1128 1052 1193 καὶ
1077 1127 1258 1214 πρσςσιέζει
1278 1152 1334 1214 xpp

270 1227 384 1316 pulcros
408 1221 526 1313 άχρνία
552 1227 710 1292 dissolute
732 1225 876 1293 scribens
902 1225 985 1315 πρὸς
1007 1227 1127 1308 πιέζει.
1168 1227 1207 1291 ld
1229 1226 1335 1294 incon

272 1329 419 1420 pluribus
443 1326 677 1396 Demosthenis
702 1327 784 1394 loeis
806 1328 988 1394 introduxit
1005 1323 1335 1415 Diudorfius,·duaud

200 1433 205 1456 ⁶
272 1436 373 1510 καλσς
390 1429 478 1518 πρὸς
497 1427 608 1508 ἔδοξεν
625 1423 720 1509 εἶναι,
743 1428 801 1518 τὴν
818 1427 928 1497 οἰκίαν
945 1427 1033 1514 πρὸς
1050 1429 1153 1509 ἕξεις,
1174 1428 1250 1515 πρὸς
1263 1427 1335 1509 ilari,

272 1534 362 1621 quod
384 1530 580 1620 approbavit
600 1530 796 1598 Sohaeferus
816 1532 909 1620 App.
932 1531 974 1596 T.
985 1531 1046 1598 IV.
1058 1532 1111 1596 80.
1132 1531 1267 1615 idemque
1278 1531 1335 1596 Diu·

273 1635 394 1702 dorfius
416 1635 451 1698 in
472 1632 610 1700 Aristid.
634 1633 695 1700 Or.
714 1634 844 1702 XLVI.
866 1634 940 1699 259.
965 1633 1005 1697 Τ.
1022 1634 1070 1699 H.
1092 1633 1181 1718 (194,
1201 1633 1242 1716 6.)
1259 1628 1336 1698 arlei-

272 1763 342 1808 οισι
364 1731 513 1823 ὑπήκουε
539 1735 596 1800 καί
623 1733 711 1816 πρὸς
735 1729 813 1825 ᾔδει
837 1733 936 1819 χάριν
964 1735 1096 1822 scripsit
1124 1757 1185 1822 pro
1211 1729 1336 1820 πραςῄίει,

274 1849 306 1904 et
332 1837 367 1901 in
387 1834 565 1922 Posidippi
587 1833 735 1902 versibus
756 1834 879 1902 Athen.
901 1835 966 1902 IX.
986 1838 1060 1902 377.
1081 1838 1128 1902 A.
1151 1834 1340 1916 ἐὰν-σαρα-

271 1937 411 2028 fitting,
427 1939 484 2004 καί
501 1937 587 2020 πρὸς
604 1933 756 2023 lataque
772 1933 866 2018 άσει,
883 1939 974 2025 quod
985 1937 1176 2004 Meinekius
1188 1934 1340 2002 ultan.

272 2064 340 2108 nou
365 2038 505 2128 recepit,
532 2037 670 2124 ipseque
694 2036 890 2106 Sohaelerus
916 2040 951 2105 in
969 2041 1082 2126 Longi
1104 2041 1197 2106 Past.
1215 2039 1240 2102 l.
1258 2037 1298 2100 51.
1313 2034 1342 2118 μὴ
1383 2118 1384 2121 ¹

272 2144 330 2211 καί
351 2139 682 2229 προςκασαχὲλαστοι
702 2141 847 2225 γίνοιντο
866 2140 948 2206 nihil
964 2141 1105 2208 novavit.
1142 2140 1287 2206 Aliivero
1299 2135 1343 2200 dis·
1383 2144 1384 2175 ³

266 2243 470 2332 junctionem
498 2241 581 2306 adeo
612 2241 830 2307 neeessariam
860 2244 1023 2312 duxerunt
1052 2255 1089 2310 ut
1117 2243 1278 2332 proprium
1298 2239 1345 2303 dia

273 2345 376 2412 stolae
404 2343 535 2429 signum
557 2342 817 2430 interponerent:
846 2346 904 2414 καί
925 2343 1025 2414 τοῦτό
1052 2371 1110 2414 σοι
1136 2343 1208 2434 ἥξει
1232 2339 1348 2428 τάγαθὸν

271 2447 330 2513 καὶ
356 2441 613 2532 notariorum
636 2441 733 2532 χάριν
757 2446 874 2531 Synes.
896 2448 939 2514 de
958 2449 1066 2536 Regu.
1088 2472 1123 2536 p.
1139 2449 1189 2515 14.
1206 2449 1246 2512 A.
1282 2446 1350 2509 Hauc

271 2547 430 2614 rationem
459 2545 487 2610 si
516 2545 756 2632 amplectimur,
790 2549 825 2614 in
853 2549 977 2616 Teletis
1006 2551 1062 2617 Fr.
1092 2574 1149 2638 ap.
1176 2548 1264 2618 Stob.
1286 2545 1350 2611 Flos.

270 2647 418 2716 XCVII.
439 2648 492 2712 31.
522 2670 555 2735 p.
578 2647 657 2726 524,
684 2649 737 2715 37.
767 2652 885 2736 duilon
914 2650 1025 2738 ἕτερον
1051 2649 1273 2740 neomutus
1296 2644 1351 2732 κτή-

272 2757 418 2830 σασθαι,
442 2748 734 2838 praepositionem,
755 2774 839 2838 quae
860 2750 1018 2819 infinitivo
1041 2753 1250 2842 adjungenda
1268 2749 1318 2816 erit
1330 2760 1356 2812 ut

272 2851 384 2940 paullo
409 2860 484 2916 ante
512 2874 545 2938 p.
564 2849 642 2930 523,
665 2853 719 2918 48.
750 2853 808 2920 καί
831 2848 932 2922 άλλον
960 2857 1185 2943 ντροςτρέφει,
1214 2850 1354 2942 separatim

273 2947 451 3021 scribemus
477 2964 632 3038 tanquam
658 2952 863 3035 adverbium,
893 2956 984 3041 quod
1008 2957 1183 3024 manifesto
1206 2955 1354 3045 deprehen·

275 3056 362 3123 ditur
383 3056 417 3122 iu
437 3055 575 3122 Aristid.
597 3055 728 3125 XLVI.
750 3059 823 3124 367.
847 3059 887 3125 Τ.
906 3059 953 3124 Π.
977 3060 1065 3144 (284,
1087 3061 1134 3146 9.)
1158 3059 1197 3128 τὸ
1219 3064 1289 3146 χοῦν
1306 3057 1355 3135 ἐξα

273 3163 519 3246 σιρακισθῆναι
548 3155 607 3224 καί
636 3155 726 3246 πρός
754 3186 808 3245 χε,
838 3158 869 3228 εἰ
894 3158 1008 3244 βούλει
1016 3211 1038 3242 ‚1
1057 3167 1150 3252 φυγῇ
1181 3161 1356 3252 ζημιωθῆναι

272 3258 391 3344 κέρδος
412 3257 575 3346 (ἡχεῖσογ
604 3261 662 3324 sed
687 3261 835 3348 proxime
863 3273 941 3349 post
966 3286 1058 3330 more
1083 3275 1242 3330 consueto
1268 3261 1354 3345 adjun-

272 3360 360 3450 gitur
386 3359 485 3426 verbo
516 3354 533 3427 ὁ
562 3361 599 3428 δὲ
623 3358 739 3445 Κίμων
771 3360 1024 3450 ἐξωστρακίσθη
1053 3366 1128 3447 μὲν,
1164 3368 1253 3456 φυγῇ
1280 3361 1310 3428 δὲ
1332 3351 1356 3424 σί

273 3460 550 3554 προςεζημιώθρ,
573 3484 680 3548 neque
704 3463 797 3530 aliter
817 3465 854 3530 fit
875 3464 910 3530 in
933 3464 1091 3531 similibus
1113 3463 1176 3548 οὐχ
1197 3464 1286 3542 ὅπως
1304 3457 1354 3550 ἡδί-

272 3585 386 3654 aputu·
411 3558 496 3630 ἀλλὰ
524 3563 579 3630 καί
605 3566 883 3654 ιτρσςινερχέιρσε
904 3567 1006 3635 Diod.
1028 3567 1130 3634 ΧΙΠ.
1158 3569 1212 3634 22.
1236 3555 1357 3655 ἢάίιρωί

275 3690 321 3744 ιις
344 3661 393 3742 εἷς
413 3664 524 3730 παῖδα
532 3693 542 3744 ,·
568 3659 643 3732 ἀλλ’
669 3663 741 3750 οὐχί
765 3661 783 3756 ἦ
806 3668 882 3758 your>
906 3671 1149 3760 πρσςρὸίκριαι
1172 3669 1292 3734 Himer.
1307 3660 1354 3728 Ed.

270 3765 331 3836 IV.
355 3767 392 3844 3,
419 3765 470 3830 94.
499 3765 590 3847 χίλια
615 3763 759 3834 τάλαντα
787 3763 937 3838 ἀνάλωκα
963 3770 1021 3837 καί
1047 3769 1097 3838 ἔτι
1122 3769 1237 3838 πολλὰ
1262 3789 1356 3853 προω-

272 3869 382 3956 φείλει
405 3867 512 3934 Thuo.
527 3867 605 3935 VII.
624 3869 676 3936 48.
700 3870 790 3954 quod
811 3891 885 3936 oum
906 3872 1042 3956 σρσςέιι
1066 3871 1258 3938 commutari
1277 3874 1356 3956 potest

271 3995 332 4037 nee
358 3981 469 4034 temen
489 3970 565 4035 ideo
589 3969 697 4034 divelli
722 3969 829 4038 debet.
852 4010 894 4020 -
918 3972 1078 4047 Aduerbii
1101 3973 1208 4041 ἐνίοτε
1230 3971 1357 4062 originefl1

271 4071 381 4160 Epim.
397 4073 443 4138 H.
462 4071 533 4150 199,
550 4073 581 4138 3.
604 4071 745 4158 explieat
765 4071 872 4138 verbis
890 4072 1044 4139 mutilatis
1068 4074 1175 4144 ἐνίοτε
1198 4072 1252 4142 διά
1272 4073 1322 4138 soi
1337 4086 1355 4132 ι·

272 4200 291 4262 η
313 4176 376 4260 χὰρ
391 4169 471 4258 *dud
497 4177 554 4240 au
580 4173 746 4242 ἐστίνκαὶ
770 4179 828 4242 τοῦ
853 4171 923 4255 ὅτε,
952 4177 1009 4243 καί
1034 4173 1134 4244 ἔνιαι·
1165 4175 1280 4242 clarius
1303 4191 1356 4235 verss

272 4275 402 4372 Fragm.
424 4275 508 4344 Lex.
531 4275 710 4341 Hermann.
733 4300 767 4366 p.
780 4277 853 4344 331.
872 4302 904 4346 n.
917 4277 968 4346 80.
992 4271 1061 4350 άπὸ
1083 4283 1140 4348 τοῦ
1165 4277 1215 4350 ἔνι
1236 4273 1302 4349 dail
1317 4272 1355 4346 ot
