2825 4809
144 396 483 467 neruosusne
504 398 565 466 nn
588 398 852 467 sennensi
886 398 926 466 o.
941 398 970 464 1.
1003 404 1028 485 s.
1040 398 1071 465 5.
1118 402 1168 476 ss

83 576 152 651 ictu
181 576 374 669 ἀπόπττρος
405 584 461 653 καὶ
492 583 577 653 κατὰ
611 582 782 675 σιιγκοπὴν
819 576 967 670 ἀπτερος
995 579 1015 654 d
1044 582 1171 676 ῥᾳδίως

81 678 322 775 transituum,
345 684 445 753 altera
467 678 656 772 ἀγάπτερος
679 684 766 753 κατὰ
789 708 878 770 ουγκ.
903 677 1065 772 ἀπτερος,
1095 685 1168 771 qni·

80 806 136 851 cum
166 785 307 851 concinit
337 787 525 875 Hesychius
551 782 786 871 Ἀραιτιτρέιις
817 786 953 869 ταχέως.
1010 787 1123 853 Tertia
1150 805 1170 853 a

78 904 214 1009 syncope
226 888 374 973 sejuncta
404 884 471 958 ἀπὸ
501 890 560 955 τοῦ
553 883 717 987 πττράν
748 883 891 972 πτερεός
920 882 989 973 (ως
1016 885 1169 975 στερεός)

77 988 119 1053 καὶ
141 986 221 1079 μετὰ
248 994 311 1081 rosi
338 990 533 1059 ἐπιτατικοῦ
562 1014 587 1054 α
616 984 822 1075 ἀπτέρεοςς
803 1014 822 1053 ο
845 984 1104 1077 retinuere}
1086 987 1171 1055 ὅθεν

76 1112 104 1153 ιο
97 1086 250 1179 ἕπέρξννμ
251 1114 286 1155 ια
316 1084 503 1175 ἀπτερέως,
535 1088 588 1153 cui
617 1087 671 1153 alii
700 1088 829 1175 epsilon
856 1088 1094 1179 pleonasticnm
1116 1113 1169 1157 ss

77 1190 182 1274 signent
202 1210 233 1255 v.
257 1176 426 1257 Dissffl
371 1192 482 1258 ΠΙο..
504 1190 550 1255 ΙΙ.
576 1193 601 1275 ξ.
620 1191 651 1255 2.
694 1191 805 1275 Hujus
827 1191 915 1257 varia
932 1190 1019 1257 illa
1008 1203 1168 1279 mterpre-

75 1300 192 1359 tamenta
212 1293 259 1359 ad
280 1316 379 1359 unam
394 1292 565 1383 celeritatis
577 1292 744 1358 notionem
754 1292 900 1359 revocari
915 1304 1072 1381 possunt;
1094 1316 1170 1359 nam

75 1395 116 1478 qni
143 1395 289 1461 celeriter
320 1397 405 1481 agit,
434 1395 523 1460 idem
553 1393 654 1459 modo
687 1394 835 1459 alacriter
866 1394 934 1480 egit
962 1406 996 1459 et
1021 1393 1169 1473 libenter,

72 1496 153 1562 nodo
172 1497 308 1587 leviter,
337 1497 526 1561 festinanter
546 1496 776 1581 incurioseque
798 1495 983 1584 (ἐλαφρῶς,
1005 1493 1170 1584 ἠμελημέ-

72 1622 133 1675 νως,
158 1592 386 1683 ἀπροθύμως,
417 1598 506 1683 quod
527 1598 681 1663 Karsten.
708 1599 752 1663 ad
764 1598 873 1663 Parm.
897 1622 930 1684 p.
953 1597 1005 1663 62.
1027 1597 1062 1663 in
1084 1622 1170 1683 προ·

71 1696 169 1781 θύμος
197 1700 393 1764 mutandum
420 1700 571 1787 putavit).
624 1701 755 1765 Horum
780 1699 881 1787 igitur
902 1709 1050 1765 auctores
1072 1697 1170 1784 alpha

71 1798 244 1867 intentivum
270 1802 342 1865 tuiti
371 1813 447 1867 sunt
470 1812 502 1867 et
529 1801 593 1867 hoc
616 1802 717 1867 modo
738 1824 818 1866 usus
839 1811 889 1865 est
908 1800 1120 1867 Parmenides
1136 1822 1167 1864 v

21 1940 23 1947 ·
71 1898 142 1965 lsi-²
127 1908 209 1989 cpia
234 1896 322 1971 ιάοαι
348 1898 518 1991 ἀπτερέως
544 1903 580 1967 id
602 1914 651 1968 est
672 1914 817 1990 promte,
846 1912 879 1968 et
900 1901 1098 1969 Eudoeis”
1076 1926 1169 1987 τρχο-

69 2026 115 2087 μαι
135 1998 309 2091 ἀπτερέως
329 2004 433 2071 idest
455 2004 610 2082 celeriter,
631 2026 684 2069 cur
673 2003 872 2073 Jacobsins
891 2014 998 2069 tamen
1012 2002 1055 2069 ad
1064 2000 1167 2068 Anu

70 2126 93 2189 p.
107 2105 174 2171 479.
197 2100 390 2195 τοπττρέως
412 2106 563 2171 substitui
580 2106 649 2171 vult
665 2104 987 2191 quamvisignotum;
1008 2102 1167 2189 inApoll.

67 2205 113 2272 lV.
133 2206 226 2273 1764.
261 2205 318 2271 ubi
348 2207 389 2272 de
411 2208 676 2293 Argonautarum
698 2207 805 2273 reditu
828 2215 861 2271 et
885 2205 1009 2271 itineris
1030 2202 1096 2269 fine
1116 2202 1168 2269 lo·

69 2307 159 2391 quitur
178 2312 298 2373 κεῖθεν
321 2302 352 2373 d'
380 2302 552 2395 ἀπτερέως
573 2308 629 2376 διὰ
658 2311 778 2396 μυρίον
801 2299 903 2392 οἶδμα
925 2302 1080 2384 λιπόντες
1101 2302 1169 2372 Αἰ-

66 2408 140 2498 γίνης
159 2402 304 2498 ἀκτῇσιν
330 2406 530 2490 ἐπέσχεθον,
560 2409 745 2477 Scholiasta
770 2406 909 2494 τάχιοτα
930 2408 1168 2495 interpretatur,

66 2508 263 2575 Werniekius
290 2508 333 2573 ad
362 2508 486 2596 Tryph.
514 2532 544 2575 v.
573 2510 623 2576 85.
653 2512 883 2577 convenienter
908 2511 1073 2576 homerico
1096 2509 1167 2597 epi⁴
1233 2566 1244 2579 .
1341 2523 1355 2550 ‘

66 2608 138 2676 theto
168 2613 279 2685 tarde,
309 2619 447 2697 uterque
471 2622 548 2699 apte
569 2613 612 2677 ad
634 2613 846 2689 sententiam
874 2632 948 2677 nam
970 2611 1004 2676 in
1026 2623 1170 2676 extrema

66 2700 265 2806 profectionis
295 2722 387 2797 parte
355 2712 562 2778 talaoritas
591 2714 691 2779 eundi
719 2713 818 2779 modo
839 2712 1040 2789 incenditur,
1068 2710 1168 2775 modo

67 2804 262 2889 defervescit,
297 2812 377 2879 alius
397 2802 590 2881 forsitan’
573 2815 751 2894 ασπαοέως
778 2815 935 2902 scriptum
962 2814 1061 2880 malit
1111 2812 1170 2879 Ad

67 2912 221 2979 oblativam
251 2911 521 2999 significationem
553 2916 739 3003 propendet
758 2915 892 2983 verbum
907 2912 1170 3002 Ἀπτιιράσσεται

64 3016 186 3083 ιέτιιατ
222 3017 307 3080 Hes.
341 3025 373 3081 et
405 3017 537 3102 quod
527 3040 562 3083 m
589 3019 682 3083 Aret.
715 3017 808 3083 1008.
840 3017 1008 3102 vulgatum
1036 3024 1085 3079 est
1113 3013 1171 3079 καὶ

64 3110 247 3235 ἀπότροποι
276 3110 505 3213 ἀπτορύονιαι
557 3118 696 3187 Vossius
724 3117 778 3183 hio
800 3140 841 3183 ex
862 3118 987 3202 aliquot
1008 3113 1104 3182 codd.
1128 3106 1170 3181 ud

63 3212 252 3300 πτερύονται
276 3218 411 3303 recepit,
437 3206 496 3284 sed
518 3216 655 3305 πτεράοι
643 3244 706 3304 μαι
729 3242 797 3285 non
819 3220 924 3285 solum
939 3241 1052 3304 aeque
1071 3216 1169 3303 igno·

63 3316 149 3382 robile
179 3328 233 3383 est
258 3328 297 3382 ut
317 3314 543 3435 ἀπτερύομαι,
574 3329 643 3385 tum
672 3320 769 3385 ctiam
790 3320 831 3388 ab
856 3320 1007 3406 analogia
1027 3318 1169 3394 laborat3

63 3440 190 3503 namque
221 3442 291 3484 non
320 3416 361 3485 ab
390 3420 478 3485 omni
498 3442 618 3507 genere
640 3421 808 3488 nominum
834 3423 911 3488 talia
931 3421 1093 3512 proficisci
1112 3443 1169 3486 so·

64 3516 119 3583 lent
138 3521 199 3585 sed
224 3518 305 3585 sb··
284 3544 324 3585 us
342 3522 442 3588 modo
462 3542 545 3607 quse
563 3523 598 3587 in
620 3550 657 3603 υς
688 3535 721 3591 et
748 3552 769 3591 α
791 3534 927 3602 exeunt,
957 3518 1083 3609 γηράω,
1110 3546 1170 3606 με·

62 3618 134 3699 θύω,
157 3618 386 3691 dirimetur.
410 3622 542 3690 Teehn
559 3616 633 3691 206.
658 3634 691 3689 et
711 3637 879 3713 receptum
902 3636 1010 3690 tuetur
1031 3644 1167 3739 graecus

63 3719 230 3837 interpres:
252 3726 290 3793 τὸ
320 3752 342 3791 α
362 3724 552 3812 speretque
574 3724 631 3794 διὰ
654 3726 726 3811 τὸς
712 3730 843 3813 μέτρον,
866 3749 926 3817 pro
950 3749 1014 3813 quo
1038 3724 1086 3791 sio
1106 3748 1169 3812 po·

63 3823 115 3888 n'us
136 3827 294 3906 dixerim,
310 3826 477 3913 quomodo
498 3828 664 3894 Homerus
686 3845 749 3915 pro
772 3826 1017 3950 ἓξαφάοοοντες
1038 3836 1170 3893 coactus

65 3937 104 3989 est
92 3922 239 3993 tdicere
261 3926 470 4019 ἐξαφύοντες,
490 3950 537 3994 src
547 3930 686 3994 Aratum
707 3952 767 4018 pro
791 3925 1055 4016 introducuntur
1076 3948 1170 3992 usur-

63 4048 148 4145 passe
170 4026 396 4118 ἀπτερύοντοι
427 4042 459 4096 et
483 4030 570 4097 hunc
600 4053 672 4095 esse
699 4029 1040 4119 paraschemotismum
1062 4026 1172 4093 usitati

65 4122 307 4212 ἀποπέτεσθαι,
340 4155 401 4199 nec
439 4133 555 4220 procul
592 4132 711 4198 distare
750 4128 1034 4219 ἀναπττρυγίζοιν.
1084 4126 1173 4193 Illud

64 4232 226 4327 quidem'
210 4252 280 4317 Jam
306 4244 431 4300 veteres
464 4234 572 4300 testati
602 4244 679 4300 sunt
704 4232 868 4321 magistri,
896 4228 1174 4351 praepositionem

63 4332 183 4421 plenam
208 4356 307 4425 saepe
332 4336 507 4403 succedere
521 4335 697 4421 loquelari.
721 4330 900 4418 ἀπόιριχες
920 4328 952 4398 oi
974 4325 1092 4416 drusos
1114 4352 1174 4419 ιης
1282 4336 1287 4348 ’
