2825 4809
278 365 343 431 nn
364 359 640 429 rnnnornsr.
684 357 724 427 α.
747 361 794 426 ιι.
826 364 852 447 ι.
874 362 905 426 a.
1058 365 1146 435 aar

79 559 135 627 mali
152 553 241 620 simile
261 548 459 635 significatur
481 546 539 612 sed
564 545 655 631 quod
682 543 793 610 melini
817 545 962 632 speeiem
986 544 1149 629 habet¹¹)

79 673 106 726 ut
123 653 336 740 νοντρινίλαιον
362 649 481 714 dicitur
510 670 570 734 pro
601 646 761 731 κύπρινον
791 643 906 713 ἔλαιον
920 647 983 731 ¹²).
1033 646 1152 730 Itaque

79 765 127 826 lere
152 773 329 842 persuasum
362 761 412 815 est
439 743 682 832 χαλκεοθώραξ
712 767 780 812 non
810 745 903 811 aliter
933 747 1152 834 compositum

77 883 129 927 esse
150 877 236 942 quam
254 848 486 936 χαλκοθιίραξ.
532 850 602 917 Sed
623 872 643 913 a
663 847 904 913 substantivis
894 870 929 912 ιιι
952 848 1052 913 altera
1075 871 1152 934 syn·

76 960 135 1026 theti
158 965 241 1043 parte
262 951 428 1019 collocatis
451 950 536 1016 huno
558 951 785 1036 pleonasmum
806 939 1046 1034 abjudicemus,
1078 972 1154 1014 nam

74 1058 263 1144 παγχάλκεος,
287 1051 496 1140 παγχριίοεος
517 1074 559 1117 ex
577 1053 744 1136 adjectivis
763 1053 908 1118 conflata
924 1063 1017 1129 sunt;
1038 1052 1155 1137 πενίης

75 1156 202 1240 ἀχάίκεος
227 1150 363 1232 οὐδός
354 1175 389 1218 ιιι
415 1153 555 1218 Luciani
583 1154 699 1240 Epigr.
728 1175 919 1239 expressum
945 1154 1077 1238 quidem
1106 1162 1155 1216 est

73 1283 102 1324 αι
116 1257 265 1322 homerico
285 1251 424 1336 χάλκεος
446 1248 544 1332 οὐδός
565 1255 625 1320 sed
648 1255 815 1320 intellectu
835 1255 941 1320 facete
961 1264 1085 1319 mutato
1107 1253 1155 1318 sie

74 1372 98 1423 ut
118 1382 174 1423 non
198 1353 320 1439 χαλκός
345 1354 546 1440 significetur
573 1357 632 1421 sed
653 1359 803 1438 χαλκοῦς.
848 1355 1035 1438 Εάτείχεος,
1065 1355 1156 1442 quod

72 1461 147 1524 multo
168 1456 329 1542 antiquius
351 1466 402 1521 est
427 1477 524 1541 quarn
549 1450 709 1539 είίτειχος,
736 1458 947 1524 Grammatioi
970 1481 989 1524 e
1011 1457 1155 1544 genitivo

73 1562 300 1636 somniarunt,
330 1559 403 1646 sed·
411 1559 532 1643 justius
560 1558 861 1644 parasehematismi
890 1581 1011 1624 nomen
1037 1558 1158 1644 accipit

70 1674 98 1726 ut
112 1658 245 1740 ὀνείδεος
267 1672 301 1727 et
318 1660 465 1725 similiter
484 1659 576 1724 linita
599 1682 683 1744 quae
704 1661 739 1724 in
759 1661 878 1726 Parall.
896 1661 969 1726 245.
993 1661 1135 1725 tractavi.

132 1801 153 1882 ξ.
176 1799 204 1862 3.
248 1795 307 1860 Ad
336 1795 559 1882 pleonasmos,
594 1793 650 1878 qui
680 1795 715 1858 in
744 1797 909 1861 declinatu
939 1795 1076 1860 existere
1107 1790 1157 1858 di-

70 1909 173 1976 cuntur,
194 1897 331 1962 transire
354 1895 481 1983 paranti
505 1918 610 1983 pauca
626 1897 862 1982 praemittenda
880 1908 955 1962 sunt
974 1896 1015 1962 de
1033 1919 1157 1983 prono·

70 1999 200 2064 minibus:
225 1995 243 2087 ἡ
268 1997 339 2064 τείν
363 1993 547 2076 ἀντωνυμία
569 1997 694 2085 δωρικὴ
724 1992 808 2064 οίιοα
835 1999 919 2066 κατὰ
950 1995 1160 2080 πλεονασμὸν

68 2091 339 2186 τοίιεέξονίχίίη,
369 2093 449 2163 ὅθεν
480 2093 688 2185 φυλάσσεται
717 2091 735 2164 ὅ
762 2094 863 2178 αὐτὸς
888 2098 984 2177 τόνος
1010 2097 1088 2164 Sch.
1114 2099 1158 2164 A.

69 2198 99 2263 ss.
116 2201 165 2266 XI.
191 2201 268 2265 201.
313 2200 389 2263 Hoc
419 2209 527 2262 tamen
550 2197 585 2261 in
610 2198 721 2284 Epim.
744 2199 772 2264 I.
795 2201 869 2264 409.
892 2223 911 2264 a
933 2198 1095 2289 parectasi
1117 2197 1159 2263 ad

69 2299 135 2364 aliud
153 2323 257 2387 genus
280 2299 464 2388 pleonasmi
482 2299 679 2378 transfertur,
703 2300 756 2366 oui
779 2301 947 2389 proprium
970 2312 1019 2366 est
1041 2323 1161 2366 nomen

65 2401 264 2484 parenthesis3
294 2396 313 2488 ἦ
343 2399 396 2467 τοί
425 2395 612 2484 ἀντωνυμία
642 2401 766 2487 γίνεται
797 2399 894 2488 παρὰ
914 2405 1083 2487 Δωριεῦσι
1110 2398 1161 2466 τίν

66 2502 107 2566 καί
129 2503 221 2586 παρὰ
253 2506 302 2588 τῷ
331 2505 457 2589 ποιητῇ
487 2502 689 2590 πλεονασμῷ
714 2506 773 2568 τοῦ
794 2491 910 2569 ‘isaia
933 2502 988 2569 καί
1012 2501 1160 2569 διαλύσει

62 2600 125 2680 τείν,
153 2603 211 2667 sed
240 2599 504 2687 monosyllabum
533 2601 615 2667 illud
642 2626 709 2667 non
730 2602 859 2688 legitur.
902 2602 1061 2687 Ejusdem
1083 2627 1161 2691 pro-

63 2703 180 2768 nominis
201 2724 318 2769 easum
340 2703 520 2768 seeundum
544 2711 634 2771 τεοῖο
660 2715 693 2768 et
713 2703 852 2768 Homeri
879 2704 1071 2792 interpretes
1100 2705 1161 2768 im-

61 2803 181 2886 probant
207 2805 252 2869 ad
275 2805 316 2868 11.
339 2803 436 2872 VIII.
459 2803 512 2868 28.
543 2815 575 2869 et
601 2805 802 2891 Apollonius
825 2805 917 2890 Synt.
944 2805 1066 2883 11.21‚
1091 2805 1161 2870 164.

61 2923 83 2965 v.
107 2905 294 2970 Buttmann.
329 2904 472 2971 Gramm.
501 2905 529 2969 Ι.
559 2906 632 2971 288.
667 2907 779 2972 adnot..
843 2907 1003 2990 Quaestio
1039 2919 1088 2972 est
1076 2907 1164 2971 tde

62 3009 237 3088 pronomine
260 3029 424 3094 personae
445 3006 576 3072 tertiae:
599 3010 637 3075 τὸ
658 3011 765 3098 σφέας
787 3006 931 3094 πότερον
952 3007 1038 3074 κατὰ
1061 3010 1164 3074 πλεο-

62 3105 166 3190 νασμίν
193 3108 269 3174 ἔστι
292 3113 353 3176 τοῦ
376 3135 391 3174 ε
413 3103 434 3194 ἢ
454 3108 491 3172 τί)
517 3113 606 3195 σφᾶς
625 3105 710 3176 κατά
731 3109 935 3197 συναίρεσιν,·
958 3135 1014 3174 ναι
1006 3108 1166 3192 λέγομεν

58 3201 99 3270 in
122 3209 206 3276 κατὰ
237 3206 489 3294 πλεονασμόν.
519 3205 680 3277 Καθόλου
707 3207 770 3298 γὰρ
809 3209 844 3276 ἐν
876 3194 1166 3331 atrevmnotr*
1145 3236 1159 3272 ν

60 3309 105 3370 ιοῖι
133 3309 251 3391 τρίτου
284 3307 469 3393 προςαίπου
501 3305 686 3394 ἀντωνυμία
726 3307 887 3399 ἀρχομένη
924 3306 992 3378 ἀπὸ
1026 3313 1085 3378 τοῦ
1118 3333 1165 3401 οφ

59 3403 131 3474 irrisi
157 3411 332 3496 συλλαβῆς
358 3413 415 3477 τοῦ
420 3433 595 3532 aptoton
611 3411 667 3477 καί
696 3411 851 3498 δευτέρου
869 3407 1096 3534 arpogoirrov<
1095 3403 1166 3476 οἷον

61 3499 138 3591 ἡμεῖς
158 3504 260 3594 ὑμεῖς
277 3516 386 3598 σφεῖς,
415 3505 506 3598 ἡμων
525 3505 614 3594 ὑμῶν
632 3509 781 3601 σφῶν,“
765 3517 844 3600 ημῖν
863 3507 941 3596 ὑμῖν
965 3509 1055 3600 σφίν,
1079 3505 1167 3602 ἡμᾶς

114 3763 157 3827 ll)
179 3763 215 3819 In
235 3763 335 3820 Dioso.
353 3763 424 3816 Mat.
438 3762 471 3816 V.
487 3764 528 3818 et.
549 3761 767 3834 proprietatis
786 3767 823 3834 τῷ
835 3761 964 3836 χρώματι
983 3766 1168 3837 Sprsngeliua

58 3859 109 3897 eum
125 3847 222 3903 Sarae.
245 3847 359 3920 scripsit
375 3846 564 3919 μηίιναεαίής,
585 3867 656 3920 quae
677 3849 838 3904 necessaria
858 3859 934 3906 esset
953 3853 1093 3908 correctio
1112 3851 1168 3909 nisi

56 3931 169 3987 addltum
188 3942 270 3990 esset
288 3938 324 4004 τῷ
337 3931 473 4007 χρώματι.

116 4037 158 4103 lt)
180 4036 232 4091 Sic
255 4035 311 4089 alia
331 4035 456 4091 oleorum
476 4053 581 4105 genera
601 4039 636 4091 ab
656 4037 779 4108 antiquis
798 4040 977 4110 appellantur
1000 4042 1093 4095 ἔλαιον
1117 4019 1169 4095 siri-

57 4135 148 4187 μνιναν
166 4121 196 4176 τὸ
217 4119 278 4176 ἀπὸ
298 4125 351 4176 τῶν
369 4123 526 4194 sapatum,
545 4122 622 4176 aliud
639 4130 764 4179 ννίκιναν
776 4124 834 4179 sive
848 4120 987 4194 κνὴνιναν,
1006 4126 1082 4180 aliud
1095 4122 1168 4198 prip-

56 4219 133 4275 αιναν,
157 4211 212 4264 aad
232 4227 252 4262 a
270 4207 474 4264 recentioribus
494 4210 674 4281 ίαφνίίαιαν,
694 4214 856 4279 nuntiator,
872 4216 1078 4283 μνρσινίίαιον,
1103 4232 1170 4268 nro-

54 4293 165 4349 σίίαιον.
