2825 4809
230 362 279 436 το
593 328 920 444 mssmmmo
948 360 976 427 1.

230 543 364 613 emerito
385 544 550 632 stipendia
569 544 700 611 relictis.
743 548 789 611 Et
808 569 903 612 mons
925 546 1091 614 Galilaeae
1114 545 1266 628 Thabor,
1290 547 1351 635 qui

230 672 250 713 a
275 646 412 715 Graecis
429 642 643 732 Ἀταβύριον,
672 647 865 735 cJosepho
887 659 921 714 et
942 649 1058 715 LXX
1076 644 1261 736 Ἰταβύριον
1284 673 1350 715 no-

229 751 383 824 minatum
415 770 496 834 gens
528 747 650 813 iberica
683 753 808 839 Γλῆτις
840 761 873 817 et
899 748 1052 840 Ἰμλῆτις.
1103 750 1172 817 Sed
1198 763 1351 838 praestat

229 852 372 917 animum
398 850 565 915 advertere
589 850 632 915 od
663 852 807 917 notiora:
840 850 965 935 μάστιξ
998 852 1094 934 παρὰ
1125 852 1163 917 τὸ
1201 850 1350 937 ἱμάσσω,

228 959 328 1021 τοῦτο
359 952 396 1020 δὲ
423 952 520 1039 παρὰ
547 951 584 1019 τὸ
612 949 690 1032 ἱμάς
718 949 736 1020 ὃ
765 956 887 1042 λάρος,
912 953 1022 1041 Epim.
1052 953 1099 1019 Π.
1119 953 1193 1019 391.
1224 954 1351 1040 quibus

230 1063 372 1140 cognata
393 1063 469 1117 sunt
490 1049 650 1143 ἳμάσθλη,
672 1052 820 1142 μάσθλη,
842 1052 971 1139 μάσσαι
987 1055 1023 1118 id
1038 1065 1088 1121 est
1111 1052 1222 1138 ἱμάντι
1245 1058 1352 1145 δῆσαι

229 1154 355 1221 Techn.
384 1156 434 1220 10.
458 1150 565 1242 Ἰβάνη
589 1150 806 1244 ἆντλητήριαν
827 1152 1010 1241 σιἸβανεῖν
1031 1152 1161 1223 ἀντλεῖν
1179 1157 1202 1222 ἱ.
1219 1179 1251 1243 q.
1274 1153 1352 1225 άνι·

228 1262 303 1345 μᾷν.
326 1259 409 1323 Hes.
446 1256 513 1321 Hic
537 1266 700 1321 certamen
723 1257 870 1323 oboritur
885 1268 994 1322 utrum
1010 1256 1349 1346 praefeni'oporteat,

189 1360 196 1369 “
229 1362 456 1449 pleonasmum
488 1382 531 1423 on
559 1358 698 1445 ellipsin.
751 1360 884 1426 Etenim
913 1382 1033 1446 cogere
1066 1371 1099 1426 et
1123 1361 1245 1427 vincire
1277 1364 1349 1427 sive

230 1462 452 1547 constringere
473 1470 540 1524 tom
565 1458 628 1524 sibi
649 1459 757 1525 vicino
778 1470 855 1525 sunt
876 1470 1000 1527 utnon
1019 1461 1198 1527 absurdum
1214 1463 1256 1529 sit
1273 1486 1348 1530 cre-

231 1564 307 1629 dere
322 1562 482 1628 vocabula
499 1561 639 1647 cogendi
655 1583 775 1646 graeca
790 1560 831 1642 ἴς,
854 1563 922 1647 βία,
942 1568 1030 1652 dcciv,
1054 1574 1087 1629 et
1100 1566 1350 1652 constringendi

142 1681 144 1685 ·
229 1666 331 1731 latino
345 1668 440 1740 viere,
459 1667 573 1739 vimen,
597 1664 759 1729 vinculum
775 1663 922 1747 ejusdem
942 1687 1014 1729 esso
1029 1666 1141 1752 stirpis
1160 1678 1193 1732 et
1208 1678 1349 1733 naturae

230 1791 269 1834 ac
300 1765 440 1854 proinde
469 1757 536 1842 ἶνες
557 1763 593 1827 id
615 1773 664 1829 est
684 1764 775 1828 nervi
797 1775 830 1829 et
852 1762 984 1847 ἱμάντες
1004 1769 1138 1855 proprie
1158 1768 1289 1835 vincula
1315 1780 1350 1835 et

229 1871 407 1957 ligamenta
436 1866 620 1952 significare
650 1865 691 1931 of.
724 1865 845 1931 Pcrall.
875 1866 926 1932 83.
960 1879 992 1933 et
1020 1870 1095 1934 337.
1132 1870 1347 1937 Doederlein.

231 1972 341 2040 Gloss.
364 1972 465 2035 Hom.
486 1968 515 2035 Ι.
533 1968 585 2033 25.
630 1967 733 2050 Quod
755 1969 782 2032 si
802 1969 849 2033 itu
871 1979 930 2048 est,
952 1967 1031 2054 ἱμάς
1049 1981 1083 2035 et
1104 1968 1255 2059 ἱμάσθλη
1277 1974 1349 2039 iota

230 2074 375 2140 nativum
398 2070 535 2149 habent,
564 2066 688 2153 μάστιξ
709 2079 818 2135 autem
840 2081 873 2135 et
893 2069 1032 2162 μάσθλη
1045 2074 1076 2158 ²)
1100 2073 1273 2161 aphaeresi
1296 2077 1347 2140 af-

230 2176 317 2243 fecta
343 2182 428 2239 sunt.
479 2175 592 2258 Atque
620 2169 683 2237 hoc
708 2172 835 2237 ratione
864 2173 1003 2239 fortusse
1031 2175 1086 2240 ille
1117 2176 1200 2241 dixit
1222 2174 1350 2259 μάστιξ

231 2276 326 2366 παρὰ
350 2275 388 2342 τὸ
413 2270 553 2356 ἱμάσσω.
597 2275 722 2341 Verum
743 2274 830 2339 enim
849 2296 927 2341 vero
949 2298 991 2341 ex
1011 2276 1128 2355 verbo,
1158 2279 1249 2363 quod
1269 2280 1346 2344 Ho-

230 2400 337 2443 merus
357 2375 434 2440 huic
452 2374 577 2439 nomini
600 2376 779 2462 adjungere
803 2376 902 2455 solet,
929 2376 1067 2462 μάστιγι
1089 2379 1270 2462 ἐπεμαίετο
1289 2382 1349 2449 ἵσ-

229 2505 330 2558 ττονς,
359 2487 585 2564 argumentum
611 2477 686 2543 duci
712 2488 823 2565 potest
846 2489 978 2564 etymon
999 2502 1073 2545 esse
1093 2480 1275 2564 μάσασθαι
1294 2488 1348 2550 in·

159 2608 164 2618 ‘
231 2584 370 2655 tendere,
401 2590 500 2665 atque
522 2579 606 2645 hanc
631 2580 902 2666 significationem
927 2586 1003 2648 tenti
1024 2582 1122 2648 etiam
1144 2583 1265 2648 odilla
1285 2608 1346 2651 vo·

231 2682 347 2748 cubula
368 2682 494 2747 funium
512 2682 713 2768 restiumque
727 2684 901 2748 convenire
919 2704 971 2748 res
990 2694 1041 2749 est
1054 2684 1090 2748 in
1108 2685 1211 2751 oculis
1223 2688 1345 2773 posita.

232 2784 317 2851 Cum
339 2782 479 2872 μάσθλη
509 2796 542 2849 et
567 2782 718 2871 ἱμάσθλη
741 2785 938 2851 conveniunt
954 2786 1019 2851 duo
1039 2786 1198 2852 vocabula
1215 2788 1256 2853 ab
1271 2792 1344 2857 He-

231 2885 344 2972 sychio
366 2884 530 2973 opposito,
556 2886 697 2973 primum
713 2883 861 2976 Ἰσμῆνὶιι
888 2893 996 2974 θῆκαι
1011 2887 1047 2973 8)
1077 2899 1110 2954 et
1130 2892 1258 2977 Σμῆναι
1280 2898 1345 2959 τῶν

107 2980 109 2989 ’
163 3044 168 3048 .
230 2992 397 3073 μελισσῶν
423 2984 607 3077 otetur„
634 3009 701 3074 quo
725 2988 949 3075 significantur
972 2989 1114 3055 alveario
1138 2990 1205 3055 sive
1227 2992 1343 3081 σμήνη,

230 3089 271 3156 ob
301 3088 364 3156 hoc
392 3100 502 3155 autem
530 3090 612 3155 nihil
639 3091 748 3156 differt
776 3087 874 3173 ἑσμοί
902 3091 1068 3170 examine,
1102 3102 1276 3179 utrumque
1303 3096 1343 3161 ab

231 3192 347 3257 eodem
375 3191 474 3258 verbo
509 3190 592 3261 ἱέναι
617 3193 796 3260 derivatum
815 3216 845 3259 v.
870 3194 991 3259 Parall.
1013 3194 1086 3259 548.
1116 3195 1207 3279 cujus
1234 3195 1346 3263 thema

231 3292 354 3378 duplex
369 3290 410 3359 ῗιο
430 3304 462 3357 et
479 3292 532 3359 ἕω.
573 3295 723 3360 Alterum
742 3308 793 3361 est
807 3292 938 3383 ’Ίβηνοι
954 3295 1064 3383 σοροί,
1092 3301 1200 3383 θῆκαι
1217 3292 1346 3386 ,dovot-

231 3420 329 3473 κιναι,
352 3392 489 3478 κιβιοτοί
514 3403 547 3459 et
568 3399 677 3482 Βῆνος
699 3395 857 3481 κιβωτός,
885 3419 1023 3481 quorum
1051 3396 1145 3461 illud·
1163 3419 1237 3463 cum
1260 3401 1344 3488 θίβη

230 3496 390 3575 convenit,
414 3496 549 3561 alterum
571 3496 768 3565 adminiculo
794 3508 891 3564 caret.
930 3499 1093 3586 Suspecta
1109 3522 1186 3565 vero
1211 3502 1346 3567 ostelia

230 3599 378 3684 ejusdem
406 3599 518 3685 glossa
541 3592 646 3665 Ἰκιών
673 3599 871 3689 πορευθείς,
899 3623 960 3688 pro
988 3623 1054 3686 quo
1082 3611 1116 3666 et
1142 3599 1222 3671 κιών
1245 3605 1345 3670 scribi

230 3711 340 3789 potest
368 3712 400 3768 et
432 3698 524 3780 ἱκών,
558 3724 634 3765 nem
662 3694 735 3769 ἷκον
761 3712 891 3769 veteres
918 3704 1075 3778 aoristum
1103 3727 1176 3769 esse
1198 3714 1347 3772 statuunt

229 3803 403 3893 participio
431 3813 537 3869 acuto.
589 3802 708 3872 Cetera
736 3828 811 3871 cum
841 3804 910 3871 iota
937 3816 1064 3871 mutant
1084 3807 1346 3877 terminationem

229 3906 375 3972 variante
394 3894 569 3972 intellectu.
615 3908 671 3975 Sic
693 3907 840 3995 corpon‘s
862 3918 974 3994 portes
997 3908 1059 3973 sibi
1081 3909 1205 3975 vicinas
1227 3921 1262 3977 et
1282 3936 1346 4000 op-

227 4062 562 4077 Μ

197 4158 200 4165 ’
299 4146 326 4215 7)
349 4146 418 4201 Cum
444 4145 556 4217 δίγονος
580 4106 706 4215 μάσθλης
733 4143 762 4198 in
790 4146 938 4217 Sophoclis
963 4147 1075 4218 Fragm.
1104 4149 1237 4203 convenit
1263 4152 1350 4220 διπλῆ

229 4228 327 4302 μάστιξ
339 4231 386 4303 Aj.
400 4233 460 4287 239.
1157 4277 1161 4284 .

298 4336 325 4405 8)
338 4333 468 4405 Ungsrus
481 4334 510 4389 in
523 4332 615 4390 Theb.
629 4334 769 4390 Paradox.
787 4336 845 4393 12⁷.
860 4336 976 4407 corrigit
984 4334 1119 4411 Ἰσμήνιαι
1135 4340 1230 4406 Θῆβαι.
