2825 4809
300 348 365 415 nn
383 344 670 417 Ροιιιιαοοοι.
704 348 795 418 σοι.
818 355 843 437 ο.
858 352 889 418 2.
1079 355 1155 427 tto

76 541 128 607 leni
143 558 195 624 pro
215 532 319 617 ἅμμα,
342 533 475 619 duoque
497 531 539 599 ab
559 535 730 620 Hesychia
749 547 783 601 et
795 536 876 601 EM.
894 535 1013 601 tradita
1033 530 1157 616 ἀειμός

75 640 103 707 ui
123 642 237 721 ανιῦμα
257 643 291 699 et
311 626 418 718 ι’ίιτμα
442 632 531 721 φλόξ
551 625 573 721 ἢ
595 639 743 720 πνεῦμα,
773 648 948 723 utrumque
973 636 1156 702 abeodem

73 739 149 805 verbo
174 730 222 805 ἇόι
249 734 336 799 unde
366 730 484 818 ἀτμός,
513 745 582 801 tum
603 734 645 801 ab
669 737 818 805 obsoleto
841 738 927 807 ὀέλω
954 738 1072 825 δεῖλαρ
1099 737 1156 822 (ut

72 839 122 907 ἔδω
140 831 241 923 εἶλαρ)
264 846 298 901 et
318 836 436 922 δέλεαρ
458 858 533 905 eum
550 836 651 904 verbo
673 835 830 921 δελεάζω,
853 842 979 917 aneos
998 837 1104 905 πατλα
1122 850 1156 904 et

70 937 174 1005 ποντία.
202 936 409 1021 Adjectivum
431 935 578 1025 σιοφλός
599 949 633 1005 et
654 939 929 1027 σιυφαλόςΡισΙΙ.
942 942 1015 1006 141.
1037 941 1155 1007 eodem

69 1042 125 1107 loco
143 1039 321 1107 habendum
343 1062 409 1124 quo
434 1060 519 1123 quae
542 1038 580 1107 C.
603 1040 631 1105 I.
654 1044 681 1125 ξ.
702 1041 731 1105 1.
753 1041 848 1127 attigi
868 1043 992 1131 σιφλός
1004 1049 1037 1107 at
1047 1041 1153 1109 σι’πα·

69 1147 112 1219 λος
129 1153 182 1207 etc.
222 1140 287 1205 His
314 1140 496 1207 succedunt
528 1141 664 1227 propria
682 1140 844 1227 Ἅρπυιαι
869 1142 928 1209 καὶ
952 1146 1154 1229 πλεονασμῷ

65 1242 211 1327 Ἀριποῖαι
241 1242 321 1327 (5οα
349 1241 498 1324 accentu)
524 1242 605 1307 EM.
635 1243 712 1321 138,
748 1242 802 1307 20.
827 1245 1058 1326 Τελιμισσεῖς,
1086 1264 1154 1328 quo

67 1342 279 1429 Aristophanes
307 1344 341 1407 in
370 1343 514 1409 numeris
541 1364 620 1409 usus
648 1355 699 1411 est
727 1343 960 1430 anapaesticis,
987 1344 1155 1428 Βιλὲμινα

67 1444 143 1509 Paus.
157 1442 243 1509 urbis
258 1466 379 1509 nomeu
396 1467 481 1528 quae
499 1444 576 1510 alibi
588 1443 735 1531 Βέλβινα
751 1455 887 1510 vocatur
900 1445 1002 1512 Proll.
1023 1445 1088 1511 222
1103 1467 1153 1529 sq.

67 1545 195 1611 Proximo
214 1546 288 1614 loco
315 1546 506 1613 collocanda
527 1558 604 1613 sunt
630 1545 790 1613 vocabula
814 1569 899 1631 quae
928 1569 1004 1613 cum
1026 1546 1154 1613 deriva-

67 1647 134 1713 tione
161 1648 297 1733 figuram
324 1658 466 1725 mutant,
487 1642 582 1734 ἀλκή,
606 1639 732 1729 ὂίλκαρ,
761 1641 903 1734 αλκιήρ,
935 1645 1092 1715 ἀλαλκεῖν
1120 1660 1155 1713 et

67 1741 178 1829 ολέκοιν,
200 1745 344 1829 ἀλέξειν,
369 1742 486 1835 ὅργοια
511 1758 545 1813 et
576 1740 723 1832 ὀρέγειν,
765 1746 960 1832 quibuscum
981 1751 1153 1815 Buttman-

66 1872 110 1913 nus
127 1850 204 1917 Lex.
224 1854 255 1918 Ι.
278 1852 331 1917 47.
360 1860 394 1917 et
421 1848 494 1915 289.
540 1848 685 1915 Gramm.
708 1847 748 1913 ll.
771 1849 843 1915 106.
874 1842 975 1934 ἶν’λγος
994 1862 1029 1915 et
1046 1844 1153 1934 ἀλέγω

67 1951 242 2018 confert-sed
269 1964 376 2019 utrum
399 1950 528 2039 epsilon
550 1949 699 2014 additum
712 1951 756 2014 sit
771 1974 813 2015 an
826 1951 1008 2015 detractum
1023 1950 1155 2017 decerni

66 2075 142 2136 posse
166 2066 278 2141 negat.
322 2057 444 2122 Verum
473 2044 603 2119 alixem
627 2051 772 2135 antiquis
800 2052 952 2137 ignotum
975 2052 1078 2118 bissa
1105 2053 1155 2117 vi·

67 2155 180 2221 deturv.
203 2155 334 2221 Techn.
355 2156 408 2221 57.
431 2172 539 2237 neque
562 2151 725 2217 invenitur
745 2153 827 2218 haec
848 2154 971 2219 vocalis
997 2154 1062 2219 nisi
1080 2166 1156 2219 ante

64 2241 127 2331 §lt
128 2255 222 2337 λξι,ς
247 2251 424 2337 Ἀλεξίων,
464 2276 550 2339 quae
581 2254 687 2319 lenius
721 2265 839 2321 sonant
871 2278 971 2377 quam
1004 2253 1155 2334 ἔπαλξις,

57 2348 178 2433 Ἀλξίων.
221 2358 321 2423 Idem
347 2381 381 2443 p.
405 2356 477 2421 167.
504 2353 596 2421 ab''
575 2382 648 2423 επω
673 2355 833 2441 gradatim
859 2354 954 2422 ad''
930 2381 1046 2437 εμπω,
1081 2356 1158 2421 hinc

63 2456 95 2519 ad
117 2458 267 2523 usitatum
294 2457 404 2525 ἐνέπω
426 2478 618 2544 processum
646 2480 720 2523 esse
748 2458 862 2523 statuit
889 2438 1102 2542 similiterque
1123 2481 1157 2544 p.

63 2558 119 2623 314.
138 2554 260 2646 ἤνεγκα
282 2559 326 2624 ad
349 2580 504 2645 praesens
531 2557 615 2646 ἔγνω
636 2570 778 2636 revocat,
801 2556 939 2647 ἐνήνοχα
965 2560 1009 2624 ad
1026 2573 1158 2625 auctum

63 2658 157 2741 ὲνὲκω,
189 2661 285 2746 quod
325 2660 421 2725 etiam
451 2670 597 2725 veterum
628 2660 778 2726 nonnulli
815 2659 975 2742 adjectivo
1007 2658 1159 2748 διηνεκής

60 2772 250 2843 praestruunt
270 2762 351 2829 EM.
373 2762 446 2840 274,
467 2762 517 2827 19.
535 2756 681 2849 Ἀφολής
702 2761 758 2827 hic
774 2761 863 2827 idem
884 2759 926 2826 ab
949 2754 1085 2850 ἀφελεῖν
1104 2784 1158 2827 re-

61 2863 135 2944 petit,
153 2863 374 2930 Ruhnkenius
395 2886 474 2931 vero
495 2864 538 2929 ad
560 2863 645 2927 Tim.
657 2864 732 2928 270.
754 2886 829 2928 cum
850 2857 1158 2948 φιλλός(ιγελλενς)

61 2966 263 3051 compositum
284 2976 393 3059 putat3
413 2976 447 3031 at
470 2963 581 3033 schol.
602 2964 704 3031 Arist.
728 2966 816 3049 qu.
839 2963 912 3028 954.
935 2985 1009 3027 cum
1030 2960 1159 3040 ἁπλσος

60 3066 208 3133 consociat
230 3079 268 3131 et
290 3066 331 3131 ab
355 3065 418 3131 hoo
447 3066 544 3131 etiam
566 3066 748 3151 Sopingius
773 3066 817 3130 ad
841 3066 924 3129 Hes.
955 3086 982 3127 s.
1000 3056 1159 3144 Ἐπιβλαί

59 3162 123 3231 illud
141 3179 257 3233 natum
279 3168 473 3253 suspicatur,
494 3168 531 3231 id
550 3168 641 3251 quod
662 3168 705 3231 ad
728 3165 999 3252 significationem
1018 3164 1158 3227 maxime

61 3270 202 3346 convenit,
226 3270 289 3335 sed
313 3270 465 3354 analogia
487 3290 555 3333 nou
578 3280 770 3354 praestatur.
813 3267 972 3350 Ejusdem
993 3266 1084 3331 modi
1110 3276 1161 3331 est

58 3366 213 3453 Apollonii
236 3373 425 3454 conjectura
447 3371 488 3435 de
510 3370 596 3435 Adv.
617 3368 692 3434 554.
721 3374 770 3455 τοῦ
792 3364 873 3454 ἀκήν
895 3364 1097 3451 παράκοποι
1120 3366 1160 3431 τὸ

60 3460 148 3535 ἀκέων
174 3468 422 3553 perorationes
443 3476 502 3536 τοῦ
524 3498 543 3560 νγ
567 3470 616 3549 εἷς
639 3498 665 3537 ω
688 3471 747 3535 καὶ
777 3471 853 3532 πλε
845 3488 1028 3544 ονασανιος
1051 3492 1109 3534 τοο
1132 3492 1159 3546 ε,

58 3592 139 3637 tomo
172 3568 389 3692 εγγιρομένσυ
420 3575 598 3653 μειοχικοῖν
591 3573 689 3636 ιδιά
725 3569 781 3635 τὸν
813 3593 918 3634 ιοπον
950 3567 1043 3633 καθὸ
1075 3590 1162 3644 τινας

60 3662 205 3756 (γήθησαν
227 3671 268 3737 τὸ
290 3668 370 3756 χρήν
391 3666 504 3752 χρεών.

128 3776 153 3856 ξ.
175 3775 209 3838 2.
256 3774 329 3837 Has
357 3772 523 3855 angustias
554 3770 678 3857 egressi
710 3770 895 3835 accedimus
929 3770 974 3833 ad
1001 3768 1162 3833 catalexes

58 3873 227 3939 mutabiles.
272 3876 399 3937 Harum
425 3873 506 3937 aliae
538 3870 717 3957 generatim
748 3870 983 3956 comprehendi
1014 3877 1162 3954 possunt,
1248 3884 1251 3892 '

59 3971 128 4038 aliae
155 3998 226 4040 non
261 3973 382 4038 habent
409 3973 576 4037 definitam
615 3972 757 4057 aliquam
782 3973 982 4069 regionem.
1017 3968 1165 4033 Primum

57 4068 154 4139 locum
182 4074 334 4142 obtinent
365 4074 498 4139 nomina
529 4071 712 4137 verbalia
703 4098 738 4137 ιιι
764 4099 823 4159 της
856 4084 954 4137 eto
918 4099 954 4136 ιο
958 4098 982 4148 ς.
1024 4066 1080 4135 Ἐκ
1104 4074 1164 4135 τοῦ

60 4179 148 4260 μῆτις
170 4202 297 4261 γινειαι
319 4173 459 4263 μιγιίιιγς
481 4200 538 4240 και
530 4172 761 4294 πλεονασμῷ
787 4201 845 4239 τοο
868 4201 883 4239 ε
904 4172 1061 4257 μρτιὲιρς
1082 4171 1164 4235 ΕΜ.

58 4272 121 4352 585,
144 4277 176 4341 5.
222 4279 331 4364 Epim.
348 4278 376 4340 I.
395 4272 512 4359 270st
496 4300 563 4341 arco
590 4280 647 4340 κοΐ
670 4273 810 4359 μηιίινγς
832 4275 961 4358 γέγονεν
987 4299 1006 4359 νγ
994 4267 1164 4361 κληιικὴ
