2825 4809
120 371 169 438 DE
186 363 299 431 ALIIS
323 359 560 431 SYNOOPAE
584 361 860 432 GENERIBUS.
887 363 966 431 c.1.
983 366 1049 452 §.8.
1077 371 1155 444 385

84 552 143 620 senti
164 547 244 639 ίλημι
268 571 297 614 v.
325 549 369 614 ad
393 549 516 614 Buttm.
542 569 576 635 p.
602 547 652 614 71.
693 548 741 615 Τὸ
771 546 876 617 ἔλιπον
902 548 1054 639 σιφιιοπή
1083 551 1156 622 ἔστι

82 658 123 722 τοῦ
138 650 265 720 baasae
283 649 393 738 Epim.
410 650 439 716 I.
455 649 529 716 398.
552 651 644 735 quod
665 671 787 716 nomen
803 650 999 738 Sylburgius
1017 652 1053 717 in
1072 654 1155 722 EM.

81 752 185 830 38154.
200 773 254 837 pro
273 744 432 839 ἀποκοπή
449 752 598 840 reponit3
620 751 675 816 alii
691 753 734 816 ad
754 753 926 840 enallagen
946 777 1156 822 numerorum

80 853 174 942 delapsi
190 862 259 917 sunt
277 855 388 931 κακῶς
405 854 555 938 λέγοντες
573 853 702 931 δυιιιοῒς
720 858 871 941 χρῆσθαι
891 854 969 936 τοὺς
984 851 1158 935 ’Λτιιιιοδς

79 952 130 1024 ἀντὶ
143 957 362 1039 πληθυντικῶν
380 953 540 1023 ποιείτιον
558 948 630 1021 ἀντὶ
646 959 706 1021 τοῦ
724 954 939 1036 ποιείτωσαν,
956 960 1158 1026 τνπτέσθων

77 1052 129 1124 ἀντὶ
151 1059 204 1122 τοῦ
228 1056 479 1124 τυπτέσθιοσαν.
525 1049 620 1122 Ἀλλ’
655 1051 824 1142 ἱδιιόματά
857 1056 924 1124 εἱσι
953 1063 1058 1124 ταῦτα
1089 1061 1159 1124 τῶν

74 1152 196 1224 Ἀττικῶν
223 1158 322 1222 Exco.
352 1155 460 1223 cram.
487 1158 549 1225 IV.
578 1157 652 1222 200.
683 1152 764 1223 ίτιον
793 1154 890 1241 (ἀντὶ
915 1160 997 1243 τοῦ)
1029 1154 1159 1225 λ’τοισαν

76 1252 257 1344 ἀτονώτερον
278 1257 357 1325 Seh.
379 1258 501 1324 Aesch.
523 1260 620 1324 Eum.
633 1260 685 1325 32.
729 1259 874 1326 Perfecti
896 1259 1018 1346 passivi
1034 1258 1158 1326 Gram-

76 1359 156 1422 maliei
173 1381 236 1424 non
253 1383 355 1424 unum
370 1361 506 1426 modum
528 1375 693 1450 syncopae
716 1361 926 1448 subjecerunt
946 1361 1005 1426 scd
1026 1383 1159 1426 omncs:

75 1455 273 1546 ὁποθητικδς
293 1462 540 1547 παρακείμενος
561 1459 618 1531 ὅτε
641 1461 725 1530 κατὰ
746 1462 864 1542 πάθος
886 1462 957 1531 ἐστὶ
975 1485 1159 1547 προπαρο-

76 1557 188 1639 ξύνεται,
217 1555 410 1650 ὡρμημένος
432 1559 596 1650 ὥρμενος,
629 1564 825 1649 δεδεγμένος
852 1564 1008 1648 δέγμενος
1035 1561 1159 1629 choer.

73 1662 159 1726 inPs.
181 1662 231 1726 44.
262 1656 455 1732 ἀνεδίδοντο
488 1664 546 1731 καὶ
578 1664 663 1732 κατὰ
693 1664 863 1752 σινγιιοπῆν
892 1657 1046 1731 ἀνέδεντο
1077 1664 1160 1730 ΕΜ.

75 1763 128 1841 103,
148 1764 173 1828 7.
198 1765 334 1845 δέχαται
357 1763 443 1830 κατὰ
464 1767 635 1853 σογκοπην
658 1765 694 1832 λιι
716 1770 777 1832 τοῦ
801 1766 978 1847 δεδίχαται
1004 1764 1083 1843 259,
1104 1765 1160 1832 36.

73 1862 177 1930 δέδεντο
202 1864 236 1932 ἐν
262 1871 420 1956 συχνοπῇ
452 1865 548 1934 δέκτο
578 1866 637 1932 καὶ
668 1867 790 1948 δέχθαι
816 1865 927 1953 Epim.
952 1866 980 1931 Ι.
1005 1867 1065 1931 111
1073 1915 1083 1945 ,
1105 1867 1162 1933 24.

36 2001 37 2004 ¹
74 1963 200 2054 ἐβέβλητο
222 1963 309 2033 κατὰ
330 1965 502 2057 σνγιιοπην
524 1965 645 2054 ἔβλητο
668 1967 749 2032 ΕΜ.
771 1967 851 2044 200,
873 1968 904 2031 3.
935 1968 1054 2033 eodem
1080 1989 1162 2034 vero

71 2064 124 2130 loeo
149 2066 281 2131 affirmat
312 2090 380 2134 non
413 2069 571 2154 syllabam
601 2092 620 2136 c
647 2069 758 2136 medic
791 2067 954 2133 sublatam
982 2069 1043 2134 sed
1073 2069 1161 2135 arsin

72 2165 159 2232 laetam
178 2189 248 2234 esse
274 2171 466 2257 βεβλῆσθαι
488 2170 574 2238 κατὰ
600 2165 779 2259 ἀφαίρεσιν
799 2173 859 2256 τῆς
882 2157 924 2255 βε
949 2173 1101 2257 βλῆσθαι
1128 2180 1164 2236 at

71 2267 338 2352 259,41.διδε’χθοι
352 2269 408 2336 καλ
419 2264 492 2336 κατ’
503 2265 684 2360 ἀφαίρεσιν
695 2274 755 2337 τοῦ
764 2271 1017 2353 διπλασιασμοῦ
1027 2270 1160 2354 δέχθαι.

68 2369 139 2435 Ηιοο
156 2370 252 2436 verba
281 2381 356 2436 sunt
383 2381 416 2436 et
443 2372 597 2460 ineptiae.
643 2372 748 2454 Quod
767 2372 962 2438 Athenaeus
989 2383 1099 2438 narrat
1125 2373 1164 2438 im

68 2473 148 2556 epulis
167 2473 352 2549 meadum,
376 2473 477 2558 quum
499 2497 602 2540 coena
623 2484 859 2562 apponeretur,
886 2474 1030 2540 convivis
1054 2474 1164 2540 accla-

66 2583 161 2646 matum
178 2597 250 2640 esse
274 2568 312 2641 εὗ
336 2571 520 2654 δείπνειιις,
543 2574 761 2642 Casaubonus
784 2598 826 2641 ex
848 2573 1065 2662 δειπνήσειας
1086 2597 1163 2640 cor-

65 2686 176 2760 mptum!
190 2685 315 2752 censet,
336 2674 668 2762 Schweighaueserus
690 2688 724 2744 et
743 2677 808 2742 hoc
829 2677 903 2742 loco
920 2675 1163 2743 Grammaticos

65 2777 207 2844 ucadieae
229 2777 369 2842 indulsit
390 2787 423 2843 et
442 2779 568 2866 recepit
588 2779 622 2844 in
645 2780 721 2856 alio,
745 2801 811 2864 quo
829 2779 927 2844 codd.
943 2778 1163 2844 accusativum

65 2871 228 2958 εὐδειπνίας
252 2879 424 2966 praebent,
439 2881 615 2948 Dindorlio
638 2881 795 2967 placitum
814 2881 849 2944 in
865 2880 966 2946 Thes.
1011 2880 1082 2947 Sed
1101 2902 1163 2945 ne-

64 2999 110 3061 que
128 2978 189 3046 boc
207 3003 333 3048 nomen
359 2981 438 3049 alibi
465 2983 585 3069 legitus
614 3005 723 3068 neque
750 2981 965 3070 φιλοτησίας,
993 2980 1085 3065 quod
1113 2980 1167 3045 vir

65 3079 155 3146 doctus
182 3083 212 3148 ei
242 3083 387 3161 confert,
419 3084 484 3149 nisi
512 3086 665 3169 adjuncto
693 3085 804 3169 aliquo
832 3082 943 3149 verbo.
996 3080 1164 3198 Equidem

63 3179 208 3262 dalmatae
235 3186 420 3272 optativum
450 3186 632 3274 praesentis
660 3207 733 3251 csse
762 3185 947 3271 suspicatus
977 3205 1051 3248 sum
1077 3183 1164 3248 assi-

63 3281 193 3348 mulatum
215 3287 341 3353 aoristo
363 3288 455 3352 utin
475 3287 583 3354 verbis
607 3288 775 3374 barytonis
796 3280 969 3370 ἀερτάζειε
992 3294 1054 3351 etc.
1070 3307 1101 3351 v.
1120 3284 1165 3352 ad

61 3379 159 3450 Butam.
181 3387 257 3452 262.
1158 3413 1164 3420 ’

126 3487 186 3552 His
210 3479 366 3574 adjiciam
388 3489 453 3554 alia
475 3489 607 3555 scholae
630 3500 813 3555 commenta
834 3511 919 3573 quac
940 3511 1050 3573 neque
1072 3497 1167 3555 autc·

62 3586 230 3656 cedentibus
254 3615 391 3678 prorsus
413 3591 532 3657 similia
553 3602 629 3658 sunt
653 3613 762 3676 neque
782 3589 824 3654 iis
847 3612 932 3675 quac
956 3590 992 3656 in
1013 3590 1175 3678 proximas

62 3699 135 3769 parte
152 3694 389 3759 tractabuntur.
432 3694 546 3760 Unum
568 3694 708 3759 oetavis
730 3714 851 3757 nomen
872 3690 1026 3780 μόρφνος
1047 3693 1085 3760 ἐκ
1105 3695 1169 3763 τοῦ

60 3792 230 3904 μοροφόνος
261 3819 413 3882 συγκοπη
446 3800 514 3862 τῶν
543 3790 603 3862 δοο
635 3820 673 3862 oc
705 3794 786 3861 ΕΜ.
811 3793 892 3870 591,
918 3795 970 3859 21.
1014 3795 1169 3860 Alterum

60 3891 169 3974 majoris
194 3895 327 3962 abollae
351 3893 550 3982 αλσοητηριι
574 3890 796 3981 Ἀρίσταρχος
820 3891 1040 3983 αισνμνητῆρι
1063 3890 1168 3962 οἱονεὶ

60 3986 301 4088 οἰοιονομητηρι
328 3995 439 4065 Schol
460 3997 532 4063 BL.
556 3979 662 4063 adss.
684 3997 820 4090 XXIV
843 3996 917 4062 347.
942 3995 1006 4061 hoc
1034 4006 1100 4072 cst,
1129 4004 1168 4061 ut

60 4092 174 4178 opinor,
202 4103 360 4197 τροπῇ
346 4102 403 4166 τοῦ
432 4125 444 4164 ι
475 4095 524 4178 εἷς
549 4125 569 4163 c
597 4098 654 4168 καί
669 4101 834 4216 ουγκοπῇ
860 4101 926 4163 τῶν
954 4096 1014 4164 δύο
1043 4122 1082 4162 oo
1107 4095 1172 4164 καί

58 4201 225 4272 μεταθέσει
250 4225 311 4267 τοο
336 4226 354 4266 ν
379 4198 437 4267 καὶ
461 4226 504 4284 μ,
534 4198 596 4268 hac
626 4201 713 4266 enim
737 4200 792 4264 via
818 4222 937 4286 aspera
961 4208 994 4264 et
1017 4197 1174 4264 flexuosa

59 4286 200 4359 ad*-
111 4323 189 4384 οομν
212 4303 412 4388 pervenitur.
455 4303 547 4384 Exe
534 4302 705 4390 μακάριος
727 4302 867 4390 primum
888 4296 1021 4387 μάκαρς
1045 4300 1171 4367 lactum

100 4402 135 4441 1.
141 4405 194 4443 a
175 4441 178 4446 ,
162 4407 231 4453 a,
250 4406 324 4445 ιἰοιο
326 4407 342 4445 ι.
915 4402 958 4468 25
