2825 4809
214 328 290 409 352
445 318 816 395 ..mssaumrro
844 320 893 390 11.
935 320 975 388 P.
992 320 1040 389 Π.

215 513 308 587 1841.
329 532 438 596 neque
459 518 572 575 contra
591 508 700 575 valent
723 531 808 595 quae
819 508 1006 595 Hesychius
1028 508 1117 585 unde
1137 505 1325 585 uudesub-

212 614 294 701 legit
326 610 454 704 ψίεοοα
487 608 654 691 εὐδαίμων
690 621 724 677 et
758 611 949 698 Ταρφίεντα
983 608 1124 697 ἐντάφια
1158 604 1325 697 τεφρώδη,

208 710 378 798 (Εὐριεοοα
398 712 519 799 βεβαία
541 714 630 781 utin
652 714 726 780 eod.
749 712 907 799 scriptum
927 722 994 791 est,
1023 710 1329 798 quorumprimum

215 818 296 905 quid
323 816 366 883 sit
393 827 426 883 et
457 816 545 883 unde
578 816 620 881 sit
652 816 858 903 ignoramus,
891 814 983 880 alteri
1014 812 1219 904 ναρριύεντα
1251 812 1327 878 sub-

213 920 413 991 stituendum
432 918 560 985 videtur
579 918 632 985 vel
647 915 857 1006 ταρφήιντα,
887 917 1053 1002 quomodo
1080 914 1179 982 etiam
1200 914 1330 981 tertium

213 1024 386 1111 corrigitur
407 1032 440 1087 et
461 1022 552 1107 quod
570 1021 605 1087 in
625 1020 709 1086 libro
732 1020 775 1088 de
789 1020 913 1103 Quart.
934 1020 1009 1098 284,
1021 1021 1053 1085 2.
1074 1019 1195 1105 legitur
1216 1018 1347 1108 pdoy?

213 1127 305 1215 γιέις
336 1120 536 1211 >tipicis-oca
564 1123 599 1189 in
617 1122 759 1209 Emped.
787 1145 818 1189 v.
841 1122 913 1190 186.
940 1145 961 1187 a
979 1122 1144 1187 Karsteno
1166 1120 1331 1185 invectum

215 1241 273 1299 est.
315 1226 421 1295 Aliud
434 1226 531 1311 hujus
549 1247 715 1319 syncopae
733 1226 919 1314 exemplum
933 1223 1091 1312 proponit
1105 1224 1186 1291 EM.
1206 1221 1283 1299 505,
1297 1220 1329 1287 5.

213 1314 295 1399 ont
314 1334 374 1418 τῆς
399 1329 540 1414 κέρατος
569 1331 699 1417 γενικῆς
728 1324 899 1445 κερατόεις
926 1325 984 1394 καὶ
996 1328 1164 1413 οαγκοπῇ
1186 1321 1329 1407 κερύεις.

211 1434 336 1503 Verum
362 1429 444 1497 illud
471 1452 580 1516 neque
614 1430 771 1552 scriptum
789 1429 973 1495 invenimus
993 1450 1103 1514 neque
1123 1428 1250 1513 fingere
1270 1448 1328 1491 ne-
1392 1482 1393 1489 ,

213 1557 304 1603 cesse
329 1532 497 1598 habemus.
546 1527 688 1621 Κερόεις
717 1532 803 1599 enim
834 1532 967 1599 unicum
994 1542 1045 1597 est
1069 1527 1304 1615 adjectivum
1295 1552 1330 1593 m
1391 1582 1393 1619 ι

213 1662 282 1716 οιις
303 1660 323 1703 a
342 1634 473 1703 nomine
495 1634 621 1720 syllaba
643 1660 684 1714 ας
704 1634 876 1702 terminato
895 1634 1039 1719 ideoque
1054 1632 1182 1699 transiit
1198 1632 1244 1697 ad
1261 1631 1328 1698 ior·
1391 1684 1393 1695 ,

212 1762 300 1806 mam
317 1760 430 1805 eorum
452 1736 571 1825 quibus
591 1736 823 1805 substantiva
813 1761 849 1803 m
870 1762 908 1816 ος
928 1736 1139 1824 praecedunt.
1181 1735 1272 1820 Ergo
1290 1744 1329 1798 ut

210 1839 297 1923 utos
319 1836 451 1920 θοόεις,
476 1838 577 1928 κρύος
599 1836 749 1925 κρυόεις,
774 1840 880 1928 θέρος
899 1836 1050 1924 θιρόεις,
1080 1838 1127 1905 sic
1149 1837 1249 1903 etiam
1272 1862 1330 1904 κε·
1392 1890 1393 1903 .

147 1992 154 1997 -
211 1940 302 2029 ρόεις
322 1942 498 2028 figuratum
517 1952 567 2009 est
588 1941 682 2028 quasi
703 1964 724 2007 a
743 1951 833 2009 recto
854 1940 967 2027 κέρος,
996 1942 1092 2027 cujus
1107 1940 1255 2029 speciem
1275 1961 1331 2005 se-

212 2055 354 2133 quuntur
377 2044 528 2131 syntheta
548 2042 748 2132 κεροβάτης,
768 2040 956 2137 κεροφύρος
974 2054 1035 2111 αιο.
1052 2054 1089 2109 ιιι
1104 2048 1211 2132 γιζιρας
1226 2066 1332 2130 γηρα-
1391 2094 1393 2125 ι

210 2146 352 2236 ιρύφος,
377 2148 476 2232 κρέας
496 2150 703 2233 κρεοκοιιιῖν.
748 2144 897 2212 Tertium
916 2157 984 2213 est:
1005 2145 1103 2234 παρὰ
1119 2144 1178 2213 τὸν
1196 2140 1332 2232 εὐρῶτα

210 2246 337 2335 γίνεται
375 2242 578 2331 εὐρωτόεντα
615 2246 671 2315 καὶ
707 2252 858 2337 ουγκονιῇ
892 2241 1072 2332 εὐρώεντα·
1107 2242 1129 2337 ἢ
1160 2245 1260 2330 παρὰ
1293 2243 1334 2313 τὸ

211 2342 309 2433 εὐρος
330 2344 485 2435 εὐρόεντα
509 2347 566 2417 καὶ
587 2345 720 2439 ἐκτάσει
738 2344 905 2437 εὐρώεντα
921 2349 1002 2417 ΕΜ.
1019 2348 1136 2427 39891.
1157 2346 1334 2434 Analogia

210 2450 317 2521 neutri
342 2447 507 2527 subvenit3
536 2472 612 2518 nam
641 2474 683 2517 ex
708 2452 975 2522 numerosissima
1002 2450 1127 2517 familia
1157 2450 1335 2515 nominum
1391 2532 1393 2537 ἲ

209 2551 403 2621 neutralium
431 2552 466 2619 in
485 2540 536 2633 o}
560 2554 685 2622 nullum
713 2554 923 2641 progignitur
951 2553 1146 2639 adjectivum
1174 2541 1334 2634 ἱιιῖει-ς,
1392 2636 1393 2643 ¹

209 2654 273 2721 nisi
295 2654 378 2745 lorte
398 2652 540 2740 αητώεις
562 2656 724 2742 ejusmodi
746 2668 879 2744 etymon
897 2653 999 2723 habet
1020 2655 1061 2722 ab
1083 2654 1205 2721 usitato
1227 2660 1336 2743 κῆτος
1391 2710 1393 2746 3

209 2768 292 2827 oetas
315 2767 401 2824 certe
421 2756 521 2843 louge
544 2758 723 2837 diversum
743 2782 851 2846 neque
873 2760 972 2827 etiam
990 2781 1075 2846 quae
1100 2760 1241 2826 eandem
1254 2781 1337 2824 cum
1391 2813 1393 2849 3

210 2854 315 2947 εὐρώς
342 2858 599 2927 terminationem
625 2860 747 2929 hebent
775 2857 891 2949 ἱδρώς,
922 2864 1026 2949 γέλκας
1044 2872 1106 2931 eto.
1134 2863 1201 2929 huo
1222 2863 1336 2929 dedu·

209 2974 326 3029 cuntur
344 2974 473 3051 praeter
495 2963 714 3051 suspiciosum
735 2963 817 3031 illud
838 2960 971 3049 ἐρώιις,
1000 2966 1094 3050 quod
1115 2964 1338 3035 Grammatici

209 3065 342 3191 quidam
356 3066 471 3133 novitii
487 3066 627 3133 affertmt
640 3090 709 3133 non
726 3078 763 3132 ut
778 3066 923 3133 nativum
939 3068 1001 3135 sed
1018 3079 1055 3134 ut
1076 3068 1180 3135 ectasi
1195 3078 1338 3135 auctum

209 3188 250 3230 ex
270 3168 379 3253 ιρόεις
400 3192 429 3233 v.
447 3166 572 3235 Techn.
590 3168 661 3234 181.
685 3179 718 3235 et
732 3169 824 3235 Add.
844 3170 1003 3237 Attamen
1020 3170 1224 3256 antiquiores
1243 3182 1338 3237 certe
1392 3208 1393 3211 ι

208 3262 371 3382 εὐρώεντα
390 3270 501 3335 dicunt
514 3270 648 3358 putrida
666 3270 830 3356 foedaque
847 3271 959 3360 potius
979 3296 1078 3359 quam
1092 3273 1160 3339 lato
1170 3274 1337 3361 patentia,

207 3367 374 3434 nominum
401 3374 539 3438 autem
529 3397 565 3439 m
587 3398 632 3452 αις
654 3374 841 3438 exeuntium
860 3385 951 3439 tanta
972 3387 1023 3441 est
1038 3375 1191 3464 paucitas
1207 3387 1247 3441 ut
1262 3400 1339 3442 non

206 3468 323 3535 mirum
350 3470 391 3537 sit
418 3474 515 3539 unius
535 3475 634 3541 modo
656 3474 851 3559 adjectivum
876 3477 1014 3564 reperiri
1037 3488 1072 3543 et
1092 3478 1131 3544 id
1151 3478 1294 3564 quidem
1317 3502 1340 3543 a

207 3571 312 3657 primo
335 3596 413 3641 casu
435 3577 627 3655 derivatum,
655 3600 723 3642 non
749 3588 786 3643 ut
806 3577 862 3644 ille
882 3579 971 3645 dicit.
1015 3580 1134 3647 Hic
1106 3604 1138 3645 ιι
1159 3580 1338 3667 cognitum

205 3671 374 3741 habuisset
399 3675 529 3761 μεὀμα,
560 3680 650 3764 quod
678 3678 867 3765 Hesychius
895 3680 1128 3769 interpretatum
1154 3685 1337 3801 μέοτωμα,

208 3773 369 3859 ejusdem,
392 3789 483 3865 puto,
506 3780 650 3866 syllabae
675 3808 722 3846 τω
745 3782 907 3849 detectum
930 3785 1139 3864 adnotasset,
1170 3785 1239 3851 nisi
1266 3808 1338 3873 po-

207 3874 271 3942 tius
297 3877 339 3943 ab
366 3878 409 3947 ἑω
437 3906 474 3947 το
497 3882 613 3969 ratpoti
634 3883 855 3970 repetiverunt
876 3896 914 3951 ut
929 3883 1052 3969 μεστός
1071 3887 1154 3954 ΕΜ.
1177 3888 1255 3966 588,
1276 3888 1338 3954 44.

86 4020 89 4028 -
205 3974 273 4061 Huj
277 4000 316 4043 us
338 3980 423 4044 enim
444 3980 533 4045 verbi
555 3980 668 4047 crebra
691 3996 741 4049 ost
758 3988 849 4073 apud
867 3988 1110 4055 Grammaticos
1124 3988 1251 4055 mentio
1269 3988 1342 4054 sed

208 4078 358 4163 probatio
384 4081 473 4145 nulla
496 4103 525 4145 v.
555 4080 679 4149 Techn.
712 4087 785 4154 153.
835 4090 890 4154 Ex
920 4090 986 4156 alio
1012 4092 1213 4176 adjectivo
1202 4116 1239 4157 ιιι
1259 4117 1342 4169 οεις

207 4178 376 4245 terminato
401 4181 593 4247 Eustathius
624 4184 702 4263 839,
729 4188 761 4253 4.
791 4191 951 4275 syllabam
979 4219 1020 4260 κο
1043 4193 1214 4271 effluxisse
1234 4193 1344 4279 fingit

210 4276 353 4343 adhibita
373 4290 486 4368 tropo:
511 4282 678 4372 πιύρεσαα
700 4284 803 4357 οἱονει
795 4288 1033 4363 ιιιύακόεύοα
1052 4296 1140 4361 κατὰ
1156 4320 1342 4388 σογιιοπνν
1392 4302 1393 4373 l
