2825 4809
127 350 179 417 DE
197 346 313 413 ALIIS
336 344 573 415 SYNCOPAE
595 346 862 417 GENERIBUS
884 348 966 416 (3.1.
993 351 1019 437 0.
1033 351 1066 417 4.
1089 349 1165 429 363

88 532 203 619 prolatae
228 524 245 595 ὁ
272 528 334 615 γὰρ
366 530 512 619 ποιητὴς
540 527 623 611 ἔθος
657 528 726 613 ἔχει
756 529 818 609 τὰς
849 530 1032 611 συνθέτους
1056 532 1166 615 λέξεις

86 630 212 710 διαλύειν,
231 620 299 696 οἷον
319 625 801 721 κηρεσσιφορήτουςοδδς
816 635 937 720 κῆρες
957 636 1164 721 φορέουσι

86 730 129 797 καὶ
155 728 272 817 μρηδς
302 727 582 822 πυκιμήδεος,
623 726 695 800 εἶτα
733 731 881 799 διαλύων
914 731 976 821 τὴν
1006 730 1164 802 σύνθεσιν

83 831 210 917 ἐπιφέρει
231 831 383 898 πυκινὰ
410 833 533 921 φρεσὶ
558 826 675 919 μήδε’
706 827 943 920 έχούσηςίΐ)
972 856 1056 921 quae
1081 835 1164 901 loeis

81 931 158 1015 longe
182 930 323 997 diseretis
355 933 509 1019 leguntur
544 934 612 1001 Od.
643 933 670 1000 I.
699 934 773 1000 438.
813 943 847 999 et
871 934 973 1001 XIX.
999 934 1073 1002 353.
1102 957 1164 1002 nee

80 1032 206 1098 credibile
227 1043 444 1122 temporetam,
479 1058 579 1121 quum
607 1036 744 1101 alterum
766 1046 920 1122 poneret,
949 1037 1081 1103 alteriue
1104 1037 1162 1106 he·

80 1134 167 1199 buisse
186 1136 380 1201 memoriam.
423 1138 501 1203 Non
520 1148 629 1203 tamen
655 1138 734 1203 ideo
760 1138 842 1202 illud
863 1160 938 1203 eum
958 1136 1051 1204 πύκα
1073 1160 1163 1204 αοιιι-

79 1236 195 1322 positum
215 1236 368 1318 arbitror,
397 1240 488 1325 quod
510 1238 544 1304 in
573 1240 739 1326 parathesi
762 1239 864 1304 modo
890 1238 1052 1305 invenitur
1071 1234 1163 1305 πύκα

79 1334 194 1426 αοομός
220 1348 253 1403 et
278 1340 333 1405 all.
361 1341 420 1405 sed
449 1362 522 1406 eum
550 1340 698 1407 obsoleto
732 1340 892 1425 adjectivo
921 1335 1028 1418 πυκύς
1052 1339 1165 1405 dorice

78 1436 179 1516 αουιδς
201 1440 304 1521 dieto,
333 1442 385 1507 eui
406 1442 488 1507 illud
515 1442 661 1509 adverbii
680 1444 756 1509 loeo
784 1443 916 1507 affixum
942 1452 1002 1507 eet.
1044 1442 1165 1527 Itaque

77 1546 103 1601 ut
119 1532 360 1626 ύρμαέραυνος,
395 1541 588 1631 φοξίχειλος
619 1566 680 1631 pro
710 1542 817 1609 vocali
840 1544 1021 1609 connexim
1041 1543 1165 1609 habent

76 1638 133 1717 iote,
150 1640 192 1705 ita
213 1640 406 1731 πυκιμήδης
431 1666 492 1731 pro
519 1641 725 1733 πυκομήδης.
759 1639 991 1733 Ἀρρηφύρους
1013 1645 1163 1709 nomine-

77 1748 111 1805 λιι
127 1763 190 1807 esse
209 1742 268 1821 τὰς
290 1744 333 1809 τὰ
358 1739 486 1833 άρρηυα
511 1740 679 1833 φερούσας
699 1745 812 1813 Schol.
834 1748 893 1810 Ar.
915 1745 997 1830 Lye.
1009 1745 1082 1810 648.
1106 1747 1163 1829 (el.

76 1842 213 1929 Aglaoph.
226 1844 316 1928 827.)
341 1854 373 1909 et
390 1840 574 1931 ἀκράχολος
596 1846 661 1911 diei
684 1868 746 1931 pro
768 1839 992 1932 άκρατύχολος
1005 1846 1163 1913 Doederl.

77 1941 161 2009 Glose.
183 1966 216 2031 p.
238 1946 269 2011 3.
281 1946 389 2011 -valde
407 1946 531 2011 ineerta
550 1956 600 2011 est
621 1949 818 2031 conjecture.
849 1945 979 2011 Eodem
994 1946 1069 2012 Ιοεο
1088 1961 1164 2013 eunt

76 2043 149 2109 haee:
174 2046 214 2112 τά
244 2042 398 2133 βράβυλα
431 2050 584 2113 καλεῖται
621 2047 679 2113 καὶ
714 2043 851 2132 μάδρυα
885 2037 958 2113 οἷον
989 2043 1162 2134 μαλόδρυα

75 2146 169 2212 Athen.
190 2148 236 2225 Π,
258 2148 313 2213 50.
334 2150 377 2213 A.
402 2148 481 2215 elibi
502 2148 588 2213 enim
610 2142 770 2232 άμάδρυα
792 2157 962 2225 vocantur,
989 2150 1082 2233 eujus
1102 2171 1162 2213 vo-

76 2248 154 2313 ealem
172 2250 311 2336 primam
331 2250 470 2315 fortasse
492 2249 621 2315 detrivit
646 2249 849 2315 consuetudo
872 2247 1053 2334 populeris.
1073 2256 1162 2315 Χοι-

74 2348 210 2431 polluereris
250 2346 303 2427 εὶς
333 2350 372 2415 αδ
410 2349 490 2472 περὶ
527 2343 764 2439 ὀρθογραφύας
798 2345 964 2433 arirorist)
1003 2348 1092 2436 λέγει
1124 2348 1162 2416 εδ

74 2442 234 2570 δύδιρλος
204 2475 293 2516 ειναι
316 2444 384 2518 ἀπὸ
404 2476 464 2517 σου
490 2444 665 2518 άὶδνόν
630 2476 668 2515 το
694 2457 857 2538 σημαῖνον
881 2449 920 2515 τὸ
943 2446 1164 2535 άφανισυικδν

72 2549 137 2615 rutel
158 2546 326 2639 συγκοπήν
345 2552 425 2617 ΕΜ.
447 2552 509 2628 41,
534 2551 605 2616 40.
631 2551 673 2615 Id
698 2552 754 2615 alii
775 2550 979 2637 probabilius
1001 2550 1043 2615 ab
1065 2545 1165 2652 άὶδής

72 2652 242 2734 productum
258 2676 308 2740 pu
310 2663 387 2718 tant.
421 2652 594 2771 Xe'vapog
616 2651 644 2715 si
666 2674 708 2716 ex
729 2648 943 2740 Χερσόνησος
962 2646 1163 2715 contractum

72 2761 121 2831 eet,
141 2754 216 2819 duae
238 2755 351 2819 literas
372 2754 488 2831 amisit,
513 2752 563 2819 sin
586 2774 626 2817 ex
648 2749 842 2839 Χερόνησος
862 2773 962 2816 unam
982 2762 1107 2817 tantum
1127 2764 1165 2817 ut

71 2856 295 2939 supradictum
317 2865 416 2920 este.
438 2856 501 2922 IV.
526 2857 551 2938 §.
563 2854 594 2917 3.
607 2854 659 2938 ¹⁶)
709 2855 833 2920 Verum
857 2855 980 2918 nullam
1008 2864 1066 2918 aut
1090 2854 1164 2917 infi-

70 2952 151 3019 tiandi
178 2967 233 3021 aut
262 2956 462 3021 defendendi
490 2954 677 3019 iaeultat'em
703 2955 857 3040 relinquit
888 2977 954 3018 vox
980 2954 1167 3038 Aeschylea

72 3054 311 3145 βδελύκτροαος,
342 3058 431 3143 quod
454 3058 522 3123 eive
551 3078 624 3123 cum
645 3053 826 3140 βδελοκυός
847 3056 1056 3120 coniunctum
1082 3055 1164 3119 diei-

70 3178 125 3222 mus
144 3159 207 3225 sive
230 3180 307 3225 oum
331 3154 520 3243 βδελυχρός,
543 3182 612 3223 non
631 3166 697 3221 tum
720 3155 783 3221 hoe
802 3156 985 3220 mirandum
1000 3166 1051 3220 eet
1068 3155 1166 3239 sylla-

70 3256 129 3323 bam
154 3260 314 3345 abjectam
343 3256 415 3325 esse
444 3260 575 3325 finalem
602 3280 699 3343 quem
727 3257 818 3341 quod
847 3280 913 3321 non
942 3267 1012 3321 tota
1039 3256 1166 3341 abjecta

70 3424 379 3437 -Q—-n—-ae

124 3519 163 3584 14)
174 3516 268 3587 Hujus
282 3531 348 3568 usus
367 3512 564 3566 observatione
581 3503 680 3564 nititur
691 3527 788 3564 eorum
807 3506 903 3579 opinio
922 3507 970 3578 qui
994 3510 1169 3578 ταλαπείριος

71 3600 112 3653 00.
128 3603 188 3656 VII.
208 3605 252 3656 25.
271 3597 451 3670 interpretati
474 3603 539 3651 sunt
556 3592 703 3671 πόρρωθεν
722 3588 899 3667 πεπερακιύς·
919 3592 1023 3665 quippe
1042 3591 1169 3663 sequitur

70 3679 304 3755 perterrerentur
318 3690 407 3755 γαίης

124 3772 209 3840 15)1n
224 3768 438 3842 Orthogruphiu
450 3784 542 3839 nuper
553 3765 630 3821 editu
645 3768 701 3821 hoe
712 3783 771 3820 non
783 3762 888 3833 legitur
907 3764 958 3817 sed
977 3760 1069 3817 simile
1086 3759 1168 3831 quid·

71 3854 540 3929 dam17712.etEp1m119‚22

124 3944 163 4011 10)
175 3944 290 3999 Νοιιιοιι
303 3940 448 4015 proprium
468 3938 624 4011 Ἐμααιίων
642 3936 666 3991 ei
683 3935 713 3989 in
728 3927 849 3991 Graecia
861 3931 970 3987 radices
985 3932 1081 3996 habet,
1094 3948 1169 3986 eom·
1242 4004 1246 4008 ἱ

69 4026 172 4094 positum
184 4048 247 4085 esee
261 4030 347 4083 debet
365 4034 396 4081 ut
409 4026 589 4099 Λνιλροιίων
609 4027 774 4095 Δημοτίων,
793 4023 939 4074 Παλατίου
957 4034 983 4069 v.
1002 4015 1089 4069 Proll.
1108 4016 1169 4071 300.

69 4112 119 4167 adn.
137 4114 333 4184 concisumque
351 4131 388 4168 ex
403 4112 604 4185 Ἐμαυτοιίων,
619 4111 696 4181 quod
717 4123 821 4163 nomen
841 4105 871 4159 in
888 4102 991 4156 multoe
1009 4098 1170 4155 mortalium

70 4201 184 4255 convenit
197 4200 363 4273 Solipsirmi,
377 4206 408 4253 ut
422 4214 498 4253 nuno
509 4203 622 4263 vocant,
635 4195 774 4251 cultores·
766 4208 890 4264 ‚graece
903 4191 1033 4260 φίλαυτοι
1044 4193 1073 4241 et
1084 4178 1170 4240 αὐτά-

69 4302 133 4354 yper
144 4286 285 4343 dicuntur.
