2825 4809
220 344 296 413 420
565 337 886 405 DISSERTATIO
913 338 980 403 111.

220 524 296 607 (scr.
320 517 527 606 πανώδυνος)
550 524 633 587 Hes.
658 542 733 587 cum
749 514 999 608 ’ἆλγεοίδωρος,
1028 517 1234 610 βελεηφόρος
1257 547 1327 591 oum

217 618 512 709 βελεσσιχαρήςθ).
555 623 685 689 Eodem
704 623 804 687 modo
826 622 993 687 dilatatum
1015 632 1065 687 est
1081 622 1181 688 Panis
1205 626 1326 712 epithe-

218 734 277 791 ton
299 718 517 812 ἇρνεοθοίνης
538 724 640 791 Anth.
660 724 725 788 nisi
745 745 821 789 cum
842 716 974 810 ἂρνειός
995 723 1157 791 cohaeret.
1201 724 1327 813 Νηλεό-

217 832 330 910 &maog
350 835 384 891 et
404 819 620 914 νηλεόηοινος
640 825 669 889 si
691 848 766 891 oum
781 819 885 921 filli?
905 825 1088 911 composita
1107 838 1200 903 sunt,
1228 828 1328 893 vocali
1392 844 1393 913 l

219 926 400 1004 abundant3
428 949 505 991 nam
533 926 694 1011 adjectiva
718 927 755 991 in
782 950 821 1015 ης
848 927 1003 992 exeuntia
1029 914 1053 992 o
1082 927 1221 1014 simplex
1245 930 1325 993 acci-

218 1030 314 1117 piant
326 1023 567 1117 ἆληθόμαπις,
581 1022 812 1115 ἅκριβολόγος,
831 1021 1068 1114 ἆσελγόνερως,
1081 1021 1325 1114 ἇσθενόρῤιζος,
1392 1048 1393 1073 ¹

218 1124 465 1213 ἐπελόμισθος,
489 1122 712 1215 εὗσεβόφρων,
733 1125 1060 1218 περιφερόγραμμος,
1076 1127 1328 1217 πληροσέληνος,

216 1224 404 1317 ὑγιοποιεῖν
433 1240 495 1295 eto.
529 1230 589 1295 sed
621 1229 702 1295 nihil
736 1230 875 1316 impedit
905 1230 1080 1314 quominus
1111 1252 1186 1295 cum
1217 1224 1330 1316 νηλεής

218 1332 426 1416 conjunctum
448 1341 589 1419 putetur.
632 1331 880 1416 Adjactivorum
909 1334 1072 1397 secundae
1104 1330 1329 1396 declinationis

156 1450 161 1457 ’
217 1454 318 1497 unum
339 1428 477 1517 αἰσχρός
497 1432 655 1498 Manetho
680 1443 795 1517 quater
821 1432 928 1519 epsilo
957 1433 1098 1499 suffirlsit
1118 1428 1329 1515 αἰσχρεοκερ·
1392 1468 1393 1473 1

218 1529 291 1620 δής,
322 1528 584 1618 αἶσχρεόμυθος,
615 1530 879 1621 αἶσχρεορήμων,
911 1530 1177 1623 αἶσχρεόφημος,
1211 1531 1327 1616 quibus
1392 1585 1393 1595 ,

218 1634 359 1700 editores
381 1634 582 1701 substituunt
602 1655 706 1719 aequa
728 1633 843 1720 ignota
863 1632 1033 1722 αἶσχριο-
1049 1636 1102 1700 vel
1121 1634 1212 1719 quod
1232 1633 1327 1717 longe
1392 1644 1393 1647 ’

216 1746 361 1825 praestat
373 1732 547 1817 αἰσχεο-.
567 1735 777 1803 substantiva
794 1737 943 1820 ejusdem
956 1735 1079 1800 ordinis
1097 1736 1321 1821 perlustrantes

216 1839 282 1905 duo
311 1837 585 1924 deprehendimus
608 1837 812 1903 metallorum
841 1836 1069 1923 principalium
1088 1837 1224 1901 nomina
1245 1858 1326 1921 quse
1392 1870 1393 1881 κ

214 1939 249 2005 in
286 1938 433 2025 synthesi
464 1938 557 2005 metri
590 1960 688 2004 causa
721 1938 849 2025 epsilon
882 1938 1047 2003 asciscunt
1077 1934 1328 2022 χαλκεοθώραξ,
1392 1994 1393 2027 3

214 2036 508 2128 χρυσεοσάνδαλος.
552 2042 647 2105 Haec
668 2051 776 2105 tamen
796 2041 1007 2105 Hermannus
1028 2038 1072 2102 ad
1091 2038 1328 2103 Phoenn.222.

216 2165 290 2209 cum
313 2136 470 2223 χάλκεος,
501 2136 638 2227 χρύσεος
665 2142 850 2228 composita
878 2163 951 2207 essa
979 2140 1109 2217 statuit,
1140 2161 1207 2223 quo
1236 2138 1328 2224 pleo-
1392 2142 1393 2149 ’

214 2266 347 2310 nasmus
369 2250 535 2307 amovetur
558 2244 617 2307 sed
644 2242 839 2307 insolentiae
858 2253 938 2308 nota
957 2264 1025 2306 non
1045 2240 1184 2317 tollitur;
1210 2238 1330 2306 Graeci

215 2346 301 2413 euim
326 2342 488 2429 fingendis
523 2342 712 2429 hujusmodi
741 2343 909 2428 adjectivis
942 2342 1146 2408 substantiva
1174 2339 1330 2406 adhibent

214 2442 449 2535 σιδηρόνωιος,
473 2439 691 2523 trescentos,
714 2440 896 2523 ξυλόπους,
925 2439 1160 2532 verziacum,
1186 2441 1328 2529 ἕλεφαν·

213 2543 385 2622 τόκωπος,
408 2540 623 2632 λιθόγληνος,
646 2541 936 2632 πορφυρόκαυλος,
957 2540 1202 2631 aspexeram),
1228 2537 1329 2629 ῥοδό-

212 2670 310 2734 χρους
334 2666 401 2710 non
424 2640 634 2731 ῥοδεόχρους,
664 2647 755 2729 quod
782 2657 882 2732 poeta
909 2645 1102 2711 christianus
1131 2642 1328 2729 importavit,

212 2769 274 2812 neo
294 2736 521 2832 ῥοδινόχρούς,
556 2746 609 2809 cui
631 2746 749 2811 similia
767 2747 925 2812 nonnulla
945 2746 1037 2834 apud
1058 2744 1236 2831 scriptores
1256 2742 1329 2807 vul-

212 2868 308 2935 gares
329 2845 483 2931 leguntur
501 2848 788 2929 βυβλινοπὲδιλος,
812 2845 1066 2934 πιννινότριχος,
1088 2840 1327 2931 κιτρινόχροος,

212 2942 442 3033 κιτρινοειδής,
465 2942 713 3033 πρασινοειδής,
738 2944 1000 3036 κοκκινοβαφής,
1027 2945 1229 3031 antiquiores
1249 2964 1329 3009 vero

213 3071 248 3113 se
271 3046 477 3133 adstringunt
498 3046 665 3129 adjectivis
687 3070 826 3133 quorum
845 3057 961 3112 neutra
987 3047 1189 3113 substantive
1210 3046 1328 3110 dicun-

213 3158 265 3213 tur
284 3158 322 3211 ut
344 3146 383 3213 τὸ
407 3142 512 3234 ἴρινον
538 3148 697 3232 unguenti
726 3171 846 3215 nomen
874 3150 964 3213 unde
983 3148 1187 3213 Philoxenus
1216 3147 1327 3231 dithy-

210 3248 396 3314 ramborum
418 3246 558 3333 scriptor
579 3245 784 3333 ἶρινόμικτος
802 3249 1002 3337 composuit,
1034 3242 1327 3335 ὑακινθινοβαφής

212 3359 244 3415 et
271 3344 500 3435 ὑσγινοβαφής
526 3348 683 3435 Xenoph.
720 3346 934 3439 μηλινοειδής
962 3348 1132 3436 Theophr.
1164 3371 1232 3434 quo
1258 3369 1326 3416 non

281 3618 308 3683 9)
323 3617 380 3671 Pro
393 3610 588 3691 constantim
600 3616 677 3671 Pind.
697 3617 780 3673 metri
799 3635 882 3673 causa
900 3624 1057 3673 correctum
1076 3624 1119 3671 est
1139 3612 1321 3691 θρασυμὴχα-

211 3722 266 3771 νος,
283 3720 335 3773 pro
348 3704 553 3772 γελγεοπωλεῖν
565 3702 632 3758 Hes.
653 3704 853 3775 γελγοπωλεῖν,
873 3721 927 3757 nec
944 3720 1012 3757 sana
1030 3701 1162 3756 videntur
1181 3705 1321 3771 τελέαρχος

209 3796 238 3843 et
250 3791 393 3861 τελεαρχία
412 3790 487 3859 apud
500 3788 643 3856 Plutarch.
663 3788 712 3843 ubi
731 3806 824 3859 neque
838 3782 1030 3861 ταγμᾶταρχος
1043 3787 1220 3857 significatur
1231 3802 1319 3857 neque

210 3871 381 3946 τελωνάρχης
392 3875 442 3926 sed
453 3871 583 3929 viocurns
596 3874 642 3929 vel
660 3873 715 3929 vici
727 3874 868 3944 magister.
892 3870 1138 3943 Νεικεογεννεστής
1150 3872 1197 3927 vel
1208 3880 1240 3925 nt
1249 3872 1317 3923 Kar·

210 3959 316 4014 stenius
336 3957 445 4029 scripsit
460 3955 680 4030 νεικεογεννητής
698 3958 802 4029 legitur
813 3956 842 4013 in
860 3958 986 4013 obscuris
999 3957 1182 4029 Empedoclis
1197 3955 1317 4012 versibus

211 4046 267 4101 135.
285 4046 370 4115 (sss.)

280 4132 324 4199 ld)
338 4130 384 4185 Sic
397 4131 481 4185 etiam
497 4128 588 4184 Latini
602 4128 794 4198 Germanique
812 4132 998 4191 concentus,
1023 4130 1155 4200 aeripes,
1173 4123 1313 4197 poldhaa·

208 4214 267 4283 riq,
286 4215 422 4287 arhufiq.
447 4216 563 4271 Lineam
575 4213 675 4268 transit
685 4207 838 4285 Λαϊνόχειρ
851 4211 1012 4288 σκληρόχειρ
1027 4213 1094 4267 Hes.
