2825 4809
310 318 376 384 nn
399 317 678 388 rnnncrssr.
723 319 763 386 c.
784 320 847 390 rr.
880 323 906 406 t.
930 320 960 387 7.
1122 328 1198 400 sss

76 497 139 568 bus
161 501 284 568 ailitem
308 525 392 569 esses
435 503 506 574 ssu
523 505 645 589 justior
663 515 776 570 tmen
793 505 906 570 mendi
923 505 1070 592 suspicio
1087 507 1116 572 si
1131 506 1202 574 icta

75 601 238 688 reperitur
267 603 303 666 in
333 603 516 688 adjectivis,
547 627 687 690 quorum
713 606 877 692 primiu'va
905 628 947 672 ec
977 617 1109 686 τακτῆς
1141 631 1201 676 cu·

69 702 218 786 jusmodi
251 703 313 770 trio
344 705 499 790 leguntur
529 704 563 770 in
595 707 814 793 Hippocratis
848 707 942 774 libris
974 701 1203 795 ἠλεκτριώόης

73 803 175 888 Epid.
197 803 261 870 IV.
281 804 357 871 535.
384 806 425 872 u.
447 807 513 872 111.
539 807 617 890 (759
632 806 755 892 Lind.)
784 807 828 874 ob
851 809 1010 876 Erotiono
1037 809 1199 886 iturarum

74 899 281 990 ἶκτηριώδης
306 905 350 972 ib.
380 905 454 972 651.
483 916 518 972 ct
542 906 767 994 compluribus
800 908 883 974 locis
917 931 979 996 pru
1010 905 1200 995 ἷκτερῶὄης,

74 1004 167 1086 quod
187 1003 267 1068 alibi
287 1005 407 1091 legitur
427 1029 457 1073 v.
481 1009 525 1072 ad
546 1009 625 1074 Phr.
637 1007 690 1074 80.
712 1009 789 1074 adn
805 1010 1002 1094 tertiumque
1018 1004 1200 1095 ὑδρωπιῶ-

74 1108 134 1188 όης
155 1104 258 1190 Epid.
280 1108 359 1174 VIL
381 1107 455 1176 698.
483 1110 577 1193 eujus
605 1108 710 1175 iscilis
732 1119 783 1175 est
804 1110 1015 1176 commutatio
1035 1109 1072 1174 in
1089 1103 1200 1194 iduor-

73 1207 228 1291 ποτιόης.
284 1207 354 1274 Sed
383 1210 630 1297 τραχηλιώδης,
668 1231 736 1294 quo
767 1211 849 1276 ΕΜ.
881 1211 961 1288 751,
993 1211 1047 1276 36.
1079 1230 1200 1274 nomn

72 1305 275 1393 τελχινώόης
297 1308 458 1395 explicat,
480 1331 548 1374 non
570 1310 659 1375 idem
679 1310 843 1396 significet
862 1322 963 1396 atque
984 1306 1201 1395 muxqioiduc

73 1406 142 1470 sive
159 1406 400 1498 τραχηλοειδής
421 1411 482 1476 sed
500 1421 551 1476 est
572 1431 633 1496 pro
655 1407 865 1499 σκληραύχην
881 1412 1066 1477 cervicosus
1083 1410 1136 1492 (ut
1152 1410 1201 1475 sic

74 1508 199 1592 dicum)
222 1508 377 1594 idemque
399 1511 582 1600 τηαχηλίας
603 1511 669 1576 dici
693 1522 824 1597 poterat
843 1522 882 1578 ut
905 1509 1066 1595 στομίας,
1095 1535 1201 1594 μετω·

72 1605 158 1686 τείας
179 1609 311 1693 alioque
332 1612 466 1676 nomine
489 1612 729 1698 sumptuosum
762 1613 888 1677 Notum
904 1633 982 1676 vero
1001 1621 1052 1676 est
1065 1609 1202 1676 verbum

72 1711 274 1796 τραχηλιηῖν,
303 1733 411 1796 neque
439 1711 583 1778 mirabor
612 1714 639 1778 si
662 1714 737 1798 quis
757 1712 801 1778 ab
823 1713 978 1777 alterutro
999 1712 1117 1778 horum
1139 1712 1199 1776 ad·

67 1810 228 1894 jectivum
257 1811 339 1876 illud
366 1823 495 1898 repetet
523 1823 622 1898 atque
652 1813 713 1879 huc
740 1813 795 1878 vio
822 1814 920 1880 etium
947 1809 1145 1898 ἰκτεριώδης
1165 1823 1201 1878 et

71 1906 304 1998 ὑδρωπιώδης
329 1935 350 1976 e
381 1913 570 2000 suspicione
586 1914 753 1980 ¹vindicet.
805 1915 901 1978 Haeo
935 1922 1012 1977 sunt
1042 1933 1128 1997 quoe
1158 1912 1200 1976 de

71 2012 267 2097 pleonssmo
296 2013 406 2080 dicere
432 2015 543 2082 habui.
598 2017 639 2080 In
668 2014 863 2080 contrarium
894 2025 1021 2100 purten
1048 2007 1199 2079 ahenum

72 2113 237 2196 adjectiva
259 2137 343 2200 quae
363 2116 433 2180 icto
453 2115 624 2201 primitivis
650 2116 785 2182 insitum
810 2125 936 2181 exuunt
956 2126 990 2180 et
1010 2115 1199 2200 deponunt:

70 2212 305 2300 στερεμνώὸης
328 2216 494 2302 Porphyr.
517 2216 558 2281 eb
578 2217 742 2301 adjectivo
762 2239 847 2303 puro
870 2217 1021 2294 ducum
1050 2226 1160 2280 cetero
1180 2237 1200 2278 u

70 2312 303 2380 substantivis:
326 2319 513 2400 σιτατώὸης
533 2318 569 2382 in
585 2318 703 2385 Golsni
716 2319 828 2386 Gloss.
845 2315 992 2406 νττώὸης
1007 2318 1098 2403 opud
1108 2316 1199 2401 Hip·

69 2424 243 2500 pocratem
273 2416 384 2502 ipsum
412 2417 454 2482 de
481 2416 593 2484 Morb.
621 2441 701 2485 socr.
730 2419 772 2485 Τ.
800 2420 829 2483 Ι.
861 2419 936 2484 608.
966 2417 1081 2503 (Lind.
1107 2416 1198 2499 639.)

69 2516 164 2600 quod
191 2538 213 2580 a
237 2515 332 2584 scria
359 2527 499 2582 tructnm
525 2529 575 2584 est
601 2541 668 2586 non
697 2543 717 2584 a
738 2519 903 2605 primitivo
921 2516 1038 2596 νότος,
1067 2528 1101 2582 et
1121 2517 1204 2582 huic

67 2639 130 2702 pur
151 2616 303 2701 ejusdem
331 2619 500 2705 scriptoris
524 2618 758 2706 τενθρηνώδης
780 2641 848 2683 non
870 2639 890 2681 a
911 2615 1075 2704 τενθηήνη
1097 2617 1158 2682 sed
1178 2640 1200 2681 u

67 2728 190 2784 neutro
229 2719 424 2804 τενθρήνιον
457 2721 635 2797 detortum,
673 2720 763 2784 uude
801 2717 923 2784 rectius
952 2714 1199 2804 τινθρηνιώόης

67 2821 232 2886 formatur
257 2828 295 2882 ut
322 2817 364 2883 eb
391 2813 573 2908 ἃνθρήνιω
600 2814 847 2906 ἀνθρητιώόης,
885 2819 1067 2902 eodemque
1104 2817 1199 2883 litera

67 2919 167 2986 facile
202 2919 298 2984 reddi
327 2929 438 3005 potest
473 2920 600 2985 ceteris.
654 2922 779 2988 Verum
805 2921 840 2984 in
870 2919 978 3006 ellipsi
1007 2919 1199 3016 conspirant
1325 2907 1336 2926 ’

69 3021 238 3108 adjectivo
259 3019 379 3105 quibus
399 3042 484 3105 quse
506 3021 693 3107 anteposita
714 3031 792 3086 sunt
812 3021 945 3086 nomine
965 3019 1000 3083 in
1023 3043 1056 3097 ις
1077 3029 1199 3084 exeunt

68 3123 220 3209 genitivo
242 3143 347 3207 puro:
374 3117 586 3209 κισσηρώδης
617 3123 707 3207 quod
735 3121 867 3208 saepius
895 3122 1018 3207 legitur
1036 3143 1104 3186 unu
1124 3141 1198 3186 cum
1237 3191 1243 3197 ,

67 3223 227 3310 syntheto
267 3216 505 3306 κισσηροειὸής
549 3232 582 3288 et
618 3222 720 3288 verbo
759 3227 1024 3310 κισσηροῦσθαι,
1048 3220 1198 3306 -t'risque

69 3325 174 3392 semel
207 3325 340 3390 inventa
367 3321 427 3386 sed
454 3319 545 3386 libris
573 3322 851 3388 concordantibus
883 3317 1061 3409 μαντώόης
1086 3324 1197 3388 Noun.

69 3420 307 3512 παρδαλτόδης
325 3422 449 3488 Athen.
472 3432 505 3488 et
526 3416 660 3510 ἀσώδης
687 3420 705 3490 ὁ
732 3421 895 3511 πηλώδης
923 3422 1027 3507 παρὰ·
1040 3421 1100 3511 τὴν
1121 3418 1199 3488 ἄσιν

69 3527 186 3596 Schol.
215 3524 340 3590 Aesch.
374 3525 492 3612 Suppl.
523 3524 575 3590 31.
601 3524 666 3588 nisi
697 3534 909 3611 prototypon.
927 3523 1001 3588 finit
1020 3517 1087 3608 ἄση
1108 3523 1198 3589 idem

69 3627 273 3714 significans.
317 3625 382 3690 His
402 3647 488 3710 quae
510 3625 655 3690 detrecto
676 3635 727 3690 est
746 3623 871 3690 voculis
893 3622 1019 3688 residet
1037 3622 1073 3687 in
1101 3620 1196 3704 ictui-

69 3732 135 3814 ὁης
159 3739 194 3794 et
214 3721 367 3815 ὀφιώδης
388 3727 456 3792 sive
479 3725 521 3790 ob
544 3725 643 3792 attico
665 3726 811 3812 genitivo
834 3719 1007 3812 ὀφεώόης,
1033 3723 1196 3788 similiter·

69 3851 139 3914 que
164 3826 367 3915 τροφιώδης
387 3849 408 3891 a
436 3827 595 3892 defectivo
627 3831 749 3912 τρόφις
779 3826 884 3912 τρόφι
917 3834 1024 3889 ortum
1056 3824 1195 3898 videtur,

69 3951 142 4016 quo
170 3927 400 4015 praetermisso
432 3928 578 3996 Galenus
610 3927 645 3992 in
677 3927 788 3994 Gloss.
823 3924 866 3989 sd
898 3924 1009 3988 themo
1039 3924 1195 3988 remotius

66 4030 258 4118 regreditur
280 4025 475 4116 τροφιώδης
500 4025 594 4114 παρὰ
625 4027 663 4094 τι)
694 4027 900 4116 τρέφεσθαι·
933 4022 975 4088 ab
1000 4022 1065 4087 hoc
1086 4034 1195 4090 autem

67 4129 202 4220 τροφός
223 4119 393 4196 descendit
415 4137 447 4194 et
469 4128 625 4215 deinceps
646 4125 826 4216 τροφώδης
840 4135 877 4190 ut
891 4121 1100 4212 στροφώδης,
1117 4149 1196 4212 τρο-

66 4230 204 4316 μώὸης,
236 4230 436 4316 occiduus,
466 4227 622 4318 φονώδης
653 4241 714 4296 etc.
766 4231 891 4298 Verum
919 4225 1077 4312 quonium
1097 4226 1198 4296 semel
1274 4233 1283 4246 ‘
