2825 4809
243 354 293 437 ro
337 420 340 427 .
610 348 931 421 omsaammo
952 308 992 415 ι.

244 536 310 629 ἤδη
331 540 406 629 plus
428 534 585 625 ponderis
608 535 708 601 habet
729 558 828 620 quam
849 532 906 623 δή,
935 532 1026 620 quod
1054 530 1223 619 particulis
1246 532 1354 617 exple·

244 642 317 711 dvis
343 642 574 707 adnumeratur
594 638 709 726 Apoll.
735 637 830 723 (1οοί.
852 636 926 703 519.
969 636 1110 721 Dionys.
1130 634 1356 702 (1161616643.

245 742 410 817 Choerob.
443 741 539 811 Orth.
571 742 642 808 197.
687 737 791 823 Ἠμέν
821 748 854 803 et
878 733 939 826 ἠδέ
968 738 1029 803 etsi
1051 736 1187 821 quilibet
1209 736 1359 822 intelligit

245 840 305 915 otu
328 837 413 911 sivos
435 840 661 925 πλεονάζοντα
683 835 754 909 ἀπὸ
778 842 838 906 τοῦ
858 840 920 922 μέν
936 839 992 907 καὶ
1009 840 1054 912 δέ,
1076 850 1183 904 tamen
1203 839 1358 904 admone·

244 966 317 1018 mur
351 944 483 1031 saepius
515 944 596 1009 EM.
628 941 703 1019 466,
736 941 767 1007 5.
799 940 909 1026 Epim.
944 940 972 1006 Ι.
1004 940 1078 1005 284.
1112 939 1224 1007 Sohol
1260 940 1359 1007 Dion.

245 1048 389 1117 Gramm.
411 1045 485 1111 959.
516 1045 573 1133 qui
595 1044 685 1131 quod
706 1042 909 1110 refutationis
932 1064 1032 1107 eausa
1061 1041 1172 1106 subdit
1199 1038 1362 1109 οιίόέποτε

245 1148 371 1233 γίνεται
396 1145 608 1225 πλεονασμὸς
633 1146 755 1231 μοι’ζων
780 1148 841 1233 τῆς
871 1144 1046 1266 δεχομένης
1075 1143 1133 1210 τὸν
1152 1141 1362 1225 πλεονασμὸν

246 1249 376 1329 λε’,ξοιος
397 1248 552 1314 adversus
575 1270 633 1315 eos
658 1247 724 1313 diei
745 1256 856 1333 potest
877 1245 935 1331 qui
956 1239 1093 1333 ἦθοῖος,
1115 1236 1244 1333 ἤειρεν,
1269 1237 1362 1335 ἦείὁρ

247 1360 300 1420 eta
327 1350 566 1437 pleonastloum
594 1347 716 1415 habere
748 1347 1023 1417 crediderunt-
1049 1346 1088 1413 τὸ
1115 1346 1180 1433 γὰρ
1200 1334 1363 1432 ημεῖζίν

248 1449 320 1519 ἔστι
348 1456 407 1537 τῆς
428 1477 459 1519 ιι
488 1447 678 1537 ὁιφθόγγον
699 1450 882 1515 Herodian.
906 1451 948 1515 de
970 1449 1080 1517 Genit.
1108 1470 1222 1533 parag.
1255 1446 1362 1519 Cram.

247 1552 289 1623 Τ.
312 1553 377 1623 ΙΠ.
399 1552 473 1631 234,
494 1552 546 1619 12.
566 1551 771 1641 Aphaeresis
796 1552 946 1639 exempla
966 1552 1057 1617 nulla
1078 1550 1259 1639 proienmt.

711 1854 814 1966 CAP.
836 1856 897 1925 IV.

251 2120 253 2127 ,
352 2028 353 2033 ¹
413 2050 465 2123 De
486 2048 667 2145 prostrasse·
693 2059 730 2121 et
753 2047 944 2145 aphaeresi
967 2048 1091 2119 laterae
1118 2047 1200 2120 r’ota.

334 2270 360 2351 ξ.
384 2267 414 2332 1.
456 2265 512 2333 De
538 2266 599 2331 hac
629 2288 714 2350 quae
743 2265 877 2331 strictim
906 2264 1059 2331 adnotavi
1086 2265 1130 2331 ad
1153 2266 1210 2349 Aj.
1237 2289 1275 2351 p.
1297 2266 1370 2332 313.

248 2390 336 2435 nuno
352 2368 556 2457 explanatius
573 2368 751 2435 edisseram
764 2367 892 2432 initium
908 2390 1038 2435 sumens
1056 2392 1077 2433 a
1091 2368 1224 2436 nomine
1241 2368 1371 2433 divino:

239 2462 319 2537 ’Ἠιι
340 2465 416 2535 κατ’
442 2466 638 2557 ἀφαίρεσιν·
664 2465 884 2554 Ἀρίσταρχος
911 2468 1045 2538 decorians
1071 2466 1140 2538 ἀπὸ
1165 2474 1225 2556 τῆς
1252 2469 1400 2547 ἕσεωςῡ

250 2568 283 2641 οἰ
304 2572 344 2639 δὲ
368 2571 447 2656 περὶ
468 2570 527 2640 τὸν
552 2567 710 2659 Κράτητα
734 2571 845 2655 ψιλοῖς
867 2567 936 2637 ἀπὸ
961 2575 1023 2658 τῆς
1048 2567 1170 2647 ἰάσεως
1193 2571 1311 2638 Schol.
1334 2572 1373 2636 ll.

127 2758 129 2761 Ι
249 2674 329 2742 XV.
356 2672 429 2739 364.
461 2694 491 2737 v.
516 2671 635 2739 Lehrs.
656 2671 759 2737 Arist.
786 2671 859 2737 346.
904 2669 1070 2737 Cratetem
1099 2692 1167 2736 non
1194 2694 1374 2737 moramur.

251 2776 321 2846 Sed
344 2775 386 2841 de
407 2773 598 2841 Aristarcho
621 2795 769 2859 quoque,
798 2773 827 2837 si
847 2773 929 2838 illud
957 2796 976 2837 a
997 2773 1096 2838 verbo
1124 2772 1268 2859 aspirato
1298 2773 1376 2858 ῗρμι

251 2876 429 2945 derivatum
446 2876 581 2963 putavit,
603 2876 696 2939 valde
716 2874 989 2941 oonsiderandum
1011 2886 1123 2941 estne
1145 2886 1240 2940 erret.
1285 2877 1378 2941 Nam

251 2979 279 3046 si
300 2978 376 3045 hino
399 2976 626 3043 denominatus
651 2984 738 3041 esset
759 2975 841 3040 deus
856 2975 1033 3059 jaculator,
1057 2976 1127 3041 sine
1150 2976 1251 3041 dubio
1275 2977 1378 3065 ἥσιος

251 3078 413 3147 dioeretur
433 3089 469 3143 ut
486 3078 573 3157 Ζεὺς
593 3073 731 3163 στήσιος
752 3087 785 3141 et
803 3077 880 3143 θεολ
903 3074 1044 3161 κτήσιοι,
1064 3078 1116 3141 vel
1139 3078 1230 3155 ἕσιος
1250 3089 1290 3143 ut
1310 3081 1378 3147 Ju-

251 3180 337 3266 piter
359 3174 504 3265 ἄφέσιος
526 3188 558 3243 et
577 3178 700 3264 Apollo
725 3174 888 3259 ἐκβάσιος.
922 3168 1022 3253 ’Ἠιος
1043 3177 1154 3263 potius
1177 3180 1224 3244 sio
1247 3180 1381 3265 figura-

251 3289 394 3345 tumest
414 3288 451 3342 ut
473 3276 561 3366 ἰήιος
583 3290 615 3345 et
636 3273 738 3355 εἰλιος,
760 3278 824 3343 hoo
847 3287 898 3341 est
918 3275 965 3342 ab·
980 3278 1205 3362 interjectione
1227 3275 1262 3365 ἤ,
1288 3304 1381 3365 quae

251 3402 320 3451 non
340 3377 503 3443 invenitur
525 3378 657 3462 quidem
677 3379 741 3443 nisi
763 3380 875 3444 addito
897 3380 980 3457 iota,
1010 3381 1070 3445 sed
1098 3381 1196 3445 etiam
1221 3382 1384 3448 breviore

252 3502 334 3547 sono
364 3478 501 3565 exprimi
528 3480 649 3565 potuit,
681 3480 764 3545 siout
790 3490 899 3547 cetera
920 3482 1173 3569 epiphonemata
1196 3486 1288 3551 varie
1318 3511 1382 3551 ex-

253 3589 445 3669 promuntur
465 3600 525 3665 pro
547 3580 665 3645 affeetu
684 3581 886 3667 loquentium
903 3582 965 3662 ἰαί,
987 3582 1037 3663 ἰώ,
1061 3582 1106 3672 ἰή,
1129 3582 1193 3663 ἰού,
1218 3584 1282 3665 ἰεῦ,
1308 3586 1385 3665 ἰαῦ,

256 3678 349 3746 ἰαυοῖ
371 3689 404 3743 et
424 3678 495 3743 sine
516 3680 583 3743 iota
598 3673 640 3759 οἰ,
665 3681 715 3759 αἰ,
738 3677 782 3762 d,
805 3681 837 3751 ἶύ
859 3685 898 3752 τὸ
923 3688 1167 3768 θαυμαστικὸν,
1195 3680 1215 3753 ii
1240 3690 1386 3773 λέγεται

253 3780 311 3846 καί
338 3776 393 3865 ἰηύ
421 3780 531 3865 Epim.
554 3781 600 3853 II.
625 3783 653 3847 1.
684 3783 724 3847 of.
750 3785 868 3852 Lehrs.
894 3787 997 3851 Arist.
1024 3787 1097 3853 339.
1126 3810 1232 3872 eaque
1263 3793 1388 3855 omnia

253 3880 427 3945 thematioa
455 3890 539 3945 sunt‘
559 3891 596 3945 ut
624 3878 767 3953 ἂτταταί
794 3898 828 3953 et
857 3884 1030 3964 ἰατταταῖ,
1062 3886 1162 3971 αἰβοῖ
1190 3900 1223 3954 et
1255 3888 1386 3976 ἰαιβοῖ.

254 3980 370 4067 Itaque
392 3981 582 4067 Tryphonis
609 3987 787 4053 sententiae
813 3986 852 4055 ἰώ
876 4012 917 4055 ex
939 3982 967 4055 οἰ
985 3989 1107 4054 factum
1129 4012 1202 4056 esse
1219 3993 1298 4076 jure
1321 4018 1388 4060 re-

254 4090 380 4169 pugnat
367 4082 627 4147 tHerodianus.
657 4085 944 4165 σχετλιαστικὸν’
925 4117 963 4155 ον
988 4085 1046 4173 οἰχ
1069 4086 1262 4161 νποιτίπτει
1296 4094 1391 4162 οἰνα-

255 4182 351 4271 λογίρ
370 4182 450 4249 ΕΜ.
462 4182 536 4259 481,
551 4184 601 4247 11.
645 4184 717 4253 Neo
734 4190 870 4259 dubium
888 4190 1044 4257 habemus
1062 4192 1142 4277 quin
1155 4188 1394 4316 ἰαλεριίστρια

256 4290 286 4347 et
315 4276 511 4375 ἤλιριίστρια
540 4284 641 4356 Proll
667 4287 739 4357 158.
767 4294 808 4363 ab
838 4295 952 4365 eadem
978 4293 1203 4381 interjectione
1231 4290 1268 4386 ἰή
1297 4306 1332 4361 et
1366 4292 1394 4388 ἤ
