2825 4809
204 350 211 361 '
246 350 321 425 ³88
535 346 856 418 DISSERTATIO
878 350 926 417 IL
969 350 1010 416 P.
1030 350 1077 417 II.

246 530 371 618 syllaba
396 540 454 597 aut
474 540 593 599 natura
613 530 714 621 longa
735 558 810 601 esse
829 546 888 601 aut
913 535 1078 622 positione
1104 547 1219 623 praetor
1236 538 1279 619 δίς
1294 555 1319 609 et

246 631 329 719 τρίς,
352 634 435 699 lraeo
454 644 565 701 autem
594 658 662 701 non
685 636 829 701 nativam
853 637 999 725 speeiem
1022 635 1140 703 habere
1167 641 1220 705 sed
1242 641 1318 708 inter-

246 736 390 823 polatam
418 758 460 802 ex
489 731 607 815 δυάκις
634 748 667 803 et
691 732 841 823 τριάκις,
872 738 965 824 quod
990 738 1086 803 iterat
1103 740 1203 827 Epim.
1222 741 1246 805 Ι.
1264 743 1319 809 tlt.

245 838 407 905 Neutrum
439 835 538 902 hodie
571 836 693 923 legitur
727 848 857 925 praeter
885 840 1092 925 Hesyebium
1116 835 1241 927 Τριάκις
1266 837 1322 909 inl

245 944 307 1006 τοῦ
327 935 400 1024 τρίς
421 933 594 1017 Λάκωνες,
618 940 675 1024 qui
695 940 757 1005 hao
778 940 813 1004 in
833 963 869 1005 re
892 941 1078 1028 exemplum
1099 950 1263 1007 oeterorum
1278 945 1320 1008 ad-

245 1039 430 1107 verbiorum
451 1040 664 1107 numeralium
686 1042 818 1128 sequuti
835 1042 1003 1119 videntum
1029 1041 1106 1107 hino
1126 1041 1250 1109 fortasse
1264 1046 1322 1109 Ari·

246 1142 424 1229 stophanes
446 1143 616 1230 adoptavit
635 1138 765 1230 τριάκις
782 1166 883 1230 quum
903 1142 1096 1230 peregrinos
1117 1143 1270 1229 loquentes
1285 1146 1321 1210 in·
1379 1185 1381 1208 ι

246 1244 441 1312 trodueeret.
485 1245 617 1312 Etenim
641 1244 725 1309 ratio
752 1245 809 1309 ilh
835 1268 856 1310 a
880 1244 1038 1311 brevitate
1063 1246 1324 1331 monosyllaborun
1379 1271 1380 1312 ι

245 1347 385 1434 repetita
404 1346 583 1413 infirmatur
606 1347 760 1431 eoquod
780 1346 816 1411 in
842 1346 1005 1413 adverbiis
1032 1348 1135 1414 multa
1157 1335 1324 1435 reperiuntur
1379 1376 1381 1412 ε

245 1448 424 1534 singularia
442 1448 509 1513 sive
531 1448 705 1513 monadica
725 1447 815 1514 velut
836 1449 951 1536 δεῦρο,
979 1447 1074 1537 πρίν,
1096 1445 1218 1535 νύκτυιρ
1238 1460 1265 1514 et
1280 1450 1325 1514 elia
1379 1475 1381 1495 ι

246 1549 289 1617 ob
312 1550 408 1615 aliam
430 1572 562 1616 oausam
583 1551 772 1636 emigrata,
795 1550 915 1635 quibas
936 1552 1026 1617 nulla
1044 1552 1193 1617 medetur
1210 1551 1323 1627 affatim
1379 1580 1381 1597 =

246 1663 279 1721 et
299 1676 379 1741 prae
402 1652 518 1719 ceteris
539 1651 719 1718 numeralia
740 1652 873 1738 saepius
897 1675 918 1717 a
943 1654 1110 1719 communi
1131 1652 1268 1738 analogia
1284 1652 1324 1715 de·
1368 1681 1380 1733 j

246 1753 399 1823 sciscunt.
442 1754 544 1820 Haud
567 1753 695 1841 planior
717 1764 768 1818 est
787 1754 841 1818 via
863 1776 961 1839 quam
984 1757 1132 1821 Zonaras
1154 1778 1187 1842 p.
1197 1753 1260 1819 556.
1275 1763 1322 1817 tro·
1379 1786 1381 1814 ε

246 1857 294 1923 dit
315 1855 356 1921 ab
374 1855 569 1921 Herodiano
592 1855 706 1919 initam
729 1877 819 1920 esse:
842 1854 896 1934 δίς
911 1855 972 1921 καὶ
987 1853 1060 1942 τρίς
1077 1850 1149 1923 άιιὸ
1167 1860 1222 1922 τού
1239 1848 1327 1929 ύυάιις
1379 1887 1381 1922 ε

245 1956 305 2025 καὶ
325 1956 471 2045 τριάκις·
502 1955 561 2023 καὶ
581 1956 716 2042 λέγουσι’
735 1981 822 2034 τινες
848 1953 910 2023 δύο
939 1958 1115 2041 συλλαβῶν
1135 1955 1254 2041 ἒγὲνοτυ
1271 1976 1327 2039 τη·
1379 2019 1381 2024 .

244 2054 350 2147 κοιτή·
381 2056 440 2125 καὶ
464 2061 540 2134 πῶς
570 2052 710 2125 ύύιαιαι
731 2056 954 2142 τρισύλλαβος
980 2054 1041 2125 δύο
1069 2054 1273 2141 συλλαβάς
1259 2078 1328 2121 rats·
1379 2091 1380 2096 ι

244 2158 395 2247 κόφθυις
429 2156 516 2245 πρὸς
547 2157 693 2241 τούτοῧ)
727 2154 913 2279 λὲγρμεν”
892 2182 947 2225 ott
974 2152 1048 2226 άπὸ
1076 2162 1138 2226 τοῦ
1163 2152 1271 2232 δυάκις
1289 2152 1330 2218 ιιιί
1379 2227 1380 2230 3

244 2253 376 2379 τριάκις
397 2250 480 2345 ἆρον
502 2258 539 2326 τὸ
563 2287 587 2326 ο
609 2257 724 2325 καὶκ·
747 2257 914 2325 καὶκατὰ
938 2257 1107 2351 συνίζησιν
1122 2256 1176 2336 δίς
1200 2252 1330 2342 καὶτρις·

244 2354 350 2437 υύτιος
373 2354 590 2446 Ηριοδιανός.
632 2360 699 2427 Hic
728 2360 829 2447 igitur
863 2360 932 2425 sive
958 2383 1054 2425 verus
1084 2360 1155 2425 sive
1180 2355 1331 2425 subditivus
1379 2397 1381 2431 5

244 2460 454 2525 Herodianus
475 2484 542 2526 non
564 2462 645 2527 duas
667 2461 809 2547 syllabas
831 2463 957 2527 demtos
979 2484 1052 2527 esse
1083 2462 1165 2528 dioit
1192 2462 1249 2527 sed
1271 2459 1332 2523 duas
1379 2501 1381 2536 :

243 2560 353 2629 literas
377 2552 404 2631 ἆ
424 2574 457 2629 et
481 2550 520 2644 ἧ
532 2586 598 2650 quo
618 2564 705 2631 facto
727 2564 956 2649 relinquuntur
975 2562 1139 2649 bisyllaba
1161 2584 1297 2647 τρι-ις
1311 2566 1334 2622 et
1379 2605 1381 2607 ψ

244 2670 336 2735 dv-
349 2692 380 2745 ις
402 2666 469 2733 sive
490 2666 599 2753 ypsilo
621 2667 657 2731 in
676 2666 746 2733 iota
765 2675 890 2731 mutato
913 2666 1054 2743 δι-ις,
1099 2662 1272 2747 Quomodo
1291 2682 1333 2723 au·
1379 2703 1381 2708 -

244 2779 310 2837 tem
331 2768 406 2837 hino
429 2769 472 2833 ad
494 2767 721 2854 monosyllaba
741 2767 797 2832 illa
818 2767 1018 2853 pervenerit,
1038 2789 1106 2831 non
1129 2765 1263 2855 perinde
1278 2782 1335 2849 per·

244 2871 411 2959 spicimus.
455 2869 607 2955 Synizesi
634 2870 735 2947 enim,
764 2891 850 2953 quae
875 2869 1009 2955 proprie
1039 2869 1086 2933 ita
1114 2869 1248 2945 dieitur,
1275 2862 1335 2928 sori·

243 2983 339 3061 ptura
367 2973 443 3060 ipsa
467 2983 649 3059 repugnat,
682 2970 849 3055 synaeresi
878 2970 1020 3036 brevitas
1048 2968 1208 3055 syllabae.
1257 2963 1337 3030 Haud

243 3077 349 3143 minus
371 3075 514 3161 argutari
537 3073 665 3139 videtur
686 3094 789 3157 quum
808 3071 1042 3137 vocabulorum
1061 3072 1195 3138 fictores
1215 3070 1249 3134 in
1267 3089 1336 3133 oom-

244 3177 399 3264 ponendo
423 3175 552 3243 duobus
573 3174 789 3240 numeralium
811 3172 988 3259 generibus
1018 3195 1099 3239 usos
1132 3196 1207 3239 esse
1235 3168 1339 3242 smtuitt
1379 3213 1381 3220 >

243 3302 319 3345 nem
338 3279 372 3343 in
394 3280 474 3345 EM.
497 3278 578 3356 346,
606 3278 659 3343 30.
681 3275 844 3360 adjectiva
865 3274 1017 3363 δίμηνος,
1051 3274 1214 3361 τρίμηνος
1238 3296 1298 3337 non
1312 3278 1338 3333 ut

242 3372 390 3449 nonnulli
413 3403 487 3445 oum
508 3375 642 3457 δυάκις,
667 3374 799 3461 τριάκις
827 3386 981 3443 contexta
1004 3398 1078 3442 esse
1106 3376 1278 3443 arbitratur
1296 3369 1341 3436 sed
1379 3369 1381 3472 3

243 3478 395 3553 ἀπὸτοῦ
417 3476 492 3559 δύο,
522 3479 600 3564 τρία
625 3502 656 3544 v.
678 3479 770 3545 Diss.
792 3479 840 3543 Π.
860 3480 939 3545 ικΙ.
968 3482 994 3563 ξ.
1016 3480 1048 3543 2.
1081 3500 1169 3564 quae
1197 3499 1271 3543 vero
1292 3474 1338 3537 hos

242 3608 394 3653 numeros
413 3584 583 3661 excedant,
607 3604 682 3647 oum
699 3579 879 3645 adverbiis.
901 3577 944 3645 τά
966 3575 1016 3656 εἰς
1038 3606 1070 3659 ις
1093 3572 1328 3668 ἐπιρρήματα
1315 3599 1341 3639 ιν

242 3713 282 3777 τῃ
269 3686 479 3757 συνθέσει
486 3679 733 3768 ἀποβάλλει
697 3708 736 3750 το
758 3709 812 3761 κις
830 3677 980 3759 ἑπτάκις,
1005 3676 1212 3769 ἑπτάμηνος·
1235 3672 1272 3746 ού
1290 3674 1339 3761 γάρ
1379 3696 1381 3764 3

242 3783 313 3857 titud
333 3813 392 3855 τοο
416 3782 520 3853 ἑπτά·
543 3780 630 3853 ούτιυ
649 3808 706 3849 και
717 3807 930 3871 τετραμηνος
955 3776 1137 3869 ἑξάμηνος·
1151 3773 1342 3867 Ἡρωδιανὸς
1379 3801 1381 3862 3

242 3887 323 3978 περὶ
349 3892 484 3953 παθῶν.
532 3885 611 3951 Duo
636 3884 691 3949 illa
719 3907 828 3969 neque
856 3906 931 3950 oum
960 3881 1013 3960 δίς
1041 3894 1074 3947 et
1104 3881 1176 3969 τρίς
1206 3878 1340 3967 copulatu
1379 3869 1381 4000 3

243 4013 315 4058 esse
337 3989 422 4066 vult,
445 3986 523 4072 quia
545 3984 655 4051 haee
647 4008 730 4073 ιρις,
752 3996 789 4051 ut
810 3987 992 4051 Zonarast
979 3993 1131 4061 t‚estatur
1163 4006 1185 4049 a
1211 3991 1295 4048 reeta
1319 3973 1381 4041 et·

242 4092 377 4181 propria
411 4088 521 4175 speeie
557 4086 739 4152 abalienata
773 4088 932 4166 eredidit,
973 4109 1081 4172 neque
1116 4108 1192 4151 eum
1224 4079 1380 4168 integris
1379 4009 1381 4138 l

312 4262 339 4330 t)
354 4260 402 4316 Sio
413 4258 515 4311 vel›
478 4254 546 4329 πρὸς
557 4252 668 4317 τούτους
684 4254 863 4309 scribendum
880 4269 933 4326 pr'o
952 4272 987 4309 eo
1005 4256 1082 4325 quod
1095 4254 1152 4309 edit
1141 4262 1202 4308 tum
1222 4259 1264 4307 est
1280 4251 1344 4303 ἔκιε·
1379 4195 1381 4354 3

243 4342 348 4416 κύφθκι
361 4342 415 4414 πρὸ
428 4340 540 4407 τούτου,Ι
