2825 4809
160 318 213 384 ΒΕ
230 311 490 380 PROSTHESI
509 311 572 378 ET
594 311 861 380 APHAERESI.
895 312 1030 382 0.v11.
1083 318 1157 394 137

85 502 159 568 dibus
176 499 260 564 etiam
280 494 422 584 ἓστηκῦα
443 506 477 562 et
497 495 614 562 similia
632 519 663 562 v.
673 495 815 562 Franck.
835 496 878 560 ad
894 497 1157 566 Inscr.Richtcri

85 628 109 689 p.
124 601 183 667 997.
205 600 372 685 ipsumque
396 595 457 675 ὑός
482 597 518 662 in
545 595 739 684 epigraphis
768 607 819 662 sat
846 598 987 684 antiquis
1013 622 1045 666 v.
1065 601 1155 668 Keil.

85 707 146 770 loci
159 705 259 784 sooch
279 702 400 768 lotchr.
422 722 456 786 p.
469 698 520 764 18.
543 698 603 764 sed
624 709 662 762 ut
683 697 765 766 hoec
787 699 948 785 scripture
969 702 1004 766 in
1023 703 1155 769 Attico-

83 827 134 868 mm
144 801 231 866 libros
245 801 419 888 recipiatur
433 799 675 885 necquidquam
690 801 861 867 contendit
870 801 1004 870 Giesius
1015 804 1058 869 de
1067 805 1156 871 Dial.

82 904 151 968 Aeol
168 925 238 989 pag.
257 903 299 968 27
321 925 371 987 sq.
393 902 516 968 nedum
535 911 573 966 ut
594 901 746 968 Nuuclrio
770 913 883 970 nostro
906 905 1099 971 accedamus
1122 906 1158 972 in

81 1003 215 1090 Aristoph.
235 1026 269 1090 p.
288 1003 342 1069 59.
365 1004 409 1068 ad
433 1027 467 1068 n.
487 1003 520 1068 2.
543 1002 745 1070 homericum
770 1001 843 1083 vids
869 1005 904 1070 in
926 1002 987 1084 ὑός
1007 1007 1156 1074 vertenti.

80 1105 118 1169 lle
133 1115 225 1189 etymo
244 1127 312 1171 non
330 1127 482 1192 repugno
502 1114 536 1169 et
555 1103 597 1170 ab
619 1106 737 1171 eodem
753 1103 829 1191 φύω
851 1129 972 1172 nomen
991 1104 1055 1194 ὕλη
1076 1129 1156 1194 pro·

80 1216 201 1291 pigitum
215 1229 287 1272 esse
302 1208 427 1271 dudum
444 1206 596 1272 consensi
611 1205 738 1272 Techn.
750 1206 823 1272 275.
856 1209 910 1274 Ex
922 1206 1037 1274 Photii
1048 1209 1157 1276 verbis

80 1303 166 1390 ῥάχους
185 1305 241 1385 τὰς
266 1300 479 1385 ἀκανθώδεις
504 1306 563 1374 καὶ
584 1304 741 1405 τραχιίοις
763 1303 909 1394 ῥάβδους
936 1308 1070 1394 colligat
1096 1311 1156 1376 ali-

79 1405 129 1488 quis
145 1429 210 1472 cum
225 1407 288 1472 huc
308 1407 483 1473 inclinasse
503 1417 542 1473 ut
560 1407 688 1473 literam
708 1433 728 1474 c
749 1407 911 1474 excidisse
930 1420 1074 1496 putaret,
1097 1411 1158 1476 sed

79 1507 142 1589 quod
159 1508 243 1572 addit
264 1508 468 1595 Sophoclem
488 1508 535 1575 ita
556 1508 679 1574 dixisse
701 1509 780 1586 τοὺς
801 1507 977 1596 φραγμούς
1002 1511 1047 1576 ad
1067 1511 1158 1578 aliud

78 1607 153 1672 tendit
165 1619 292 1694 etymon
311 1633 332 1674 a
347 1609 459 1678 Schol.
470 1609 545 1675 Nic.
557 1608 631 1674 868.
642 1609 821 1674 indicatum
836 1609 936 1697 ῥῆχος
953 1606 972 1677 ὁ
990 1611 1156 1700 φραγμός,

78 1710 138 1773 mdc
151 1711 354 1797 consequitur
370 1715 468 1798 ῥᾶχοι
488 1710 621 1797 proprie
643 1710 828 1795 significare
845 1721 954 1778 sentes
972 1735 1158 1800 vepresque

78 1810 163 1893 quibus
189 1834 284 1900 sepes
314 1822 533 1880 contexuntur
554 1819 588 1876 et
608 1809 773 1899 φράσσειν
798 1811 907 1878 locum
927 1814 1084 1899 vepribus
1104 1817 1158 1882 vel

56 1912 167 1994 ,pariete
195 1915 327 1981 craticio
360 1913 486 2001 sepire,
517 1922 691 1997 utrumque
724 1921 834 1978 autem
863 1935 917 2000 ap.
947 1915 1158 1983 Herodotum
1246 1947 1249 1954 ⁴

77 2023 144 2099 tropo
167 2016 385 2102 etymologico
408 2017 560 2100 junctum
590 2035 662 2078 esse
691 2015 780 2100 ῥηχῷ
806 2016 1025 2100 commixtos,
1054 2027 1088 2082 et
1115 2039 1158 2083 ex
1232 2001 1236 2014 ⁸

80 2117 226 2199 synonymis
250 2116 473 2205 compositum
496 2110 714 2198 Κλαδάραχοι
741 2112 809 2177 sive
836 2110 1043 2200 κλαδόραχοι
1068 2140 1158 2206 φρα-

77 2213 133 2296 pot
145 2217 216 2283 Hes.
240 2257 285 2266 —
320 2217 525 2284 Adverbium
542 2210 643 2298 Ὑράξ
661 2209 782 2301 μίγδην
802 2215 894 2279 Hes«
910 2225 997 2282 certe
1019 2239 1040 2283 c
1060 2215 1156 2308 φύρω

76 2315 324 2384 ι.Ριιι11.77.-
351 2314 536 2386 odoratos
555 2314 767 2382 Grammatioi
788 2314 831 2380 ab
852 2311 957 2394 ἀσκός
978 2316 1158 2386 derivatum

75 2419 427 2498 putcntProll.134.--
453 2417 557 2500 Quod
578 2414 749 2502 Josephus
774 2416 810 2480 in
834 2416 979 2504 Synops.
998 2417 1071 2484 566.
1094 2441 1157 2507 pro

75 2520 189 2604 exemplo
208 2520 402 2608 aphaeresis
423 2516 582 2606 proponit
601 2512 753 2606 φθισάνη
773 2513 914 2604 erasm,
937 2539 976 2583 ea
996 2541 1086 2585 merc
1108 2533 1158 2590 est

73 2616 218 2700 lubsries3
246 2627 390 2690 tisorrom
417 2620 594 2707 scriptores
617 2613 755 2684 infimae
769 2618 885 2684 aetatis
912 2619 973 2707 τὴν
993 2620 1158 2710 πτισάνην

73 2732 159 2785 rocam
175 2733 211 2786 ut
230 2728 311 2790 ticio
328 2723 389 2812 τὴν
411 2717 543 2810 φθίσιν.
585 2719 642 2784 De
663 2718 833 2804 adjectivis
852 2715 958 2807 φοξός
979 2730 1012 2785 et
1032 2719 1159 2809 φολκός

73 2820 172 2906 siquid
192 2824 370 2890 dicendum
392 2831 460 2900 est,
487 2819 570 2886 nihil
589 2820 658 2886 veri
679 2819 815 2886 similius
836 2820 965 2907 reperio
989 2845 1087 2908 quam
1108 2823 1158 2888 al-

73 2929 148 2988 hum
162 2930 232 2989 omri
250 2921 333 3005 ὀξύς
353 2935 391 2989 ut
410 2925 445 2988 in
465 2921 554 2990 (iud.
568 2921 643 3000 556,
659 2922 713 2986 42.
737 2922 855 2987 dicitur
876 2933 1053 3008 cognatum
1074 2945 1158 3002 esse,

72 3022 176 3089 alterum
202 3049 278 3091 cum
309 3021 407 3102 ὁλκός
435 3046 474 3090 ac
501 3024 636 3111 proprie
667 3022 851 3108 significare
880 3046 955 3087 eum
984 3023 1042 3108 qui
1063 3026 1158 3106 pedes

72 3128 144 3192 toltit
161 3127 248 3211 quod
271 3127 316 3192 de
337 3125 521 3192 eholiambo
545 3123 625 3190 dicit
647 3122 789 3207 Ovidius
809 3123 904 3188 Rem.
925 3124 1003 3188 Am.
1026 3121 1101 3188 379.
1122 3133 1160 3189 ut

71 3223 238 3294 Philoctetes
267 3225 429 3313 δύστηνον
456 3222 598 3304 ἐξέλκων
618 3221 713 3291 πόδα
742 3222 848 3310 Soph.
869 3222 934 3288 Bh.
953 3223 1027 3289 291.
1051 3225 1089 3289 id
1109 3234 1174 3307 est¹

72 3324 237 3407 claudicans,
256 3327 343 3393 alius
361 3326 435 3411 quis
452 3325 571 3390 dicitur
588 3322 762 3410 ἐπισύρειν
778 3325 824 3392 ccl
843 3323 932 3392 πόδε
947 3324 1051 3411 Diog.
1062 3325 1091 3391 1.
1106 3326 1158 3397 81.

70 3436 211 3514 tuumque
231 3440 345 3495 autem
364 3425 430 3492 hoc
448 3425 548 3493 modo
571 3426 702 3492 differre
724 3427 815 3510 quod
837 3422 936 3504 ὁλκός
957 3426 1160 3492 indefinitam

71 3523 144 3593 hbet
163 3530 316 3596 trahendi
335 3527 623 3613 significationem,
646 3523 773 3616 φολκός
791 3537 917 3604 autem,
940 3537 1097 3612 quantum
1118 3549 1161 3594 ex

70 3628 143 3694 unico
167 3632 222 3697 illo
247 3629 390 3696 Homeri
417 3628 491 3695 loco
519 3628 631 3713 colligi
660 3637 787 3714 potest,
818 3627 861 3692 de
888 3627 1030 3714 pedibus
1058 3628 1159 3696 modo

72 3725 162 3796 dicitur
173 3734 236 3816 ⁸⁰).
282 3732 378 3798 Idem
393 3725 543 3810 ιι1ιόξι7ς,
562 3729 653 3816 quod
670 3729 780 3794 multis
796 3727 895 3794 rebus
912 3751 1082 3797 commune
1099 3741 1159 3810 est,

72 3826 155 3896 differt
172 3832 293 3922 φοξός,
321 3832 386 3898 hoc
407 3841 458 3897 est
477 3826 698 3918 ὀξυκάρηνος·
723 3840 757 3895 et
783 3830 831 3896 sic
859 3831 991 3918 saepius
1015 3832 1160 3898 vocabu·

71 3925 151 3997 lorum
173 3934 410 4021 pn’mitivorum
431 3940 611 4019 potestates
639 3952 707 3997 non
732 3933 971 4020 compositione
999 3935 1106 4001 solum
1128 3941 1162 3999 et

122 4169 161 4236 oo)
171 4169 353 4226 Doederlein.
364 4169 471 4240 Synon.
480 4167 514 4222 Τ.
522 4167 572 4222 vl.
583 4169 640 4222 119.
652 4167 763 4222 confert
775 4166 892 4223 latinum
900 4167 1001 4240 falco,-
1013 4165 1053 4221 sic
1065 4171 1161 4221 autom
1218 4191 1220 4198 ·

73 4246 192 4310 dicebatur
206 4254 256 4326 qui
273 4258 375 4328 pedem
390 4253 530 4310 introrsus
547 4260 692 4337 comatum
708 4254 805 4310 hebet.
