2825 4809
155 288 160 310 '
234 336 321 415 m
466 343 488 394 x
602 327 925 432 urssuu‘rarro
956 331 986 397 1.

236 538 273 584 se
304 510 517 599 cognoscitur.
543 512 603 577 sed
625 535 654 589 ,e
687 513 865 599 paragogis
895 510 1033 599 λοίσαρνς
1064 515 1131 581 aive
1152 512 1321 607 λάσταυρος,
1378 565 1379 588 ί

235 610 418 703 tetmaris
444 614 635 699 (leccator),
661 614 802 684 Λοίοοαι
833 611 977 706 πόρναι.
1005 616 1148 704 Auia-lp
1175 614 1322 703 ἀκολασία,
1378 645 1379 656 ’

233 714 452 787 Λασθαίναον
474 709 744 792 ἀκολασταίνειν,
773 729 807 781 ot
832 715 1017 793 Λανόπαιο
1040 716 1185 799 βούπαις
1207 719 1323 790 fortasse
1378 689 1379 752 l

233 842 302 888 non
326 816 463 905 proprio
479 814 584 901 μέγαν
604 817 716 886 παῖδα
745 815 908 902 significat
926 817 991 887 scd
1009 818 1179 885 exoletum.
1216 823 1324 890 Horum

233 922 334 1009 igitur
365 918 511 988 omnium
541 926 666 983 stamen
699 938 772 983 esse
803 918 931 984 videbar
963 918 1090 1001 syllaba
1119 921 1159 987 λᾰ
1188 922 1248 987 sive
1270 926 1323 1005 ίαί,
1378 992 1379 1017 ¹

232 1044 335 1109 quam
361 1028 513 1107 separate
542 1017 661 1083 dictam
689 1040 764 1084 esse
790 1017 1029 1103 consequitur
1058 1042 1099 1085 ex
1117 1021 1172 1085 illa
1189 1023 1325 1109 Hesychii
1378 1027 1379 1061 l

234 1126 362 1213 glossa3
391 1144 468 1189 nam
494 1116 582 1186 idem'
612 1119 705 1183 affert
723 1112 802 1204 ’Ἀρι
827 1120 906 1205 (boc
927 1127 1079 1202 accentu)
1097 1116 1326 1214 psydlocsslp‘s
1379 1177 1380 1188 .

232 1226 319 1312 μέγα
341 1220 485 1305 ἰσχυρόν,
507 1218 578 1301 Δίς
599 1224 712 1298 κακῶς
732 1220 913 1309 ἐπίῤῥημα,
936 1221 989 1287 Ζά
1001 1222 1100 1307 μέγα.
1140 1223 1229 1303 Illam
1247 1226 1326 1312 alpba

230 1328 369 1411 longum
388 1322 510 1389 habere
530 1322 741 1407 cognoscitur
762 1345 805 1388 ex
823 1321 1070 1408 Aristophaneo
1096 1324 1324 1412 λακαταπύγων,

231 1448 337 1513 eaque
353 1446 390 1494 rc
401 1424 509 1491 differt
523 1447 544 1488 a
555 1420 598 1489 λα’
615 1423 781 1508 epitafium
792 1424 885 1507 quod
899 1423 934 1489 in
947 1422 1071 1489 scholis
1084 1424 1221 1491 breviter
1230 1430 1323 1513 appel-

230 1530 334 1598 latum
348 1546 422 1594 case
432 1548 501 1593 non
515 1525 621 1591 solum
635 1525 690 1589 illa
699 1525 867 1592 declarant
879 1525 1070 1591 nominuum
1079 1524 1204 1609 λάγνος,
1216 1526 1324 1613 λάβρος,

233 1627 351 1706 λάσιος
377 1626 557 1714 veriloquia
585 1625 866 1711 importunissima
889 1626 950 1690 sed
978 1626 1076 1691 etiam
1103 1628 1183 1693 EM
1203 1628 1268 1705 809,
1282 1630 1322 1693 26.

232 1731 342 1817 Epim.
364 1728 393 1795 1.
416 1728 490 1793 437.
512 1731 582 1795 πᾶν
603 1723 774 1814 &cippario
795 1724 1049 1809 μονοσύλλαβον
1069 1722 1147 1792 κατ’
1177 1724 1259 1795 ίδίαν
1280 1735 1322 1814 ῥ-

170 1870 184 1885 -
232 1832 290 1899 τὸν
308 1829 637 1925 μακροκαταληαιεῖ·
663 1822 737 1893 κατ’
763 1822 854 1893 ἰδίαν
869 1826 970 1914 ῥητὸν
986 1818 1063 1892 εἶπε
1082 1826 1141 1895 διὰ
1161 1828 1196 1893 td
1214 1816 1325 1896 l—os'ar·

232 1930 368 1999 τατικίνν
397 1927 456 1995 καί
486 1928 522 1995 τὰ
551 1954 573 1994 α
605 1928 674 1993 scil.
706 1924 909 2011 στερητικόν,
939 1950 1016 1991 nam
1032 1927 1172 2013 longum
1194 1939 1241 1994 est
1258 1924 1276 1995 d
1296 1929 1325 1996 ui

233 2024 482 2115 οχοαλιαααικόν
508 2029 594 2095 sicut
620 2029 683 2097 alia
710 2027 964 2114 epiphonemata
986 2032 1032 2111 βα
1050 2028 1090 2095 τὸ
1113 2026 1263 2118 ε”κπληξιν
1282 2032 1326 2114 δη-

231 2136 310 2209 λοῦν
328 2132 453 2209 Jcann.
477 2130 519 2194 de
542 2130 628 2195 Tou.
650 2154 684 2217 p.
707 2130 760 2193 31.
783 2129 871 2193 unde
893 2128 999 2211 βαβαί
1021 2128 1191 2217 ἕπίῤῥημα
1214 2139 1328 2214 darpra-
1380 2165 1381 2168 ¹

133 2217 140 2249 ¹
231 2229 362 2311 σηκόν,
391 2231 487 2316 quale
515 2252 587 2295 esse
616 2232 745 2295 videtur
770 2234 838 2320 μζ
848 2228 991 2293 Theoor.
1017 2228 1099 2296 XV.
1126 2230 1178 2296 89.
1220 2232 1277 2299 Sed
1293 2228 1327 2310 ζοί

230 2355 364 2422 quoquc
384 2331 482 2398 breve
504 2342 554 2397 cst
576 2332 666 2417 quod
687 2330 787 2395 miror
805 2341 947 2415 utroque
965 2330 1038 2395 loco
1057 2332 1264 2417 praetermitti
1279 2354 1329 2396 nec

230 2447 339 2504 tamen
359 2435 493 2520 vulgato
517 2430 559 2499 λά
582 2454 771 2521 supponere
794 2431 912 2496 audeo.
948 2431 1105 2497 Proxime
1128 2433 1164 2498 in
1185 2433 1329 2519 quaestio-

229 2561 308 2605 nem
332 2536 422 2603 veuit
449 2534 530 2601 illud
560 2536 651 2620 quod
678 2532 848 2600 Albcrtius
870 2532 913 2597 ad
933 2534 1017 2597 Hes.
1042 2532 1122 2611 836,
1148 2534 1197 2601 16.
1226 2535 1330 2601 eber

228 2641 297 2707 Ma.
320 2637 476 2725 apposuit
501 2641 532 2701 Γ
529 2633 564 2703 λα’
584 2636 623 2701 τὰ
648 2631 792 2719 ἰσχυρόν,
810 2633 969 2699 mutarine
993 2632 1113 2699 debeat
1140 2635 1176 2701 in
1204 2635 1287 2721 yliov
1303 2645 1331 2697 ut

228 2743 264 2805 in
283 2740 364 2807 EM.
388 2749 421 2803 at
439 2740 525 2803 Hes.
546 2737 666 2823 legitur
687 2760 729 2799 an
750 2736 820 2800 sola
840 2734 1005 2822 prosthesi
1027 2736 1158 2801 differat
1174 2736 1215 2803 ab
1232 2733 1331 2813 idoli,

228 2864 295 2929 quo
314 2838 534 2927 Epicharmus
557 2860 617 2925 pro
641 2836 716 2903 λίαν
735 2860 817 2902 usus
839 2859 911 2903 esse
941 2836 1059 2901 dicitur
1082 2839 1169 2905 serio
1193 2839 1333 2905 incorum

229 2968 271 3011 au
298 2964 359 3029 por
380 2942 505 3026 jocum.
553 2940 595 3004 Id
624 2938 762 3003 fortasse
790 2949 943 3004 neutrum
964 2949 1014 3002 est
1036 2939 1190 3024 adjectivi
1212 2937 1333 3006 obsoleti

228 3046 281 3125 λίς
300 3046 437 3121 odiam,
460 3041 550 3109 uude
573 3042 625 3119 λῖς
647 3038 806 3127 appellari
827 3039 937 3126 potuit
953 3040 1168 3107 animantium
1188 3039 1331 3106 validissi-

226 3167 310 3213 mus.
354 3145 397 3214 Id
420 3144 448 3211 si
468 3142 663 3231 accipimus,
694 3141 844 3227 protinus
873 3140 1023 3225 sequitur
1042 3141 1248 3231 Λιπόνηρος
1274 3140 1334 3207 λίαν

226 3241 378 3335 πονηρός
405 3248 473 3311 uon
503 3268 545 3311 ex
574 3242 698 3329 syllaba
726 3252 759 3307 et
787 3242 931 3309 dictione
959 3244 1180 3331 compositum
1215 3249 1335 3309 esseut

228 3342 401 3433 ἀπόνηρος
422 3345 482 3411 sed
506 3368 547 3409 ex
570 3344 697 3409 duabus
721 3342 920 3412 dictionibus
940 3355 978 3409 ut
995 3342 1233 3431 παμπόνηρος.
1264 3342 1336 3409 Cum

227 3448 292 3515 hoc
313 3446 488 3513 Reincsius
507 3446 616 3532 Epist.
638 3446 690 3511 50.
714 3469 748 3532 p.
766 3444 840 3511 454.
864 3445 988 3514 confert
1002 3467 1123 3512 nomen
1139 3445 1241 3511 lebria
1259 3442 1336 3531 quod

228 3550 319 3639 apud
339 3549 581 3635 Hippocratem
611 3547 734 3635 duplici
758 3547 859 3614 modo
883 3546 1035 3614 scribitur
1063 3547 1208 3634 πυρετὸς
1235 3550 1338 3613 λοιπο-

229 3649 307 3738 ρίας
327 3659 361 3715 et
381 3645 541 3736 λιπορίας
563 3649 631 3714 sive
653 3646 805 3737 λιπορίη.
856 3648 899 3718 Id
928 3650 1015 3715 enirn
1043 3672 1112 3718 non
1140 3672 1217 3717 cum
1243 3646 1337 3715 λείπω

221 3754 374 3839 jureum
395 3772 478 3829 csse,
501 3760 537 3815 ut
557 3750 717 3817 Actuario
738 3750 845 3818 visum
866 3761 931 3829 cst.
948 3752 1010 3819 sod
1024 3774 1100 3818 carm
1116 3752 1172 3819 illa
1190 3749 1339 3839 particula

227 3852 271 3933 λί,
295 3853 477 3937 eodemque
498 3850 595 3917 refert
617 3848 803 3938 λιαίλεθρος
824 3862 858 3917 et
879 3849 1032 3940 λιωργός.
1076 3853 1135 3921 Sic
1152 3853 1240 3918 enim
1260 3848 1340 3939 apud

226 3954 432 4041 Hesychium
462 3952 614 4019 scribitur
634 3950 798 4038 Acwpydc
828 3958 1015 4040 κακοῦργος
1045 3966 1078 4020 et
1105 3956 1256 4043 proxime
1274 3964 1339 4017 ante

226 4054 370 4146 Λιώδης
402 4050 632 4133 λιιθόλευστος.
687 4052 757 4119 Sed
790 4051 872 4117 illud
898 4053 980 4119 nihil
1007 4056 1097 4120 aliud
1126 4067 1224 4122 sonat
1252 4075 1340 4142 quam

228 4154 376 4245 λεωργός
404 4155 471 4220 sive
500 4149 659 4243 ictwpydc
685 4153 722 4218 id
751 4163 802 4218 est
825 4158 1030 4243 πανοῦργος,
1060 4158 1151 4244 quod
1180 4182 1281 4247 supra
1304 4154 1340 4220 ad

229 4255 416 4324 adverbium
439 4253 522 4333 λέως
542 4253 654 4330 retuli3
685 4276 746 4341 pro
774 4254 875 4322 altero
899 4256 1160 4325 substituendum
1180 4270 1232 4327 cst
1251 4255 1341 4327 λεαί·
