2825 4809
115 314 556 394 consummares
578 313 856 392 scaurum.
880 312 1074 408 crass
1100 316 1177 400 οον
1219 286 1221 291 ’

67 506 209 598 ὑπάρχει
236 510 376 580 aelami
404 508 461 579 ὅτε
489 509 614 598 γίνεται
642 505 763 578 ἐνίοτε
791 504 917 594 ὁμοίως
942 510 999 578 nul
1025 505 1179 582 ἀπὸτοῦ

68 610 116 682 δ’νι
137 609 227 678 οῗ
191 637 230 678 το
253 609 334 680 ἔνιοι
358 605 430 679 ἀντὶ
450 637 508 680 του
495 614 626 690 τινές.
670 613 765 678 Haeo
785 610 884 696 vulgo
909 621 999 678 tenet
1019 616 1180 680 sententia

68 715 127 780 sed
145 723 308 802 repugnat
328 736 395 780 non
414 712 521 780 solum
539 713 720 780 terminatio
739 713 926 778 feminina
911 715 991 793 τνία,
1013 717 1105 800 quod
1121 741 1179 784 ex-

69 817 176 884 cusari
198 826 306 904 potest
329 814 491 883 oblivione
511 816 657 902 originis,
680 815 740 882 sed
758 815 855 880 etiam
871 816 1085 902 significatio;
1105 843 1182 891 nam

70 915 118 986 ἔνι
141 942 209 985 non
229 918 318 984 idem
339 917 425 984 valet
447 918 537 1003 quod
559 917 647 997 ἔστι,
676 939 784 1002 neque
807 915 912 986 ἔνεστι
934 919 985 984 vel
1007 916 1127 988 ἔνεισιν
1148 924 1185 991 οἳ

69 1020 188 1086 dicitur
203 1042 263 1108 pro
279 1018 370 1088 ἔνιοι.
407 1022 484 1086 Ηοο
501 1020 601 1106 igitur
617 1021 756 1107 simplex
771 1041 844 1086 esse
859 1020 988 1085 videtur
1003 1031 1041 1086 ut
1057 1021 1181 1090 Sohae-

67 1123 157 1189 ferus
174 1144 306 1209 quoque
324 1133 436 1190 censet
455 1123 499 1188 ad
515 1122 616 1209 Greg.
629 1122 701 1188 864.
722 1145 743 1188 a
759 1122 916 1186 numerali
935 1121 970 1188 ἓν
988 1123 1182 1202 derivatum

68 1247 131 1291 neo
151 1236 295 1291 moratur
320 1224 467 1312 spiritus,
496 1246 593 1309 quem
616 1222 740 1290 Ooraes
761 1224 880 1290 Prodr.
903 1222 990 1288 Bibl.
1012 1249 1046 1312 p.
1067 1226 1112 1292 30
1132 1250 1182 1312 sq.
1259 1278 1264 1282 .

70 1337 102 1392 et
122 1327 309 1394 Boeckhius
331 1327 423 1392 Nott.
447 1325 527 1392 Crit.
550 1324 592 1390 ad
612 1325 711 1392 Pind.
737 1349 771 1412 p.
792 1326 866 1392 406.
889 1338 1082 1413 opponunt3
1109 1352 1183 1394 nam

68 1439 213 1494 mutatur
233 1428 396 1494 interdum
419 1425 616 1492 derivatione
643 1427 719 1506 ἕδος
740 1426 885 1517 ἔδαφος,
915 1427 1045 1513 ἕπομαι
1066 1423 1184 1497 ὀπάων

71 1542 107 1596 et
134 1526 282 1620 ὀπηδός,
314 1528 388 1618 ἕψω
418 1523 521 1614 loos,
557 1526 632 1616 ἴτης
662 1524 813 1614 ἑταῖρος,
847 1525 970 1596 εἰδέναι
1002 1529 1184 1616 uragu).

64 1629 189 1698 Ἔνίοτε
214 1641 322 1696 autem
347 1653 448 1714 quum
473 1651 542 1696 non
570 1629 665 1696 facile
692 1628 733 1694 ab
762 1629 909 1711 ἐνιαχοῦ,
936 1630 1049 1718 ἐνιαχῆ
1078 1631 1184 1698 disso-

69 1733 152 1799 ciari
173 1735 294 1821 possit,
321 1733 502 1820 Apollonio
528 1732 722 1799 assentimur
745 1731 833 1796 Adv.
855 1730 929 1808 607,
949 1732 1002 1796 21.
1029 1733 1125 1817 παρὰ
1147 1734 1185 1800 νδ

69 1832 162 1913 ἔντος
179 1831 199 1923 ἢ
219 1832 301 1902 ἔνιοι
319 1835 398 1913 ἐστι’,
418 1843 455 1898 ut
473 1827 601 1913 illlata,
619 1831 772 1900 πάντοτε.
799 1831 1047 1917 Τροπέμττολιν
1061 1834 1187 1901 Phere-

69 1947 178 2002 crates
208 1959 225 2002 e
253 1935 457 2003 sermonibus
485 1933 576 2020 vulgi
604 1934 758 2000 ascivisse
786 1932 923 1998 videtur.
974 1933 1060 2002 Cum
1084 1936 1187 2004 inter-

59 2039 213 2124 jectione
236 2032 276 2128 ἥν
297 2059 335 2106 το
357 2037 565 2124 componitur
587 2035 796 2124 imperativus
817 2035 908 2101 verbi
934 2039 1105 2124 synonymi
1132 2062 1189 2106 ac.

67 2152 172 2206 centu
191 2141 281 2207 fluxo
304 2136 410 2229 ἢνίδτ,
434 2131 541 2227 ἤνιδε,
564 2133 603 2226 ἢν
625 2134 698 2205 ἰδού
705 2183 715 2216 ,
734 2136 827 2222 quod
848 2137 942 2202 aliter
958 2137 1190 2226 interpretatur

63 2242 234 2308 Matthiae
256 2243 401 2310 Gramm.
429 2265 462 2328 p.
484 2238 558 2306 565.
587 2238 643 2308 σ’διι
666 2239 787 2326 θέλῃς,
817 2235 906 2320 ἰδοῦ,
932 2240 1086 2307 sednon
1112 2265 1187 2329 per·

65 2344 200 2410 suadet.
246 2343 322 2411 Vox
343 2348 401 2410 hoc
422 2353 467 2411 cst
488 2351 552 2406 tam
577 2337 690 2408 crebro
717 2339 896 2406 insulcatur
921 2351 958 2406 ut
983 2365 1051 2409 non
1071 2345 1190 2410 mirum

65 2447 162 2512 sita
181 2445 346 2510 nonnullis
373 2444 415 2510 ad
442 2442 684 2510 convinctiones
711 2443 1012 2510 translatumesse:
1038 2447 1190 2516 τουτέστι

63 2544 259 2628 σύνδεσμος
287 2540 530 2632 διασαφητικός
559 2544 631 2621 173,
656 2543 706 2608 14.
735 2544 842 2610 etsie
868 2544 1020 2611 scribitur
1042 2547 1134 2614 Sext.
1159 2569 1189 2614 c.

63 2650 221 2716 Gramm.
243 2647 316 2726 258,
337 2646 409 2712 196.
435 2645 531 2731 (644,
555 2645 596 2710 14
615 2642 736 2727 Belle.)

536 2904 647 2974 cnr.
670 2905 733 2975 ιν.
773 2882 775 2889 ’

360 3045 412 3121 De
438 3050 584 3144 eputari
607 3046 908 3122 ιὀδιιίτοοδιδδινα.

164 3219 188 3302 t.
213 3216 242 3281 1.
285 3213 563 3300 Frequentissime
595 3216 838 3300 conjunguntur
868 3211 1129 3302 praepositiones
1160 3229 1194 3282 et

61 3319 234 3386 adverbia
258 3318 310 3384 vel
337 3318 372 3381 in
398 3316 605 3404 appositione
633 3316 685 3382 vel
712 3317 747 3381 in
772 3315 1028 3404 compositione,
1059 3316 1099 3382 de
1125 3340 1191 3404 quo

148 3520 258 3591 33)‘Sie
269 3520 451 3577 Herodianus
466 3517 552 3576 scribi
562 3516 645 3592 jubet
659 3519 692 3574 11.
702 3515 811 3573 XVIII.
823 3520 882 3573 501.
895 3519 955 3574 luel
967 3506 1025 3574 τδῖ
1031 3516 1085 3591 πρὸ
1099 3523 1147 3576 τοῦ
1159 3504 1194 3578 a}

57 3605 236 3678 δασύνεται,
257 3611 334 3680 qnod
351 3615 513 3662 constanter
529 3608 561 3661 fit
578 3605 607 3660 in
623 3603 783 3678 paronymis
799 3604 885 3676 vulgo
903 3605 1025 3678 receptis
1043 3608 1152 3679 ἱστορία
1164 3617 1194 3664 et

56 3703 216 3770 ἱστορεῖν,
242 3697 294 3749 sed
316 3697 400 3765 ῑοτιοο
424 3693 515 3765 ipsum
538 3709 583 3764 ap.
606 3693 691 3749 Hom.
716 3698 747 3744 et
770 3691 926 3746 Hesiodum
949 3698 1063 3747 notatim
1084 3691 1141 3747 leni
1165 3712 1192 3747 v.

57 3783 221 3858 Spitzner.
248 3781 286 3836 ad
310 3779 344 3835 Il.
364 3747 470 3836 XVIII.
489 3781 548 3834 561.
583 3780 663 3834 Idem
681 3776 789 3834 XXIV.
809 3781 850 3833 tl.
876 3781 966 3848 ψιλῶς
986 3775 1018 3834 τδ
1041 3779 1125 3839 ἔσθος
1146 3782 1195 3832 καὶ

57 3864 163 3940 gatair
180 3866 248 3936 (ἀπὸ
267 3868 460 3934 δοσυνομένον
479 3869 527 3922 τοῦ
545 3865 610 3934 16)·
628 3863 660 3920 τὰ
677 3861 732 3937 γὰρ
748 3861 896 3935 φωνήεντα
913 3867 1042 3934 ψιλοῦται
1059 3865 1194 3936 ἐπιφερο-

52 3961 167 4036 μένου
185 3957 232 4008 τοῦ
250 3971 268 4007 σ
250 3939 352 4024 μεθ’
368 3949 429 4012 ἑνδς
443 3955 498 4006 τῶν
512 3951 636 4006 δασέων·
650 3958 678 4005 st
690 3951 764 4005 adl
779 3951 837 4004 486.
850 3971 881 4004 το
871 3949 1024 4032 ἕρμα
980 3952 1005 4002 εἰ
1018 3949 1048 4002 ἐκ
1063 3968 1109 4003 τον
1097 3949 1195 4022 ἔρει-

56 4062 147 4116 σμα,
163 4039 195 4094 οδ
212 4042 339 4108 petuisse
356 4039 416 4091 luel
433 4035 465 4091 τοὶ
482 4030 675 4106 βραχυνόμενα
691 4031 836 4108 φωνήεντα
851 4033 904 4108 πρὸ
919 4037 967 4090 τοῦ
982 4055 1021 4105 pn
980 4020 1194 4092 δασύνεται.

54 4127 206 4185 Eustath.
219 4125 279 4188 843,
294 4124 332 4176 11.
347 4121 376 4176 τὸ
393 4143 408 4177 o
426 4120 480 4193 πρὸ
499 4126 547 4176 τοῦ
564 4144 585 4177 τι
603 4120 761 4192 ψιλοῦται’
749 4117 816 4189 omi,
825 4118 939 4226 tropa,
956 4115 1054 4175 inuam
1069 4118 1147 4194 παρὰ
1165 4119 1195 4176 ul

54 4217 146 4272 ἕπον.
184 4211 221 4266 Et
241 4209 289 4265 ubi
307 4209 386 4266 nulla
401 4207 562 4279 hujusmodi
581 4226 666 4264 causa
685 4209 784 4264 subest
802 4205 835 4264 ul
853 4205 909 4262 ἀπὸ
929 4209 1039 4262 δασέων
1055 4224 1195 4280 μετασχη-

52 4295 248 4386 ματιζόμενα
266 4298 419 4373 ψιλοδσδαι
438 4300 517 4370 φιλεῖ
532 4285 654 4370 ἡμέρα
638 4315 729 4374 ημαρ,
748 4289 833 4364 ἡδονή
850 4283 916 4368 ἦδος
933 4293 999 4353 Sala
1011 4291 1063 4358 IX.
1077 4291 1104 4358 6.
