2825 4809
260 362 336 444 812
464 409 468 420 ·
519 360 866 433 -nlssnltnuulo
891 359 941 429 IL
983 360 1024 429 P.
1043 362 1091 432 11.
1162 366 1209 428 ⁸,

258 545 354 639 lesit,
376 544 546 634 excepisse
564 546 612 625 ,de
631 565 760 617 maone
777 571 847 615 nou
862 546 928 616 hoc
945 546 1062 627 solnm,
1084 548 1172 634 quod
1185 550 1283 621 ια’πιιο
1295 569 1334 625 est

258 670 279 715 e
301 647 432 717 Cratete
454 649 595 729 anetam,
623 650 684 717 sed
704 650 817 718 omnia
837 672 912 720 cum
933 648 1045 719 ἐθέλω
1072 652 1246 735 conjuncta,
1271 680 1334 742 quus

258 760 336 818 aunt
362 750 503 838 plurima
526 752 864 852 et-pervagatissinua
917 752 971 822 Ila
997 751 1199 820 munilestnm
1220 756 1253 820 lit
1276 781 1335 843 syn.

258 872 367 939 eopon
381 852 548 934 literarum
564 876 606 943 qo
620 854 711 921 baud
724 854 878 923 omnibus
898 853 1073 942 probatam
1090 877 1162 921 esse
1175 855 1335 943 minimeque

190 962 193 966 '
258 954 411 1041 siquem
432 956 650 1042 praeceteris
673 957 849 1041 sequimur.
893 956 1177 1039 Quemadmodum
1200 969 1266 1027 vero
1283 961 1337 1027 He·
1365 995 1374 1025 ι

257 1057 415 1133 rodianus
432 1053 585 1137 siliacus
597 1067 632 1125 et
646 1057 740 1144 paria
753 1058 798 1123 ad
812 1080 971 1146 praesens
987 1057 1234 1145 perispomenon
1246 1062 1337 1141 retulit,

257 1159 307 1228 uie
335 1158 434 1227 etiam
455 1159 524 1227 veri
549 1160 656 1227 simile
686 1170 741 1227 est
765 1182 842 1227 enm
863 1155 1054 1244 Ἡγέλοχος,
1081 1169 1120 1225 ut
1139 1159 1200 1227 hoo
1218 1164 1337 1249 exemplo

256 1271 348 1339 utar,
380 1282 449 1331 nou
480 1284 501 1327 a
528 1260 689 1348 barytono
717 1258 803 1351 ἥγω,
835 1261 927 1347 qnod
953 1261 995 1328 ab
1021 1262 1102 1329 ΕΜ
1130 1262 1152 1327 l.
1174 1284 1201 1331 c.
1226 1263 1338 1349 fingitur,

257 1363 477 1451 compositum
496 1386 604 1450 neque
629 1363 730 1431 etiam
754 1385 798 1429 ex
811 1358 1026 1449 Ἡγιοίλοχος
1046 1364 1168 1431 omissa
1187 1354 1338 1450 syllabam

257 1476 460 1533 contractum
487 1476 621 1552 putasse
649 1464 711 1533 sed
744 1463 859 1532 eadem
887 1465 1007 1531 utillo
1032 1467 1211 1553 explicasse
1233 1467 1339 1533 ratione

255 1567 388 1635 Etenim
417 1578 454 1633 ut
482 1589 502 1632 a
526 1570 615 1649 μισῶ
645 1565 776 1633 ducitur
799 1560 967 1648 μισόθοος
987 1577 1022 1633 et
1042 1590 1062 1633 a
1083 1567 1190 1633 verbis
1211 1569 1340 1635 secundae

206 1716 208 1723 ,
257 1669 483 1739 declinationis
502 1664 687 1754 Τιμόθεος,
706 1662 950 1755 σκιοτοττόδης,
969 1666 1178 1754 sentuosum,
1196 1669 1341 1756 θηρόλιξις

172 1776 175 1783 “
255 1772 278 1837 i.
302 1795 346 1857 q.·
359 1767 541 1859 λοξιθήρας
562 1768 687 1855 Phryn.
704 1768 845 1853 62825)
865 1768 912 1833 ita
929 1766 971 1833 ab
990 1764 1138 1856 ἡγοῦμαι
1155 1770 1229 1837 duci
1243 1780 1340 1856 poterat

251 1868 445 1959 Ἡγόλοχος,
472 1892 581 1957 neque
607 1894 676 1939 non
704 1871 900 1958 permissum
927 1881 996 1936 erat
1023 1871 1191 1939 literarum
1217 1872 1342 1937 conuexi-

254 1996 369 2044 naruuu
398 1974 532 2041 alteram
559 1972 703 2042 inserere
726 1969 899 2057 Ἡγέλοχος
931 1982 967 2037 ut
991 1967 1178 2060 Ἀγίόαμος
1207 1973 1240 2039 in
1263 1974 1342 2037 lnsou

254 2076 418 2155 laconica,
452 2071 685 2161 (Dvoiyecdoc,
710 2070 900 2161 porticena,
937 2074 1041 2159 quod
1059 2075 1193 2141 minime
1220 2075 1344 2141 credibile

256 2190 307 2247 eet
326 2201 402 2246 cum
426 2196 508 2243 voce
533 2174 629 2241 devia
654 2172 752 2257 χάλις
772 2195 957 2247 connexum
977 2198 1065 2253 esso;
1094 2178 1158 2243 sed
1183 2200 1270 2243 casus
1292 2176 1345 2241 tulit

255 2290 292 2347 ut
313 2278 530 2367 praeferretur
550 2263 685 2343 tertias
705 2295 804 2360 quam
825 2288 1023 2364 acceperunt
1042 2274 1251 2364 Ἀρχέλοχος,
1270 2272 1344 2361 ‹loxi-

256 2405 360 2459 κακος
387 2390 448 2447 eto.
492 2378 627 2447 Summa
654 2376 752 2462 hujus
778 2378 1011 2465 disputationis
1034 2378 1204 2458 nascent,
1229 2376 1345 2466 syllabae

255 2483 361 2551 finalis
392 2480 587 2549 recisionem
618 2501 686 2565 qua
720 2480 869 2547 nonnulli
895 2478 1093 2568 μιαίφονος,
1129 2478 1277 2557 cilianus
1302 2490 1345 2542 etc.

255 2585 430 2673 explicant,
453 2606 494 2649 ex
510 2581 689 2670 propositis
705 2603 775 2647 non
789 2579 951 2647 cilicineo
967 2581 1150 2666 quidquam
1164 2583 1230 2648 fide
1240 2581 1348 2667 dignun
1378 2503 1380 2656 l

255 2687 365 2755 afferri
385 2708 443 2755 cur
463 2686 573 2753 literas
589 2670 632 2751 ἀἶ
655 2694 688 2749 et
701 2672 753 2772 *qo
771 2682 888 2748 futuris
910 2693 1082 2770 excerptas
1101 2700 1178 2751 esse
1195 2683 1346 2751 credamus.

255 2786 424 2875 Syllabam
443 2774 494 2855 ’το
517 2785 671 2851 omissam
697 2784 826 2872 putavit
854 2783 933 2851 Solu.
958 2785 999 2850 Il.
1028 2785 1109 2853 XV.
1132 2787 1209 2853 619.
1235 2783 1272 2853 τὸ
1294 2778 1348 2871 oili-

253 2896 357 2975 βατος
376 2882 447 2957 ἀπὸ
468 2890 528 2954 τοῦ
551 2882 675 2954 disesia
701 2881 940 2972 ἐσχημάτισται
961 2889 1047 2955 κατὰ
1073 2884 1260 2975 corrosuris,
1286 2905 1348 2970 quae

253 2992 288 3057 in
309 2990 399 3059 Gud.
418 2989 492 3067 240,
514 2988 567 3055 30.
594 2987 779 3053 Heliodoro
805 2986 1006 3065 tribuuntur,
1037 2988 1093 3053 hio
1112 3012 1194 3055 vero
1216 3007 1350 3077 persaepe
1376 3053 1377 3074 2

253 3101 469 3161 commutatur
491 3112 565 3157 oum
586 3088 800 3168 Herodiano,
827 3090 881 3155 eui
901 3088 1062 3155 Lehrsius
1090 3090 1150 3155 illa
1171 3091 1288 3157 tribuit
1321 3087 1349 3151 ln
1376 3149 1378 3187 ι

254 3194 392 3263 eandem
423 3190 724 3280 interpretationem
757 3191 843 3257 forte
879 3191 996 3257 incidit
1021 3194 1243 3259 Buttmannus
1266 3188 1378 3256 Lexil'

252 3298 300 3363 11.
324 3295 398 3361 182.
439 3294 550 3359 Aliam
571 3314 673 3380 supra
693 3292 856 3379 proposui
876 3293 912 3357 in
934 3294 976 3359 P.
990 3293 1019 3359 I.
1042 3315 1070 3359 e.
1084 3294 1147 3363 IV.
1170 3299 1199 3380 ξ.
1209 3296 1241 3360 4.
1271 3289 1351 3373 Quod
1375 3321 1376 3392 l

254 3395 508 3467 Choerobosuus
545 3395 670 3482 profert
705 3394 803 3460 Orth.
835 3393 913 3471 264,
947 3395 1000 3461 28.
1052 3393 1286 3483 Τιμήσαοόρος
1311 3388 1377 3468 ναὶῑ,

176 3519 183 3531 ‘
252 3498 339 3569 κατὰ
361 3495 532 3586 συγκοπῆν
557 3494 744 3582 Τίσανδρος
763 3495 972 3581 nugatorium
994 3505 1053 3563 est

336 3603 362 3684 ξ.
386 3599 416 3665 l.
459 3599 502 3665 Iu
518 3598 663 3665 motione
678 3619 766 3681 quae
785 3598 904 3664 dicitnr
920 3594 981 3683 per
997 3597 1121 3683 gradus
1138 3616 1352 3680 nonnunquam

118 3773 121 3779 ,
240 3690 421 3789 syllabam.
434 3700 574 3767 delicere
597 3709 690 3765 votus
714 3708 765 3763 est
786 3700 976 3785 persnasi03
1004 3698 1044 3767 τὸ
1066 3697 1236 3767 πιότατον
1257 3716 1351 3781 nepo

251 3803 320 3894 τεὴν
342 3800 474 3872 ἔπαθον
494 3801 532 3871 ἐκ
554 3804 614 3869 τοῦ
637 3798 847 3878 menedemos
866 3802 961 3867 Euat.
984 3800 1057 3880 776,
1079 3800 1132 3865 63.
1177 3802 1258 3867 Hoc
1277 3817 1354 3865 neno

250 3907 367 3983 ulitur3
396 3898 562 3981 πιότατος
588 3901 640 3969 vel
661 3924 682 3966 a
701 3901 845 3987 positivo
866 3908 948 3981 πῖος
968 3902 1065 3990 linxit
1084 3902 1177 3969 nude
1199 3900 1374 3988 syntbeton

249 4005 442 4096 πιόφνλλος
474 4002 599 4089 (omnies.
629 4002 665 4069 in
694 4002 812 4088 Thes.)
845 4003 959 4073 Schol.
991 4003 1027 4071 in
1054 4004 1198 4071 Aristot.
1231 4004 1312 4088 Top.
1331 3996 1355 4061 I·

256 4264 263 4273 ·
320 4242 368 4309 lb)
386 4244 553 4296 Συλαλαπία
572 4250 648 4295 nnnc
666 4238 773 4295 aditum
791 4241 833 4295 est
851 4218 905 4313 pro
925 4244 1052 4296 αολωπία
1070 4242 1149 4312 qnod
1171 4240 1203 4294 in
1223 4237 1307 4295 Proll.
1322 4235 1355 4288 ll.

251 4326 400 4398 epnlleliae
418 4326 532 4381 nomino
549 4325 667 4405 defendi
687 4329 740 4382 sod
757 4327 929 4384 dubitanter.
1088 4330 1091 4336 '
