<?xml version="1.0" encoding="UTF-8"?>
<!DOCTYPE html PUBLIC "-//W3C//DTD XHTML 1.0 Transitional//EN"
    "http://www.w3.org/TR/xhtml1/DTD/xhtml1-transitional.dtd">
<html xmlns="http://www.w3.org/1999/xhtml" xml:lang="en" lang="en">
 <head>
  <title>
</title>
<meta http-equiv="Content-Type" content="text/html;charset=utf-8" />
  <meta name='ocr-system' content='tesseract 3.04.00' />
  <meta name='ocr-capabilities' content='ocr_page ocr_carea ocr_par ocr_line ocrx_word'/>
</head>
<body>
  <div class='ocr_page' id='page_1' title='image "./pathologiaegrae01lobegoog/pathologiaegrae01lobegoog_0313.png"; bbox 0 0 2825 4809; ppageno 0'>
   <div class='ocr_carea' id='block_1_1' title="bbox 133 291 1149 429">
    <p class='ocr_par' dir='ltr' id='par_1_1' title="bbox 133 291 1149 429">
     <span class='ocr_line' id='line_1_1' title="bbox 133 291 1149 429; baseline -0.002 -15"><span class='ocrx_word' id='word_1_1' title='bbox 133 347 188 414; x_wconf 83' lang='lat' dir='ltr'><strong>uu</strong></span> <span class='ocrx_word' id='word_1_2' title='bbox 204 339 409 412; x_wconf 83' lang='lat' dir='ltr'><strong>smoorn</strong></span> <span class='ocrx_word' id='word_1_3' title='bbox 430 341 575 409; x_wconf 78' lang='lat' dir='ltr'><strong>ursus</strong></span> <span class='ocrx_word' id='word_1_4' title='bbox 597 339 818 410; x_wconf 79' lang='lat' dir='ltr'><strong>voosms.</strong></span> <span class='ocrx_word' id='word_1_5' title='bbox 850 340 888 408; x_wconf 89' lang='lat' dir='ltr'><strong>o.</strong></span> <span class='ocrx_word' id='word_1_6' title='bbox 900 341 961 412; x_wconf 93' lang='lat' dir='ltr'><strong>1v.</strong></span> <span class='ocrx_word' id='word_1_7' title='bbox 978 345 1004 429; x_wconf 77' lang='lat' dir='ltr'><strong>s.</strong></span> <span class='ocrx_word' id='word_1_8' title='bbox 1012 344 1043 410; x_wconf 83' lang='lat' dir='ltr'><strong>s.</strong></span> <span class='ocrx_word' id='word_1_9' title='bbox 1074 291 1149 424; x_wconf 68' lang='lat'><strong>303</strong></span> 
     </span>
    </p>
   </div>
   <div class='ocr_carea' id='block_1_2' title="bbox 57 525 1157 4349">
    <p class='ocr_par' dir='ltr' id='par_1_2' title="bbox 65 525 1152 2531">
     <span class='ocr_line' id='line_1_2' title="bbox 78 525 1149 615; baseline 0 -19"><span class='ocrx_word' id='word_1_10' title='bbox 78 527 229 614; x_wconf 80' lang='lat' dir='ltr'><strong>siquidem</strong></span> <span class='ocrx_word' id='word_1_11' title='bbox 252 525 347 592; x_wconf 88' lang='lat' dir='ltr'><strong>verba</strong></span> <span class='ocrx_word' id='word_1_12' title='bbox 376 549 398 590; x_wconf 85' lang='grc' dir='ltr'><strong><em>ε</em></strong></span> <span class='ocrx_word' id='word_1_13' title='bbox 425 525 565 591; x_wconf 85' lang='lat' dir='ltr'><strong>librariis</strong></span> <span class='ocrx_word' id='word_1_14' title='bbox 591 535 747 614; x_wconf 86' lang='lat' dir='ltr'><strong>corrupta</strong></span> <span class='ocrx_word' id='word_1_15' title='bbox 774 535 863 592; x_wconf 89' lang='lat' dir='ltr'><strong>recte</strong></span> <span class='ocrx_word' id='word_1_16' title='bbox 889 526 1149 615; x_wconf 80' lang='lat' dir='ltr'><strong>interpretamur.</strong></span> 
     </span>
     <span class='ocr_line' id='line_1_3' title="bbox 76 619 1150 718; baseline 0.002 -24"><span class='ocrx_word' id='word_1_17' title='bbox 76 632 216 700; x_wconf 85' lang='lat' dir='ltr'><strong>Suutvero</strong></span> <span class='ocrx_word' id='word_1_18' title='bbox 229 626 322 692; x_wconf 80' lang='lat' dir='ltr'><strong>haec:</strong></span> <span class='ocrx_word' id='word_1_19' title='bbox 343 625 516 710; x_wconf 84' lang='grc' dir='ltr'><strong><em>Πίνδαρος</em></strong></span> <span class='ocrx_word' id='word_1_20' title='bbox 531 620 590 694; x_wconf 85' lang='grc' dir='ltr'><strong>οῦκ</strong></span> <span class='ocrx_word' id='word_1_21' title='bbox 612 619 691 694; x_wconf 77' lang='grc' dir='ltr'><strong><em>οἶδα</em></strong></span> <span class='ocrx_word' id='word_1_22' title='bbox 713 624 802 696; x_wconf 79' lang='grc' dir='ltr'><strong><em>ὅπου</em></strong></span> <span class='ocrx_word' id='word_1_23' title='bbox 818 629 902 718; x_wconf 81' lang='grc' dir='ltr'><strong><em>φησὶ</em></strong></span> <span class='ocrx_word' id='word_1_24' title='bbox 921 626 1017 708; x_wconf 85' lang='grc' dir='ltr'><strong><em>κλεός</em></strong></span> <span class='ocrx_word' id='word_1_25' title='bbox 1037 625 1150 708; x_wconf 84' lang='grc' dir='ltr'><strong><em>κελεός</em></strong></span> 
     </span>
     <span class='ocr_line' id='line_1_4' title="bbox 75 720 1149 816; baseline 0 -20"><span class='ocrx_word' id='word_1_26' title='bbox 75 731 120 796; x_wconf 82' lang='grc' dir='ltr'><strong>καὶ</strong></span> <span class='ocrx_word' id='word_1_27' title='bbox 134 731 266 816; x_wconf 77' lang='grc' dir='ltr'><strong><em>συγκοπῇ</em></strong></span> <span class='ocrx_word' id='word_1_28' title='bbox 288 724 398 804; x_wconf 86' lang='grc' dir='ltr'><strong><em>κλεός·</em></strong></span> <span class='ocrx_word' id='word_1_29' title='bbox 422 720 549 807; x_wconf 79' lang='grc' dir='ltr'><strong><em>ὀξύνειν</em></strong></span> <span class='ocrx_word' id='word_1_30' title='bbox 570 726 609 794; x_wconf 80' lang='grc' dir='ltr'><strong>δὲ</strong></span> <span class='ocrx_word' id='word_1_31' title='bbox 630 727 692 794; x_wconf 81' lang='grc' dir='ltr'><strong>δεῖ.</strong></span> <span class='ocrx_word' id='word_1_32' title='bbox 734 728 802 794; x_wconf 91' lang='lat' dir='ltr'><strong>Pro</strong></span> <span class='ocrx_word' id='word_1_33' title='bbox 828 723 941 807; x_wconf 88' lang='grc' dir='ltr'><strong><em>κελεός</em></strong></span> <span class='ocrx_word' id='word_1_34' title='bbox 965 728 1149 796; x_wconf 86' lang='lat' dir='ltr'><strong>Ahrensius</strong></span> 
     </span>
     <span class='ocr_line' id='line_1_5' title="bbox 73 826 1150 915; baseline -0.002 -18"><span class='ocrx_word' id='word_1_35' title='bbox 73 829 139 897; x_wconf 85' lang='lat' dir='ltr'><strong>Diul.</strong></span> <span class='ocrx_word' id='word_1_36' title='bbox 151 829 225 896; x_wconf 88' lang='lat' dir='ltr'><strong>Dor.</strong></span> <span class='ocrx_word' id='word_1_37' title='bbox 240 827 311 892; x_wconf 99' lang='grc'><strong>235.</strong></span> <span class='ocrx_word' id='word_1_38' title='bbox 334 827 432 894; x_wconf 84' lang='lat' dir='ltr'><strong>tacite</strong></span> <span class='ocrx_word' id='word_1_39' title='bbox 454 826 621 894; x_wconf 79' lang='lat' dir='ltr'><strong>substituit</strong></span> <span class='ocrx_word' id='word_1_40' title='bbox 641 827 754 909; x_wconf 77' lang='grc' dir='ltr'><strong><em>κλέεος</em></strong></span> <span class='ocrx_word' id='word_1_41' title='bbox 778 850 841 894; x_wconf 91' lang='lat' dir='ltr'><strong>nec</strong></span> <span class='ocrx_word' id='word_1_42' title='bbox 861 839 965 894; x_wconf 89' lang='lat' dir='ltr'><strong>mutat</strong></span> <span class='ocrx_word' id='word_1_43' title='bbox 985 829 1150 915; x_wconf 89' lang='lat' dir='ltr'><strong>Bergkius</strong></span> 
     </span>
     <span class='ocr_line' id='line_1_6' title="bbox 73 928 1149 1016; baseline 0.004 -22"><span class='ocrx_word' id='word_1_44' title='bbox 73 930 146 995; x_wconf 89' lang='lat' dir='ltr'><strong>Pind.</strong></span> <span class='ocrx_word' id='word_1_45' title='bbox 167 929 218 992; x_wconf 87' lang='lat' dir='ltr'><strong>Fr.</strong></span> <span class='ocrx_word' id='word_1_46' title='bbox 243 951 276 1014; x_wconf 88' lang='lat' dir='ltr'><strong>p.</strong></span> <span class='ocrx_word' id='word_1_47' title='bbox 297 928 371 994; x_wconf 87' lang='grc'><strong>297.</strong></span> <span class='ocrx_word' id='word_1_48' title='bbox 401 930 461 995; x_wconf 91' lang='lat' dir='ltr'><strong>sed</strong></span> <span class='ocrx_word' id='word_1_49' title='bbox 488 939 653 1016; x_wconf 81' lang='lat' dir='ltr'><strong>repugnat</strong></span> <span class='ocrx_word' id='word_1_50' title='bbox 683 928 872 1016; x_wconf 87' lang='lat' dir='ltr'><strong>oxytonesis</strong></span> <span class='ocrx_word' id='word_1_51' title='bbox 905 939 1011 1004; x_wconf 83' lang='lat' dir='ltr'><strong>etex</strong></span> <span class='ocrx_word' id='word_1_52' title='bbox 1037 928 1149 998; x_wconf 89' lang='lat' dir='ltr'><strong>Schol.</strong></span> 
     </span>
     <span class='ocr_line' id='line_1_7' title="bbox 73 1023 1150 1117; baseline 0.004 -22"><span class='ocrx_word' id='word_1_53' title='bbox 73 1029 146 1104; x_wconf 85' lang='lat' dir='ltr'><strong>Piud.</strong></span> <span class='ocrx_word' id='word_1_54' title='bbox 162 1029 251 1094; x_wconf 89' lang='lat' dir='ltr'><strong>Nem.</strong></span> <span class='ocrx_word' id='word_1_55' title='bbox 272 1029 318 1094; x_wconf 91' lang='lat' dir='ltr'><strong>II.</strong></span> <span class='ocrx_word' id='word_1_56' title='bbox 341 1029 392 1095; x_wconf 90' lang='grc'><strong>77.</strong></span> <span class='ocrx_word' id='word_1_57' title='bbox 414 1023 526 1117; x_wconf 84' lang='grc' dir='ltr'><strong><em>ὀρειᾶν</em></strong></span> <span class='ocrx_word' id='word_1_58' title='bbox 550 1025 643 1114; x_wconf 81' lang='grc' dir='ltr'><strong><em>(ἀντὶ</em></strong></span> <span class='ocrx_word' id='word_1_59' title='bbox 662 1034 722 1098; x_wconf 84' lang='grc' dir='ltr'><strong>τοῦ</strong></span> <span class='ocrx_word' id='word_1_60' title='bbox 745 1025 898 1117; x_wconf 83' lang='grc' dir='ltr'><strong><em>οῦρειᾶν)</em></strong></span> <span class='ocrx_word' id='word_1_61' title='bbox 919 1028 1006 1095; x_wconf 80' lang='grc' dir='ltr'><strong><em>κατὰ</em></strong></span> <span class='ocrx_word' id='word_1_62' title='bbox 1029 1027 1150 1116; x_wconf 77' lang='grc' dir='ltr'><strong><em>ὕφεσιν</em></strong></span> 
     </span>
     <span class='ocr_line' id='line_1_8' title="bbox 72 1127 1149 1218; baseline 0.003 -23"><span class='ocrx_word' id='word_1_63' title='bbox 72 1128 154 1209; x_wconf 76' lang='lat' dir='ltr'><strong>sigui</strong></span> <span class='ocrx_word' id='word_1_64' title='bbox 174 1127 265 1206; x_wconf 82' lang='grc' dir='ltr'><strong><em>κλέος</em></strong></span> <span class='ocrx_word' id='word_1_65' title='bbox 290 1129 386 1196; x_wconf 63' lang='grc' dir='ltr'><strong><em>ἕκατι</em></strong></span> <span class='ocrx_word' id='word_1_66' title='bbox 410 1142 550 1217; x_wconf 88' lang='lat' dir='ltr'><strong>apparet</strong></span> <span class='ocrx_word' id='word_1_67' title='bbox 577 1153 645 1196; x_wconf 87' lang='lat' dir='ltr'><strong>non</strong></span> <span class='ocrx_word' id='word_1_68' title='bbox 673 1131 716 1198; x_wconf 90' lang='lat' dir='ltr'><strong>de</strong></span> <span class='ocrx_word' id='word_1_69' title='bbox 743 1130 887 1218; x_wconf 88' lang='lat' dir='ltr'><strong>genitivo</strong></span> <span class='ocrx_word' id='word_1_70' title='bbox 916 1130 1063 1196; x_wconf 88' lang='lat' dir='ltr'><strong>neutrius</strong></span> <span class='ocrx_word' id='word_1_71' title='bbox 1089 1133 1149 1198; x_wconf 85' lang='grc' dir='ltr'><strong>τοῦ</strong></span> 
     </span>
     <span class='ocr_line' id='line_1_9' title="bbox 71 1229 1150 1320; baseline 0.001 -25"><span class='ocrx_word' id='word_1_72' title='bbox 71 1232 158 1310; x_wconf 79' lang='grc' dir='ltr'><strong><em>κλέους</em></strong></span> <span class='ocrx_word' id='word_1_73' title='bbox 177 1230 229 1314; x_wconf 88' lang='lat' dir='ltr'><strong>agi</strong></span> <span class='ocrx_word' id='word_1_74' title='bbox 249 1229 309 1294; x_wconf 90' lang='lat' dir='ltr'><strong>sed</strong></span> <span class='ocrx_word' id='word_1_75' title='bbox 331 1230 372 1295; x_wconf 91' lang='lat' dir='ltr'><strong>de</strong></span> <span class='ocrx_word' id='word_1_76' title='bbox 393 1229 549 1298; x_wconf 77' lang='lat' dir='ltr'><strong>feminino</strong></span> <span class='ocrx_word' id='word_1_77' title='bbox 571 1235 629 1320; x_wconf 79' lang='grc' dir='ltr'><strong><em>τῆς</em></strong></span> <span class='ocrx_word' id='word_1_78' title='bbox 643 1234 785 1310; x_wconf 80' lang='grc' dir='ltr'><strong><em>Κλεοῦς,</em></strong></span> <span class='ocrx_word' id='word_1_79' title='bbox 809 1231 866 1318; x_wconf 92' lang='lat' dir='ltr'><strong>qui</strong></span> <span class='ocrx_word' id='word_1_80' title='bbox 883 1231 1009 1316; x_wconf 85' lang='lat' dir='ltr'><strong>integre</strong></span> <span class='ocrx_word' id='word_1_81' title='bbox 1030 1230 1150 1316; x_wconf 82' lang='lat' dir='ltr'><strong>legitur</strong></span> 
     </span>
     <span class='ocr_line' id='line_1_10' title="bbox 71 1327 1149 1417; baseline 0.001 -21"><span class='ocrx_word' id='word_1_82' title='bbox 71 1333 140 1396; x_wconf 86' lang='lat' dir='ltr'><strong>llem</strong></span> <span class='ocrx_word' id='word_1_83' title='bbox 152 1331 210 1396; x_wconf 92' lang='lat' dir='ltr'><strong>III.</strong></span> <span class='ocrx_word' id='word_1_84' title='bbox 225 1331 296 1396; x_wconf 90' lang='grc'><strong>145.</strong></span> <span class='ocrx_word' id='word_1_85' title='bbox 317 1327 480 1417; x_wconf 78' lang='grc' dir='ltr'><strong><em>εὐθρόνου</em></strong></span> <span class='ocrx_word' id='word_1_86' title='bbox 498 1334 626 1410; x_wconf 85' lang='grc' dir='ltr'><strong><em>Κλεοῦς</em></strong></span> <span class='ocrx_word' id='word_1_87' title='bbox 647 1331 837 1411; x_wconf 72' lang='grc' dir='ltr'><strong><em>ἐθελοίσας.</em></strong></span> <span class='ocrx_word' id='word_1_88' title='bbox 875 1331 945 1400; x_wconf 90' lang='lat' dir='ltr'><strong>Ubi</strong></span> <span class='ocrx_word' id='word_1_89' title='bbox 964 1353 1064 1417; x_wconf 91' lang='lat' dir='ltr'><strong>quum</strong></span> <span class='ocrx_word' id='word_1_90' title='bbox 1082 1331 1149 1398; x_wconf 91' lang='lat' dir='ltr'><strong>duo</strong></span> 
     </span>
     <span class='ocr_line' id='line_1_11' title="bbox 70 1427 1151 1520; baseline 0.002 -24"><span class='ocrx_word' id='word_1_91' title='bbox 70 1433 141 1497; x_wconf 86' lang='lat' dir='ltr'><strong>codd.</strong></span> <span class='ocrx_word' id='word_1_92' title='bbox 161 1427 261 1510; x_wconf 85' lang='grc' dir='ltr'><strong><em>Κλεός</em></strong></span> <span class='ocrx_word' id='word_1_93' title='bbox 289 1431 482 1520; x_wconf 84' lang='lat' dir='ltr'><strong>praebeant,</strong></span> <span class='ocrx_word' id='word_1_94' title='bbox 514 1455 639 1500; x_wconf 87' lang='lat' dir='ltr'><strong>summe</strong></span> <span class='ocrx_word' id='word_1_95' title='bbox 668 1432 823 1499; x_wconf 86' lang='lat' dir='ltr'><strong>credibile</strong></span> <span class='ocrx_word' id='word_1_96' title='bbox 852 1443 903 1498; x_wconf 91' lang='lat' dir='ltr'><strong>est</strong></span> <span class='ocrx_word' id='word_1_97' title='bbox 932 1431 1151 1502; x_wconf 84' lang='lat' dir='ltr'><strong>Scholiastam</strong></span> 
     </span>
     <span class='ocr_line' id='line_1_12' title="bbox 71 1533 1151 1620; baseline 0 -23"><span class='ocrx_word' id='word_1_98' title='bbox 71 1533 132 1598; x_wconf 87' lang='lat' dir='ltr'><strong>huuc</strong></span> <span class='ocrx_word' id='word_1_99' title='bbox 155 1534 258 1598; x_wconf 92' lang='lat' dir='ltr'><strong>locum</strong></span> <span class='ocrx_word' id='word_1_100' title='bbox 288 1534 325 1598; x_wconf 93' lang='lat' dir='ltr'><strong>in</strong></span> <span class='ocrx_word' id='word_1_101' title='bbox 353 1534 461 1601; x_wconf 88' lang='lat' dir='ltr'><strong>auimo</strong></span> <span class='ocrx_word' id='word_1_102' title='bbox 492 1534 646 1602; x_wconf 90' lang='lat' dir='ltr'><strong>habuisse</strong></span> <span class='ocrx_word' id='word_1_103' title='bbox 677 1535 738 1602; x_wconf 91' lang='lat' dir='ltr'><strong>sed</strong></span> <span class='ocrx_word' id='word_1_104' title='bbox 769 1536 860 1620; x_wconf 92' lang='lat' dir='ltr'><strong>quod</strong></span> <span class='ocrx_word' id='word_1_105' title='bbox 893 1533 1026 1620; x_wconf 89' lang='lat' dir='ltr'><strong>saepius</strong></span> <span class='ocrx_word' id='word_1_106' title='bbox 1059 1533 1151 1620; x_wconf 88' lang='lat' dir='ltr'><strong>apud</strong></span> 
     </span>
     <span class='ocr_line' id='line_1_13' title="bbox 69 1633 1151 1722; baseline 0.003 -22"><span class='ocrx_word' id='word_1_107' title='bbox 69 1635 214 1700; x_wconf 83' lang='lat' dir='ltr'><strong>Piudamm</strong></span> <span class='ocrx_word' id='word_1_108' title='bbox 243 1635 380 1721; x_wconf 86' lang='lat' dir='ltr'><strong>legisset</strong></span> <span class='ocrx_word' id='word_1_109' title='bbox 409 1633 568 1722; x_wconf 82' lang='grc' dir='ltr'><strong><em>Χαρίτων</em></strong></span> <span class='ocrx_word' id='word_1_110' title='bbox 596 1635 708 1714; x_wconf 69' lang='grc' dir='ltr'><strong><em>ἕκατι,</em></strong></span> <span class='ocrx_word' id='word_1_111' title='bbox 740 1639 892 1703; x_wconf 78' lang='grc' dir='ltr'><strong><em>Μουσῶν</em></strong></span> <span class='ocrx_word' id='word_1_112' title='bbox 921 1635 1031 1717; x_wconf 77' lang='grc' dir='ltr'><strong><em>ἕκατι,</em></strong></span> <span class='ocrx_word' id='word_1_113' title='bbox 1064 1635 1151 1714; x_wconf 86' lang='grc' dir='ltr'><strong><em>Διὸς</em></strong></span> 
     </span>
     <span class='ocr_line' id='line_1_14' title="bbox 71 1734 1151 1824; baseline 0.006 -26"><span class='ocrx_word' id='word_1_114' title='bbox 71 1734 146 1813; x_wconf 73' lang='grc' dir='ltr'><strong><em>ἕκατι,</em></strong></span> <span class='ocrx_word' id='word_1_115' title='bbox 164 1736 198 1801; x_wconf 92' lang='lat' dir='ltr'><strong>id</strong></span> <span class='ocrx_word' id='word_1_116' title='bbox 216 1738 394 1802; x_wconf 80' lang='lat' dir='ltr'><strong>memoriae</strong></span> <span class='ocrx_word' id='word_1_117' title='bbox 414 1737 510 1824; x_wconf 88' lang='lat' dir='ltr'><strong>lapsu</strong></span> <span class='ocrx_word' id='word_1_118' title='bbox 532 1735 739 1802; x_wconf 80' lang='lat' dir='ltr'><strong>substituisse</strong></span> <span class='ocrx_word' id='word_1_119' title='bbox 761 1759 823 1823; x_wconf 92' lang='lat' dir='ltr'><strong>pro</strong></span> <span class='ocrx_word' id='word_1_120' title='bbox 845 1760 1038 1824; x_wconf 85' lang='lat' dir='ltr'><strong>synonymo,</strong></span> <span class='ocrx_word' id='word_1_121' title='bbox 1060 1738 1151 1823; x_wconf 90' lang='lat' dir='ltr'><strong>quod</strong></span> 
     </span>
     <span class='ocr_line' id='line_1_15' title="bbox 69 1835 1151 1926; baseline 0.006 -28"><span class='ocrx_word' id='word_1_122' title='bbox 69 1835 107 1898; x_wconf 89' lang='lat' dir='ltr'><strong>illo</strong></span> <span class='ocrx_word' id='word_1_123' title='bbox 119 1835 181 1902; x_wconf 91' lang='lat' dir='ltr'><strong>loco</strong></span> <span class='ocrx_word' id='word_1_124' title='bbox 194 1837 325 1923; x_wconf 87' lang='lat' dir='ltr'><strong>legitur,</strong></span> <span class='ocrx_word' id='word_1_125' title='bbox 345 1836 537 1925; x_wconf 71' lang='grc' dir='ltr'><strong><em>ἐθελούσης.</em></strong></span> <span class='ocrx_word' id='word_1_126' title='bbox 572 1838 768 1922; x_wconf 80' lang='lat' dir='ltr'><strong>Eodemque</strong></span> <span class='ocrx_word' id='word_1_127' title='bbox 783 1847 820 1902; x_wconf 93' lang='lat' dir='ltr'><strong>ut</strong></span> <span class='ocrx_word' id='word_1_128' title='bbox 835 1839 953 1924; x_wconf 89' lang='lat' dir='ltr'><strong>opinor</strong></span> <span class='ocrx_word' id='word_1_129' title='bbox 970 1839 1151 1926; x_wconf 81' lang='lat' dir='ltr'><strong>scripturae</strong></span> 
     </span>
     <span class='ocr_line' id='line_1_16' title="bbox 69 1929 1149 2025; baseline 0.009 -29"><span class='ocrx_word' id='word_1_130' title='bbox 69 1934 123 1999; x_wconf 80' lang='lat' dir='ltr'><strong>vitio</strong></span> <span class='ocrx_word' id='word_1_131' title='bbox 141 1936 294 2024; x_wconf 88' lang='lat' dir='ltr'><strong>deceptus</strong></span> <span class='ocrx_word' id='word_1_132' title='bbox 315 1938 370 2003; x_wconf 91' lang='lat' dir='ltr'><strong>ille</strong></span> <span class='ocrx_word' id='word_1_133' title='bbox 390 1938 426 2002; x_wconf 92' lang='lat' dir='ltr'><strong>in</strong></span> <span class='ocrx_word' id='word_1_134' title='bbox 446 1938 527 2002; x_wconf 88' lang='grc' dir='ltr'><strong>ΕΜ.</strong></span> <span class='ocrx_word' id='word_1_135' title='bbox 541 1938 612 2004; x_wconf 84' lang='lat' dir='ltr'><strong>lruc</strong></span> <span class='ocrx_word' id='word_1_136' title='bbox 635 1961 671 2004; x_wconf 89' lang='lat' dir='ltr'><strong>se</strong></span> <span class='ocrx_word' id='word_1_137' title='bbox 692 1938 818 2024; x_wconf 90' lang='lat' dir='ltr'><strong>recepit</strong></span> <span class='ocrx_word' id='word_1_138' title='bbox 838 1948 875 2002; x_wconf 90' lang='lat' dir='ltr'><strong>ut</strong></span> <span class='ocrx_word' id='word_1_139' title='bbox 893 1953 1025 2025; x_wconf 89' lang='lat' dir='ltr'><strong>poetam</strong></span> <span class='ocrx_word' id='word_1_140' title='bbox 1038 1929 1072 2009; x_wconf 65' lang='lat' dir='ltr'><strong>o</strong></span> <span class='ocrx_word' id='word_1_141' title='bbox 1088 1941 1149 2006; x_wconf 88' lang='lat' dir='ltr'><strong>mi·</strong></span> 
     </span>
     <span class='ocr_line' id='line_1_17' title="bbox 69 2034 1152 2124; baseline 0.006 -24"><span class='ocrx_word' id='word_1_142' title='bbox 69 2059 124 2100; x_wconf 86' lang='lat' dir='ltr'><strong>eron</strong></span> <span class='ocrx_word' id='word_1_143' title='bbox 146 2040 277 2124; x_wconf 88' lang='lat' dir='ltr'><strong>genitivi</strong></span> <span class='ocrx_word' id='word_1_144' title='bbox 310 2040 488 2106; x_wconf 78' lang='lat' dir='ltr'><strong>exclusisse</strong></span> <span class='ocrx_word' id='word_1_145' title='bbox 521 2039 663 2104; x_wconf 81' lang='lat' dir='ltr'><strong>diceret:</strong></span> <span class='ocrx_word' id='word_1_146' title='bbox 696 2035 805 2116; x_wconf 83' lang='grc' dir='ltr'><strong><em>Κλεός</em></strong></span> <span class='ocrx_word' id='word_1_147' title='bbox 836 2034 910 2104; x_wconf 80' lang='grc' dir='ltr'><strong><em>ἀντὶ</em></strong></span> <span class='ocrx_word' id='word_1_148' title='bbox 937 2044 997 2107; x_wconf 86' lang='grc' dir='ltr'><strong>τοῦ</strong></span> <span class='ocrx_word' id='word_1_149' title='bbox 1022 2039 1152 2120; x_wconf 71' lang='grc' dir='ltr'><strong><em>Ιλλεόος</em></strong></span> 
     </span>
     <span class='ocr_line' id='line_1_18' title="bbox 72 2137 1150 2229; baseline 0.006 -29"><span class='ocrx_word' id='word_1_150' title='bbox 72 2138 109 2222; x_wconf 71' lang='grc' dir='ltr'><strong>(ιλ</strong></span> <span class='ocrx_word' id='word_1_151' title='bbox 123 2151 159 2204; x_wconf 89' lang='lat' dir='ltr'><strong>est</strong></span> <span class='ocrx_word' id='word_1_152' title='bbox 176 2144 320 2228; x_wconf 77' lang='grc' dir='ltr'><strong><em>Κλεοῦς)</em></strong></span> <span class='ocrx_word' id='word_1_153' title='bbox 349 2142 501 2229; x_wconf 73' lang='grc' dir='ltr'><strong><em>συγκοπῇ</em></strong></span> <span class='ocrx_word' id='word_1_154' title='bbox 525 2137 650 2220; x_wconf 65' lang='lat' dir='ltr'><strong>Kissie,</strong></span> <span class='ocrx_word' id='word_1_155' title='bbox 679 2140 771 2224; x_wconf 90' lang='lat' dir='ltr'><strong>quod</strong></span> <span class='ocrx_word' id='word_1_156' title='bbox 796 2163 864 2205; x_wconf 91' lang='lat' dir='ltr'><strong>non</strong></span> <span class='ocrx_word' id='word_1_157' title='bbox 893 2140 1066 2206; x_wconf 88' lang='lat' dir='ltr'><strong>delendam</strong></span> <span class='ocrx_word' id='word_1_158' title='bbox 1092 2163 1150 2206; x_wconf 83' lang='lat' dir='ltr'><strong>ex·</strong></span> 
     </span>
     <span class='ocr_line' id='line_1_19' title="bbox 71 2239 1152 2328; baseline 0.006 -26"><span class='ocrx_word' id='word_1_159' title='bbox 71 2241 147 2325; x_wconf 86' lang='lat' dir='ltr'><strong>euplo</strong></span> <span class='ocrx_word' id='word_1_160' title='bbox 174 2243 312 2328; x_wconf 86' lang='lat' dir='ltr'><strong>genitivi</strong></span> <span class='ocrx_word' id='word_1_161' title='bbox 338 2239 461 2320; x_wconf 84' lang='grc' dir='ltr'><strong><em>Λατός</em></strong></span> <span class='ocrx_word' id='word_1_162' title='bbox 490 2240 526 2304; x_wconf 90' lang='lat' dir='ltr'><strong>in</strong></span> <span class='ocrx_word' id='word_1_163' title='bbox 551 2240 655 2306; x_wconf 92' lang='lat' dir='ltr'><strong>Inscr.</strong></span> <span class='ocrx_word' id='word_1_164' title='bbox 683 2264 714 2306; x_wconf 92' lang='lat' dir='ltr'><strong>v.</strong></span> <span class='ocrx_word' id='word_1_165' title='bbox 739 2241 821 2307; x_wconf 88' lang='lat' dir='ltr'><strong>Ahr.</strong></span> <span class='ocrx_word' id='word_1_166' title='bbox 848 2243 931 2309; x_wconf 93' lang='lat' dir='ltr'><strong>Dor.</strong></span> <span class='ocrx_word' id='word_1_167' title='bbox 955 2243 1027 2308; x_wconf 91' lang='grc'><strong>174.</strong></span> <span class='ocrx_word' id='word_1_168' title='bbox 1072 2245 1152 2312; x_wconf 85' lang='lat' dir='ltr'><strong>Jam</strong></span> 
     </span>
     <span class='ocr_line' id='line_1_20' title="bbox 66 2341 1151 2432; baseline 0.006 -30"><span class='ocrx_word' id='word_1_169' title='bbox 66 2343 214 2428; x_wconf 86' lang='lat' dir='ltr'><strong>profligatis</strong></span> <span class='ocrx_word' id='word_1_170' title='bbox 237 2344 438 2432; x_wconf 90' lang='lat' dir='ltr'><strong>simplicium</strong></span> <span class='ocrx_word' id='word_1_171' title='bbox 459 2342 614 2428; x_wconf 87' lang='lat' dir='ltr'><strong>syncopis</strong></span> <span class='ocrx_word' id='word_1_172' title='bbox 638 2343 679 2408; x_wconf 89' lang='lat' dir='ltr'><strong>de</strong></span> <span class='ocrx_word' id='word_1_173' title='bbox 693 2341 863 2408; x_wconf 90' lang='lat' dir='ltr'><strong>vocabulis</strong></span> <span class='ocrx_word' id='word_1_174' title='bbox 882 2342 1055 2431; x_wconf 86' lang='lat' dir='ltr'><strong>duplicatis</strong></span> <span class='ocrx_word' id='word_1_175' title='bbox 1071 2343 1151 2429; x_wconf 91' lang='lat' dir='ltr'><strong>quid</strong></span> 
     </span>
     <span class='ocr_line' id='line_1_21' title="bbox 65 2443 585 2531; baseline 0.008 -27"><span class='ocrx_word' id='word_1_176' title='bbox 65 2445 207 2510; x_wconf 87' lang='lat' dir='ltr'><strong>tenendum</strong></span> <span class='ocrx_word' id='word_1_177' title='bbox 227 2447 271 2510; x_wconf 93' lang='lat' dir='ltr'><strong>sit</strong></span> <span class='ocrx_word' id='word_1_178' title='bbox 296 2446 405 2512; x_wconf 88' lang='lat' dir='ltr'><strong>dicere</strong></span> <span class='ocrx_word' id='word_1_179' title='bbox 427 2443 585 2531; x_wconf 85' lang='lat' dir='ltr'><strong>experiar.</strong></span> 
     </span>
    </p>

    <p class='ocr_par' dir='ltr' id='par_1_3' title="bbox 57 2544 1157 4349">
     <span class='ocr_line' id='line_1_22' title="bbox 125 2544 1152 2633; baseline 0 -21"><span class='ocrx_word' id='word_1_180' title='bbox 125 2550 147 2631; x_wconf 69' lang='lat' dir='ltr'><strong>i.</strong></span> <span class='ocrx_word' id='word_1_181' title='bbox 166 2549 195 2612; x_wconf 88' lang='grc'><strong>3.</strong></span> <span class='ocrx_word' id='word_1_182' title='bbox 237 2549 331 2612; x_wconf 92' lang='lat' dir='ltr'><strong>Huic</strong></span> <span class='ocrx_word' id='word_1_183' title='bbox 352 2546 467 2633; x_wconf 85' lang='lat' dir='ltr'><strong>generi</strong></span> <span class='ocrx_word' id='word_1_184' title='bbox 489 2546 574 2610; x_wconf 89' lang='lat' dir='ltr'><strong>duae</strong></span> <span class='ocrx_word' id='word_1_185' title='bbox 597 2544 791 2630; x_wconf 90' lang='lat' dir='ltr'><strong>suppositae</strong></span> <span class='ocrx_word' id='word_1_186' title='bbox 813 2555 888 2610; x_wconf 91' lang='lat' dir='ltr'><strong>sunt</strong></span> <span class='ocrx_word' id='word_1_187' title='bbox 910 2546 1053 2632; x_wconf 81' lang='lat' dir='ltr'><strong>species3</strong></span> <span class='ocrx_word' id='word_1_188' title='bbox 1074 2569 1152 2612; x_wconf 92' lang='lat' dir='ltr'><strong>nam</strong></span> 
     </span>
     <span class='ocr_line' id='line_1_23' title="bbox 63 2634 1151 2736; baseline 0.004 -26"><span class='ocrx_word' id='word_1_189' title='bbox 63 2634 197 2714; x_wconf 72' lang='lat' dir='ltr'><strong>dmicron</strong></span> <span class='ocrx_word' id='word_1_190' title='bbox 217 2661 276 2714; x_wconf 87' lang='lat' dir='ltr'><strong>aut</strong></span> <span class='ocrx_word' id='word_1_191' title='bbox 299 2649 422 2736; x_wconf 79' lang='lat' dir='ltr'><strong>primae</strong></span> <span class='ocrx_word' id='word_1_192' title='bbox 441 2646 527 2733; x_wconf 89' lang='lat' dir='ltr'><strong>parti</strong></span> <span class='ocrx_word' id='word_1_193' title='bbox 549 2644 741 2710; x_wconf 86' lang='lat' dir='ltr'><strong>subducitur</strong></span> <span class='ocrx_word' id='word_1_194' title='bbox 761 2656 818 2710; x_wconf 86' lang='lat' dir='ltr'><strong>aut</strong></span> <span class='ocrx_word' id='word_1_195' title='bbox 838 2647 1012 2712; x_wconf 88' lang='lat' dir='ltr'><strong>secundae.</strong></span> <span class='ocrx_word' id='word_1_196' title='bbox 1057 2645 1151 2728; x_wconf 84' lang='lat' dir='ltr'><strong>Quas</strong></span> 
     </span>
     <span class='ocr_line' id='line_1_24' title="bbox 62 2747 1152 2837; baseline 0.001 -26"><span class='ocrx_word' id='word_1_197' title='bbox 62 2749 175 2814; x_wconf 84' lang='lat' dir='ltr'><strong>rationes</strong></span> <span class='ocrx_word' id='word_1_198' title='bbox 196 2751 331 2837; x_wconf 91' lang='lat' dir='ltr'><strong>sequuti</strong></span> <span class='ocrx_word' id='word_1_199' title='bbox 353 2748 529 2834; x_wconf 85' lang='lat' dir='ltr'><strong>scriptores</strong></span> <span class='ocrx_word' id='word_1_200' title='bbox 550 2748 694 2812; x_wconf 88' lang='lat' dir='ltr'><strong>vocalem</strong></span> <span class='ocrx_word' id='word_1_201' title='bbox 717 2747 884 2816; x_wconf 87' lang='lat' dir='ltr'><strong>nominum</strong></span> <span class='ocrx_word' id='word_1_202' title='bbox 904 2770 971 2812; x_wconf 90' lang='lat' dir='ltr'><strong>non</strong></span> <span class='ocrx_word' id='word_1_203' title='bbox 995 2767 1152 2834; x_wconf 85' lang='lat' dir='ltr'><strong>purorum</strong></span> 
     </span>
     <span class='ocr_line' id='line_1_25' title="bbox 61 2848 1153 2932; baseline 0.002 -22"><span class='ocrx_word' id='word_1_204' title='bbox 61 2848 178 2916; x_wconf 85' lang='lat' dir='ltr'><strong>ultimam</strong></span> <span class='ocrx_word' id='word_1_205' title='bbox 197 2864 275 2918; x_wconf 86' lang='lat' dir='ltr'><strong>ante</strong></span> <span class='ocrx_word' id='word_1_206' title='bbox 296 2851 444 2917; x_wconf 87' lang='lat' dir='ltr'><strong>vocalem</strong></span> <span class='ocrx_word' id='word_1_207' title='bbox 466 2848 632 2932; x_wconf 88' lang='lat' dir='ltr'><strong>sequentis</strong></span> <span class='ocrx_word' id='word_1_208' title='bbox 653 2848 753 2913; x_wconf 93' lang='lat' dir='ltr'><strong>modo</strong></span> <span class='ocrx_word' id='word_1_209' title='bbox 776 2869 851 2914; x_wconf 89' lang='lat' dir='ltr'><strong>cum</strong></span> <span class='ocrx_word' id='word_1_210' title='bbox 872 2870 911 2914; x_wconf 88' lang='lat' dir='ltr'><strong>ea</strong></span> <span class='ocrx_word' id='word_1_211' title='bbox 933 2849 1153 2914; x_wconf 83' lang='lat' dir='ltr'><strong>contraxerint</strong></span> 
     </span>
     <span class='ocr_line' id='line_1_26' title="bbox 61 2944 1154 3038; baseline 0.002 -28"><span class='ocrx_word' id='word_1_212' title='bbox 61 2960 87 3011; x_wconf 93' lang='lat' dir='ltr'><strong>ut</strong></span> <span class='ocrx_word' id='word_1_213' title='bbox 102 2947 262 3038; x_wconf 75' lang='grc' dir='ltr'><strong><em>ι’σοοργός,</em></strong></span> <span class='ocrx_word' id='word_1_214' title='bbox 294 2952 394 3018; x_wconf 92' lang='lat' dir='ltr'><strong>modo</strong></span> <span class='ocrx_word' id='word_1_215' title='bbox 422 2949 589 3016; x_wconf 89' lang='lat' dir='ltr'><strong>omiserint</strong></span> <span class='ocrx_word' id='word_1_216' title='bbox 614 2944 806 3034; x_wconf 75' lang='grc' dir='ltr'><strong><em>ἰσάργυρος,</em></strong></span> <span class='ocrx_word' id='word_1_217' title='bbox 836 2950 936 3015; x_wconf 90' lang='lat' dir='ltr'><strong>modo</strong></span> <span class='ocrx_word' id='word_1_218' title='bbox 962 2949 1154 3015; x_wconf 89' lang='lat' dir='ltr'><strong>retinuerint</strong></span> 
     </span>
     <span class='ocr_line' id='line_1_27' title="bbox 60 3049 1154 3142; baseline 0.002 -30"><span class='ocrx_word' id='word_1_219' title='bbox 60 3049 227 3118; x_wconf 90' lang='lat' dir='ltr'><strong>incolumem</strong></span> <span class='ocrx_word' id='word_1_220' title='bbox 257 3050 406 3142; x_wconf 74' lang='grc' dir='ltr'><strong><em>ἶσοϋψής</em></strong></span> <span class='ocrx_word' id='word_1_221' title='bbox 429 3073 459 3116; x_wconf 88' lang='lat' dir='ltr'><strong>v.</strong></span> <span class='ocrx_word' id='word_1_222' title='bbox 485 3050 529 3114; x_wconf 91' lang='lat' dir='ltr'><strong>ad</strong></span> <span class='ocrx_word' id='word_1_223' title='bbox 552 3049 633 3116; x_wconf 87' lang='lat' dir='ltr'><strong>Phr.</strong></span> <span class='ocrx_word' id='word_1_224' title='bbox 657 3049 731 3114; x_wconf 88' lang='grc'><strong>675.</strong></span> <span class='ocrx_word' id='word_1_225' title='bbox 760 3051 909 3135; x_wconf 87' lang='lat' dir='ltr'><strong>quaestio</strong></span> <span class='ocrx_word' id='word_1_226' title='bbox 938 3049 1077 3136; x_wconf 86' lang='lat' dir='ltr'><strong>amplior</strong></span> <span class='ocrx_word' id='word_1_227' title='bbox 1103 3059 1154 3114; x_wconf 90' lang='lat' dir='ltr'><strong>est</strong></span> 
     </span>
     <span class='ocr_line' id='line_1_28' title="bbox 60 3150 1151 3238; baseline -0.001 -23"><span class='ocrx_word' id='word_1_228' title='bbox 60 3171 134 3233; x_wconf 84' lang='lat' dir='ltr'><strong>quam</strong></span> <span class='ocrx_word' id='word_1_229' title='bbox 154 3175 237 3238; x_wconf 88' lang='lat' dir='ltr'><strong>quae</strong></span> <span class='ocrx_word' id='word_1_230' title='bbox 263 3153 329 3218; x_wconf 91' lang='lat' dir='ltr'><strong>hoc</strong></span> <span class='ocrx_word' id='word_1_231' title='bbox 352 3152 387 3216; x_wconf 91' lang='lat' dir='ltr'><strong>in</strong></span> <span class='ocrx_word' id='word_1_232' title='bbox 410 3152 547 3216; x_wconf 73' lang='lat' dir='ltr'><strong>mansitu</strong></span> <span class='ocrx_word' id='word_1_233' title='bbox 569 3151 699 3217; x_wconf 85' lang='lat' dir='ltr'><strong>tractari</strong></span> <span class='ocrx_word' id='word_1_234' title='bbox 722 3151 845 3237; x_wconf 89' lang='lat' dir='ltr'><strong>possit;</strong></span> <span class='ocrx_word' id='word_1_235' title='bbox 870 3151 923 3215; x_wconf 91' lang='lat' dir='ltr'><strong>hic</strong></span> <span class='ocrx_word' id='word_1_236' title='bbox 945 3150 1045 3216; x_wconf 90' lang='lat' dir='ltr'><strong>modo</strong></span> <span class='ocrx_word' id='word_1_237' title='bbox 1068 3173 1151 3238; x_wconf 91' lang='lat' dir='ltr'><strong>pau·</strong></span> 
     </span>
     <span class='ocr_line' id='line_1_29' title="bbox 60 3252 1153 3338; baseline 0.004 -24"><span class='ocrx_word' id='word_1_238' title='bbox 60 3272 147 3316; x_wconf 89' lang='lat' dir='ltr'><strong>corum</strong></span> <span class='ocrx_word' id='word_1_239' title='bbox 158 3253 359 3319; x_wconf 90' lang='lat' dir='ltr'><strong>mentionem</strong></span> <span class='ocrx_word' id='word_1_240' title='bbox 372 3253 489 3318; x_wconf 85' lang='lat' dir='ltr'><strong>faciam</strong></span> <span class='ocrx_word' id='word_1_241' title='bbox 503 3275 588 3337; x_wconf 86' lang='lat' dir='ltr'><strong>quae</strong></span> <span class='ocrx_word' id='word_1_242' title='bbox 600 3252 811 3319; x_wconf 86' lang='lat' dir='ltr'><strong>Grammatici</strong></span> <span class='ocrx_word' id='word_1_243' title='bbox 826 3252 990 3338; x_wconf 87' lang='lat' dir='ltr'><strong>attingunt</strong></span> <span class='ocrx_word' id='word_1_244' title='bbox 1005 3252 1153 3318; x_wconf 85' lang='lat' dir='ltr'><strong>affectio·</strong></span> 
     </span>
     <span class='ocr_line' id='line_1_30' title="bbox 60 3345 1153 3442; baseline 0.005 -28"><span class='ocrx_word' id='word_1_245' title='bbox 60 3351 97 3416; x_wconf 89' lang='lat' dir='ltr'><strong>nis</strong></span> <span class='ocrx_word' id='word_1_246' title='bbox 120 3353 252 3420; x_wconf 84' lang='lat' dir='ltr'><strong>incerti:</strong></span> <span class='ocrx_word' id='word_1_247' title='bbox 286 3348 471 3440; x_wconf 80' lang='grc' dir='ltr'><strong><em>ἀγρόαυλος</em></strong></span> <span class='ocrx_word' id='word_1_248' title='bbox 499 3352 559 3419; x_wconf 82' lang='grc' dir='ltr'><strong>καὶ</strong></span> <span class='ocrx_word' id='word_1_249' title='bbox 587 3358 741 3442; x_wconf 61' lang='lat' dir='ltr'><strong>‹roy-song}</strong></span> <span class='ocrx_word' id='word_1_250' title='bbox 775 3345 937 3440; x_wconf 77' lang='grc' dir='ltr'><strong><em>ῦλγραολος</em></strong></span> <span class='ocrx_word' id='word_1_251' title='bbox 968 3353 1078 3439; x_wconf 86' lang='lat' dir='ltr'><strong>Epim.</strong></span> <span class='ocrx_word' id='word_1_252' title='bbox 1105 3354 1153 3420; x_wconf 89' lang='lat' dir='ltr'><strong>H.</strong></span> 
     </span>
     <span class='ocr_line' id='line_1_31' title="bbox 60 3453 1155 3542; baseline 0.003 -26"><span class='ocrx_word' id='word_1_253' title='bbox 60 3453 114 3532; x_wconf 82' lang='grc'><strong>343,</strong></span> <span class='ocrx_word' id='word_1_254' title='bbox 132 3458 161 3522; x_wconf 92' lang='grc'><strong>3.</strong></span> <span class='ocrx_word' id='word_1_255' title='bbox 185 3479 328 3542; x_wconf 91' lang='lat' dir='ltr'><strong>quorum</strong></span> <span class='ocrx_word' id='word_1_256' title='bbox 355 3455 523 3519; x_wconf 91' lang='lat' dir='ltr'><strong>nominum</strong></span> <span class='ocrx_word' id='word_1_257' title='bbox 544 3454 707 3540; x_wconf 89' lang='lat' dir='ltr'><strong>posterius</strong></span> <span class='ocrx_word' id='word_1_258' title='bbox 731 3453 809 3519; x_wconf 89' lang='lat' dir='ltr'><strong>solis</strong></span> <span class='ocrx_word' id='word_1_259' title='bbox 831 3454 938 3540; x_wconf 89' lang='lat' dir='ltr'><strong>poetis</strong></span> <span class='ocrx_word' id='word_1_260' title='bbox 962 3475 1155 3520; x_wconf 88' lang='lat' dir='ltr'><strong>concessum</strong></span> 
     </span>
     <span class='ocr_line' id='line_1_32' title="bbox 59 3549 1155 3646; baseline 0.003 -29"><span class='ocrx_word' id='word_1_261' title='bbox 59 3566 106 3631; x_wconf 84' lang='lat' dir='ltr'><strong>est,</strong></span> <span class='ocrx_word' id='word_1_262' title='bbox 134 3557 269 3623; x_wconf 86' lang='lat' dir='ltr'><strong>alterum</strong></span> <span class='ocrx_word' id='word_1_263' title='bbox 296 3579 339 3622; x_wconf 93' lang='lat' dir='ltr'><strong>ne</strong></span> <span class='ocrx_word' id='word_1_264' title='bbox 365 3556 416 3621; x_wconf 93' lang='lat' dir='ltr'><strong>his</strong></span> <span class='ocrx_word' id='word_1_265' title='bbox 445 3556 595 3641; x_wconf 83' lang='lat' dir='ltr'><strong>quidem3</strong></span> <span class='ocrx_word' id='word_1_266' title='bbox 628 3549 805 3642; x_wconf 78' lang='grc' dir='ltr'><strong><em>αῦτοέυτης</em></strong></span> <span class='ocrx_word' id='word_1_267' title='bbox 829 3554 886 3621; x_wconf 84' lang='grc' dir='ltr'><strong>καὶ</strong></span> <span class='ocrx_word' id='word_1_268' title='bbox 910 3559 1064 3646; x_wconf 78' lang='grc' dir='ltr'><strong><em>συγκοπῇ</em></strong></span> <span class='ocrx_word' id='word_1_269' title='bbox 1091 3549 1155 3622; x_wconf 81' lang='grc' dir='ltr'><strong>αῦ-</strong></span> 
     </span>
     <span class='ocr_line' id='line_1_33' title="bbox 59 3654 1156 3744; baseline 0.005 -28"><span class='ocrx_word' id='word_1_270' title='bbox 59 3655 157 3742; x_wconf 77' lang='grc' dir='ltr'><strong><em>3έυιης</em></strong></span> <span class='ocrx_word' id='word_1_271' title='bbox 175 3659 204 3724; x_wconf 91' lang='grc' dir='ltr'><strong>Ι.</strong></span> <span class='ocrx_word' id='word_1_272' title='bbox 225 3659 303 3735; x_wconf 91' lang='grc'><strong>427,</strong></span> <span class='ocrx_word' id='word_1_273' title='bbox 325 3658 356 3722; x_wconf 87' lang='grc'><strong>8.</strong></span> <span class='ocrx_word' id='word_1_274' title='bbox 384 3656 592 3742; x_wconf 88' lang='lat' dir='ltr'><strong>Phrynichus</strong></span> <span class='ocrx_word' id='word_1_275' title='bbox 612 3677 690 3720; x_wconf 89' lang='lat' dir='ltr'><strong>vero</strong></span> <span class='ocrx_word' id='word_1_276' title='bbox 709 3656 802 3742; x_wconf 92' lang='lat' dir='ltr'><strong>App.</strong></span> <span class='ocrx_word' id='word_1_277' title='bbox 823 3655 874 3733; x_wconf 90' lang='grc'><strong>15,</strong></span> <span class='ocrx_word' id='word_1_278' title='bbox 897 3654 948 3722; x_wconf 92' lang='grc'><strong>11.</strong></span> <span class='ocrx_word' id='word_1_279' title='bbox 979 3657 1156 3744; x_wconf 81' lang='grc' dir='ltr'><strong><em>Σοφοκλῆς</em></strong></span> 
     </span>
     <span class='ocr_line' id='line_1_34' title="bbox 58 3749 1155 3844; baseline 0.004 -26"><span class='ocrx_word' id='word_1_280' title='bbox 58 3749 140 3834; x_wconf 70' lang='grc' dir='ltr'><strong><em>λύσας</em></strong></span> <span class='ocrx_word' id='word_1_281' title='bbox 163 3751 312 3838; x_wconf 77' lang='grc' dir='ltr'><strong><em>τοῦνομα</em></strong></span> <span class='ocrx_word' id='word_1_282' title='bbox 339 3754 515 3844; x_wconf 77' lang='grc' dir='ltr'><strong><em>αῦτοέυτης</em></strong></span> <span class='ocrx_word' id='word_1_283' title='bbox 539 3750 650 3823; x_wconf 72' lang='lat' dir='ltr'><strong>eines·</strong></span> <span class='ocrx_word' id='word_1_284' title='bbox 679 3752 752 3822; x_wconf 68' lang='grc' dir='ltr'><strong><em>ἔστι</em></strong></span> <span class='ocrx_word' id='word_1_285' title='bbox 775 3755 813 3824; x_wconf 79' lang='grc' dir='ltr'><strong>δὲ</strong></span> <span class='ocrx_word' id='word_1_286' title='bbox 835 3752 1095 3841; x_wconf 77' lang='grc' dir='ltr'><strong><em>πολιτικώτερον</em></strong></span> <span class='ocrx_word' id='word_1_287' title='bbox 1116 3754 1155 3822; x_wconf 87' lang='grc' dir='ltr'><strong>τὸ</strong></span> 
     </span>
     <span class='ocr_line' id='line_1_35' title="bbox 59 3849 1154 3947; baseline 0.004 -31"><span class='ocrx_word' id='word_1_288' title='bbox 59 3849 215 3946; x_wconf 68' lang='grc' dir='ltr'><strong><em>αὐθέντης,</em></strong></span> <span class='ocrx_word' id='word_1_289' title='bbox 240 3860 326 3925; x_wconf 90' lang='lat' dir='ltr'><strong>sicut</strong></span> <span class='ocrx_word' id='word_1_290' title='bbox 347 3855 535 3947; x_wconf 79' lang='grc' dir='ltr'><strong><em>αι’·τερέτης,</em></strong></span> <span class='ocrx_word' id='word_1_291' title='bbox 558 3853 723 3944; x_wconf 79' lang='grc' dir='ltr'><strong><em>αῦτολρκης</em></strong></span> <span class='ocrx_word' id='word_1_292' title='bbox 745 3866 806 3922; x_wconf 88' lang='lat' dir='ltr'><strong>etc.</strong></span> <span class='ocrx_word' id='word_1_293' title='bbox 849 3857 978 3923; x_wconf 85' lang='lat' dir='ltr'><strong>Eadem</strong></span> <span class='ocrx_word' id='word_1_294' title='bbox 996 3878 1073 3921; x_wconf 89' lang='lat' dir='ltr'><strong>vero</strong></span> <span class='ocrx_word' id='word_1_295' title='bbox 1095 3877 1154 3920; x_wconf 87' lang='lat' dir='ltr'><strong>vo·</strong></span> 
     </span>
     <span class='ocr_line' id='line_1_36' title="bbox 57 3954 1156 4043; baseline 0.003 -24"><span class='ocrx_word' id='word_1_296' title='bbox 57 3954 121 4022; x_wconf 78' lang='lat' dir='ltr'><strong>calis</strong></span> <span class='ocrx_word' id='word_1_297' title='bbox 142 3969 178 4022; x_wconf 92' lang='lat' dir='ltr'><strong>ut</strong></span> <span class='ocrx_word' id='word_1_298' title='bbox 205 3971 282 4026; x_wconf 89' lang='lat' dir='ltr'><strong>ante</strong></span> <span class='ocrx_word' id='word_1_299' title='bbox 309 3982 489 4026; x_wconf 88' lang='lat' dir='ltr'><strong>consonam</strong></span> <span class='ocrx_word' id='word_1_300' title='bbox 517 3958 746 4024; x_wconf 81' lang='lat' dir='ltr'><strong>exterminetur</strong></span> <span class='ocrx_word' id='word_1_301' title='bbox 772 3959 970 4025; x_wconf 84' lang='lat' dir='ltr'><strong>rarissimum</strong></span> <span class='ocrx_word' id='word_1_302' title='bbox 998 3966 1064 4022; x_wconf 89' lang='lat' dir='ltr'><strong>est:</strong></span> <span class='ocrx_word' id='word_1_303' title='bbox 1096 3956 1156 4043; x_wconf 84' lang='grc' dir='ltr'><strong>τὴν</strong></span> 
     </span>
     <span class='ocr_line' id='line_1_37' title="bbox 62 4053 1155 4149; baseline -0.002 -27"><span class='ocrx_word' id='word_1_304' title='bbox 62 4056 258 4147; x_wconf 70' lang='grc' dir='ltr'><strong><em>Χερρόνησον</em></strong></span> <span class='ocrx_word' id='word_1_305' title='bbox 272 4060 443 4149; x_wconf 78' lang='grc' dir='ltr'><strong><em>Χέρνησον</em></strong></span> <span class='ocrx_word' id='word_1_306' title='bbox 462 4057 591 4147; x_wconf 75' lang='grc' dir='ltr'><strong><em>εἴρηκεν</em></strong></span> <span class='ocrx_word' id='word_1_307' title='bbox 606 4053 650 4137; x_wconf 86' lang='grc' dir='ltr'><strong><em>ὡς</em></strong></span> <span class='ocrx_word' id='word_1_308' title='bbox 666 4058 702 4124; x_wconf 79' lang='grc' dir='ltr'><strong>ἐν</strong></span> <span class='ocrx_word' id='word_1_309' title='bbox 716 4065 763 4147; x_wconf 77' lang='grc' dir='ltr'><strong>τῷ</strong></span> <span class='ocrx_word' id='word_1_310' title='bbox 779 4058 904 4148; x_wconf 82' lang='grc' dir='ltr'><strong><em>πρώτῳ</em></strong></span> <span class='ocrx_word' id='word_1_311' title='bbox 921 4057 1032 4128; x_wconf 88' lang='lat' dir='ltr'><strong>Schol.</strong></span> <span class='ocrx_word' id='word_1_312' title='bbox 1040 4055 1155 4142; x_wconf 87' lang='lat' dir='ltr'><strong>Apoll.</strong></span> 
     </span>
     <span class='ocr_line' id='line_1_38' title="bbox 58 4152 1156 4249; baseline 0.002 -27"><span class='ocrx_word' id='word_1_313' title='bbox 58 4152 106 4222; x_wconf 86' lang='lat' dir='ltr'><strong>IV.</strong></span> <span class='ocrx_word' id='word_1_314' title='bbox 125 4159 216 4226; x_wconf 88' lang='grc'><strong>1175.</strong></span> <span class='ocrx_word' id='word_1_315' title='bbox 261 4163 301 4226; x_wconf 94' lang='lat' dir='ltr'><strong>In</strong></span> <span class='ocrx_word' id='word_1_316' title='bbox 318 4162 425 4249; x_wconf 91' lang='lat' dir='ltr'><strong>primo</strong></span> <span class='ocrx_word' id='word_1_317' title='bbox 442 4159 525 4225; x_wconf 88' lang='lat' dir='ltr'><strong>libro</strong></span> <span class='ocrx_word' id='word_1_318' title='bbox 547 4183 577 4224; x_wconf 92' lang='lat' dir='ltr'><strong>v.</strong></span> <span class='ocrx_word' id='word_1_319' title='bbox 591 4158 664 4224; x_wconf 92' lang='grc'><strong>925.</strong></span> <span class='ocrx_word' id='word_1_320' title='bbox 686 4181 705 4225; x_wconf 90' lang='lat' dir='ltr'><strong>e</strong></span> <span class='ocrx_word' id='word_1_321' title='bbox 724 4162 832 4226; x_wconf 92' lang='lat' dir='ltr'><strong>multis</strong></span> <span class='ocrx_word' id='word_1_322' title='bbox 855 4160 952 4227; x_wconf 89' lang='lat' dir='ltr'><strong>codd.</strong></span> <span class='ocrx_word' id='word_1_323' title='bbox 974 4158 1156 4244; x_wconf 88' lang='lat' dir='ltr'><strong>repositum</strong></span> 
     </span>
     <span class='ocr_line' id='line_1_39' title="bbox 59 4258 1157 4349; baseline 0.009 -33"><span class='ocrx_word' id='word_1_324' title='bbox 59 4265 99 4319; x_wconf 88' lang='lat' dir='ltr'><strong>est</strong></span> <span class='ocrx_word' id='word_1_325' title='bbox 109 4258 308 4347; x_wconf 79' lang='grc' dir='ltr'><strong><em>Χερόνησος,</em></strong></span> <span class='ocrx_word' id='word_1_326' title='bbox 324 4263 384 4328; x_wconf 87' lang='lat' dir='ltr'><strong>sed</strong></span> <span class='ocrx_word' id='word_1_327' title='bbox 402 4262 437 4327; x_wconf 89' lang='lat' dir='ltr'><strong>in</strong></span> <span class='ocrx_word' id='word_1_328' title='bbox 455 4262 556 4328; x_wconf 88' lang='lat' dir='ltr'><strong>altero</strong></span> <span class='ocrx_word' id='word_1_329' title='bbox 572 4283 639 4326; x_wconf 89' lang='lat' dir='ltr'><strong>non</strong></span> <span class='ocrx_word' id='word_1_330' title='bbox 655 4263 812 4349; x_wconf 88' lang='lat' dir='ltr'><strong>permittit</strong></span> <span class='ocrx_word' id='word_1_331' title='bbox 828 4271 982 4337; x_wconf 86' lang='lat' dir='ltr'><strong>metrum3</strong></span> <span class='ocrx_word' id='word_1_332' title='bbox 1006 4260 1157 4346; x_wconf 84' lang='lat' dir='ltr'><strong>adjectivi</strong></span> 
     </span>
    </p>
   </div>
   <div class='ocr_carea' id='block_1_3' title="bbox 0 0 1418 4809">
    <p class='ocr_par' dir='ltr' id='par_1_4' title="bbox 0 0 1418 4809">
     <span class='ocr_line' id='line_1_40' title="bbox 0 0 1418 4809; baseline 0 2"><span class='ocrx_word' id='word_1_333' title='bbox 0 0 1418 4809; x_wconf 95' lang='lat' dir='ltr'><strong> </strong></span> 
     </span>
    </p>
   </div>
  </div>
 </body>
</html>
