2825 4809
273 359 347 431 m
500 413 504 420 .
635 353 958 422 DISSEBTATIO
991 354 1020 418 I.

269 539 350 623 μία,
375 534 513 620 μεσνύς,
541 533 710 621 μάλεσρον
733 539 815 606 ΕΜ.
838 538 917 615 573,
940 537 993 604 38.
1026 535 1185 602 Choerob.
1210 539 1305 625 Epim.
1324 544 1350 608 in

269 639 393 706 Parim.
412 639 451 715 4,
473 638 527 704 34.
551 658 690 721 quorum
719 651 847 725 partem
875 638 995 724 repetit
1020 637 1278 722 Epim.11.39o
1305 645 1350 708 ad·

271 740 394 825 scripta
421 739 458 806 in
478 739 627 824 margine
648 741 835 806 Herodiani
858 740 1068 806 auotoritate:
1095 737 1202 825 μηνύω
1222 742 1302 823 παρὰ
1322 747 1349 806 ιλ

271 837 360 910 ἀνύω
379 841 420 908 τὸ
443 841 632 925 διέρχομαι·
656 840 691 906 ἐν
713 842 859 918 πολλαῖς
880 841 942 924 γὰρ
965 839 1074 918 λέξεσι
1097 836 1260 920 πλεονάζει
1278 831 1352 926 σύμ,

271 940 413 1030 ἇκύριος
431 931 616 1026 μακάριος,
647 937 751 1018 ἑστώς
776 939 908 1021 μεσνιύς
936 939 1000 1005 hoo
1023 951 1072 1004 est
1100 940 1190 1021 παρὰ
1212 939 1246 1006 ai
1270 940 1307 1006 ἕω
1324 943 1350 1006 ri

271 1031 392 1130 πληροῖ
415 1038 511 1118 ἑστός
528 1038 651 1124 μεστός
664 1043 752 1110 ΕΜ.
770 1042 844 1118 580,
862 1042 917 1108 421.
961 1044 1056 1110 Haeo
1071 1040 1174 1106 iutilia
1191 1051 1274 1117 sunt3
1293 1064 1352 1126 pro·

270 1143 431 1212 habiliora
458 1142 514 1206 illa
543 1165 628 1225 quae
655 1143 768 1210 Sohol.
794 1144 890 1230 Lipa.
918 1143 1127 1208 11.11.201.
1157 1151 1188 1208 et
1212 1142 1353 1206 Helladius

271 1268 349 1331 pag.
372 1245 445 1310 867.
469 1254 651 1329 suggerunt
676 1243 733 1327 μίν
758 1240 825 1312 rino
855 1250 915 1310 τοῦ
941 1244 1055 1326 τρίτου
1081 1239 1257 1328 προςιύποσ
1280 1247 1327 1310 τού
1344 1240 1356 1306 ί

270 1348 476 1430 πλεονασμῷ
498 1350 559 1412 νοῦ
581 1334 678 1428 {tric
702 1341 741 1410 ίά
763 1345 840 1427 μιά,
870 1339 1010 1428 ίίλεσρσν
1033 1341 1204 1428 μύλειιρον.
1244 1343 1306 1406 Ησσ
1322 1365 1353 1406 ex

271 1469 339 1514 uno
358 1444 501 1510 innotuit
510 1444 660 1522 Achaeo,
683 1445 744 1510 aed
761 1445 906 1510 molendi
922 1429 1084 1510 voeabula
1101 1444 1135 1508 in
1155 1441 1289 1508 omnibus
1302 1441 1354 1504 iere

270 1547 427 1631 Europae
448 1545 570 1630 linguis
594 1547 629 1610 in
651 1545 814 1632 principio
838 1566 1017 1613 consonam
1037 1546 1128 1632 illarp
1148 1543 1262 1608 habent
1281 1565 1356 1626 quau

271 1658 397 1713 veteres
419 1646 455 1712 in
479 1647 580 1731 stirpe
601 1647 731 1712 insitam
757 1671 829 1714 ease
851 1657 990 1732 negant:
1018 1643 1107 1732 μύλη
1130 1645 1223 1728 παρὰ
1244 1645 1275 1708 τι)
1295 1639 1355 1708 atat

271 1748 310 1816 τὸ
335 1748 513 1833 συστρέφον
537 1746 702 1814 Choerob.
726 1749 762 1812 in
782 1749 905 1814 Psalm.
929 1746 1001 1823 151,
1019 1746 1050 1810 6.
1073 1743 1208 1829 μύλλων
1229 1741 1262 1808 ιι)
1283 1739 1357 1809 ἐλαύ-

271 1842 349 1930 νειν,
375 1843 490 1924 ὠθεῖν,
519 1843 590 1915 ἀπὸ
613 1854 678 1914 νιῦν
700 1844 868 1918 ἀλούντων
893 1848 949 1914 καί
976 1852 1020 1936 τῇ
1043 1843 1143 1932 κώπῃ
1165 1844 1238 1920 τούς
1260 1839 1357 1924 μύλοις

272 1943 452 2018 ὠθούντων
485 1946 563 2014 Soh.
594 1948 736 2016 Theoor.
764 1951 826 2017 IV.
855 1949 907 2014 58.
942 1947 1032 2033 quod
1065 1947 1188 2011 Pollux
1221 1943 1290 2006 dicit
1315 1939 1358 2027 ιιμ

271 2048 379 2135 μύλην
398 2050 565 2133 στρέφειν,
588 2047 771 2137 περιάγειν·
792 2047 1031 2134 περιελαύνειν.
1044 2085 1087 2096 -
1105 2043 1228 2127 ’Όσχος
1249 2043 1297 2108 καὶ
1314 2039 1359 2122 μό-

272 2174 350 2231 σχος
370 2148 413 2215 τὰ
436 2146 589 2235 κλήματα
611 2149 668 2216 καί
689 2148 725 2215 αἱ
748 2151 855 2227 ἕλικες
875 2151 992 2218 Galen.
1004 2148 1118 2216 Gloaa.
1140 2144 1207 2214 ἀπὸ
1230 2149 1283 2212 σού
1301 2138 1360 2236 dio,

272 2249 360 2331 ὅπερ
388 2246 448 2335 δύο
478 2247 647 2332 σημαίνει,
678 2243 777 2330 ίίσχσς
806 2252 863 2317 ναί
889 2249 1017 2334 μόσχος
1046 2250 1247 2332 πλεονασμῷ
1272 2247 1319 2309 τοῦ
1341 2267 1359 2323 μ

271 2349 353 2416 ΕΜ.
375 2348 449 2424 591,
473 2348 525 2414 37.
554 2370 592 2412 ao
620 2347 767 2414 similiter
794 2351 906 2416 Latini
935 2351 1149 2416 animantium
1176 2346 1380 2427 arborumque¹

271 2448 421 2535 germina
439 2451 545 2530 pultes
572 2460 692 2514 vocant
698 2473 708 2525 ;
739 2445 816 2532 ίίζος
836 2451 976 2518 fortasse
1002 2453 1048 2518 aie
1073 2464 1112 2516 ut
1133 2454 1215 2526 olus,
1232 2449 1323 2532 proles
1340 2455 1363 2506 et

272 2553 392 2619 soboles
413 2548 455 2615 ab
479 2551 699 2616 adolescendo
719 2551 846 2617 dieitur.
889 2553 1008 2620 Cetera
1029 2550 1213 2640 pleonaemi
1233 2543 1379 2629 exempla

273 2674 359 2737 quae
382 2651 593 2718 Grammatiei
615 2653 846 2738 suppeditant,
877 2655 920 2718 ad
950 2655 1186 2721 derivationem
1213 2649 1364 2738 pertinent:

271 2749 414 2834 Μοχλός
442 2752 538 2835 παρὰ
564 2752 602 2818 τὸ
631 2751 710 2834 ἔχω,
740 2753 815 2820 ἐπεὶ
846 2755 903 2822 καί
921 2754 1072 2840 Ὅμηρος
1100 2751 1188 2839 ὀχῆα
1219 2752 1299 2836 λέγει
1325 2746 1366 2812 σύν

271 2850 410 2936 μοχλόν·
434 2846 455 2938 ἢ
478 2851 573 2934 παρὰ
595 2853 634 2920 τὸ
656 2850 766 2934 ὀχλεῖν
789 2853 844 2922 καί
866 2850 1006 2936 ύχλίζειν
1028 2857 1066 2922 σὺ
1087 2855 1176 2939 μετὰ
1196 2850 1271 2938 βίας
1290 2852 1366 2914 κινεῖν

269 2953 352 3021 ΕΜ.
363 2952 438 3030 592,
449 2954 482 3016 3.
493 2947 564 3019 dno*
589 2957 648 3020 τοῦ
667 2950 736 3038 ἔχω
760 2947 836 3034 ύχύς
855 2951 988 3041 (ιἰχεύς)
1006 2951 1024 3022 d
1045 2957 1189 3036 συνέχων
1209 2951 1265 3040 τὴν
1282 2944 1369 3031 θύραν

271 3056 329 3124 καλ
351 3051 448 3138 ὀχλύς
469 3053 529 3120 καί
546 3050 672 3136 μοχλός
692 3051 1258 3141 Choerob.Diot.316‚10.quibus
1277 3059 1369 3116 aucto·

271 3178 342 3220 rem
367 3155 462 3219 addit
488 3155 605 3224 Orion.
631 3178 666 3241 p.
690 3155 763 3234 103,
785 3157 817 3220 4.
847 3152 865 3224 ὁ
892 3155 1098 3239 Ἡρωδιανὸς
1125 3154 1224 3242 παρὰ
1253 3151 1287 3219 τὸ
1315 3147 1371 3230 ἔχω,

271 3277 333 3323 neo
353 3254 491 3339 indigna
512 3267 646 3322 auetore
669 3258 841 3325 sententie.
884 3259 980 3323 Duas
1000 3257 1101 3342 igitur
1125 3253 1370 3343 significationes,

272 3378 356 3441 quas
375 3357 511 3425 latinum
530 3380 650 3422 nomen
668 3381 688 3422 a
701 3359 852 3438 vehendo
869 3360 1001 3426 ductum
1016 3359 1255 3444 complectitur,
1275 3349 1372 3420 Graeci

273 3457 491 3528 distinxerunt
521 3459 653 3543 adjectu
681 3478 864 3537 consonae,
897 3461 1093 3545 repagulum
1122 3456 1204 3542 λχία
1238 3456 1374 3528 ὀίεσσιν,

270 3569 396 3627 vectem
417 3582 512 3636 voro,
541 3560 599 3644 qui
619 3560 754 3645 proprie
782 3560 829 3627 ita
856 3571 1008 3639 vocatur,
1034 3558 1175 3645 μοχλόν,
1208 3575 1373 3644 quanquam

272 3660 336 3725 hoe
359 3661 455 3725 etiam
478 3671 528 3725 eat
550 3660 609 3726 ubi
637 3683 698 3748 pro
728 3663 888 3750 repogulo
916 3674 1058 3750 ponatur
1087 3673 1120 3728 et
1146 3661 1250 3728 verba
1277 3655 1373 3739 ὀχλιῖνι

271 3760 422 3842 ὀχλίζων,
444 3760 617 3843 μοχλεύειν
641 3762 819 3835 indisereta
841 3775 925 3830 sunt.
972 3766 1075 3848 Quod
1098 3788 1177 3832 vero
1200 3759 1372 3828 Euatathiua

272 3861 366 3939 1236,
387 3862 418 3926 5.
441 3861 517 3928 herio
545 3862 639 3930 addit
667 3864 703 3930 ἐκ
725 3870 784 3932 νοῦ
808 3862 916 3948 ὀχλεῖν
941 3869 1080 3934 καὶτοῦ
1106 3861 1207 3948 ὄχλος
1237 3864 1313 3950 (hoc
1332 3879 1372 3933 act

271 3963 383 4048 centu)
398 3965 599 4051 πλεονασμῷ
618 3954 732 4050 roi-fi
746 3965 870 4050 γίνεται
889 3963 907 4032 ὁ
926 3966 1051 4051 μοχλός
1074 3961 1120 4046 ιύς
1142 3965 1179 4033 ἐκ
1202 3973 1264 4033 τοῦ
1287 3960 1371 4046 ύχλοι

271 4062 456 4149 ‹iudx-909,
486 4065 522 4129 id
551 4065 587 4129 in
611 4068 690 4132 EM.
714 4068 757 4132 ad
781 4061 887 4150 ὄχθος
911 4068 1063 4145 refertur,
1094 4068 1186 4154 eujus
1208 4067 1306 4151 longe
1328 4059 1371 4126 alit

272 4172 321 4231 eat
345 4167 438 4252 origo
461 4165 502 4230 ab
526 4159 605 4250 ίίμω,
628 4179 660 4232 et
681 4167 746 4236 hoo
772 4193 903 4256 quoque
926 4170 1085 4236 incertum
1106 4167 1258 4234 redditur
1281 4161 1370 4278 simili

271 4268 385 4332 tudine
410 4267 643 4335 voeabdorum
667 4267 925 4358 μόχος,μύχις,
947 4273 1063 4356 μόλις,
1093 4272 1180 4338 unde
1204 4293 1273 4336 non
1294 4268 1370 4364 λαυρ
