2825 4809
127 359 181 426 Du
198 355 314 422 ALIIS
337 355 575 425 SYNCOPAE
596 355 862 426 GENERIBUS
887 357 926 425 O.
940 359 968 424 1.
995 361 1020 446 ξ.
1035 360 1067 427 4.
1091 359 1167 437 363

88 541 205 628 prolatae
229 533 247 604 ιλ
273 538 336 625 γὰρ
368 540 514 629 ποιητὴς
541 537 625 620 ἔθος
659 537 727 622 ἔχει
757 540 819 619 τὰς
851 539 1033 620 συνθέτους
1058 542 1167 624 λέξεις

87 639 214 719 decidua,
233 630 301 706 οἷον
321 634 802 732 κηρισσιφορήπουςολλς
818 645 938 729 κῆρες
959 645 1166 731 φορέουσι

86 740 130 806 καὶ
155 737 274 827 γρηὸς
304 738 583 831 πυκιμήδεος,
624 735 697 808 εἶτα
735 740 882 808 διαλύων
917 741 977 830 τὴν
1008 739 1166 812 σύνθεσιν

84 840 212 926 έπιρέρει
232 842 385 906 πυκινὰ
411 842 535 930 φρεσὶ
559 837 677 928 μήδε’
709 837 944 930 έχούσηςλλ)
973 865 1057 930 quae
1083 844 1165 910 locis

82 941 160 1026 longe
183 941 324 1006 discretis
357 943 510 1028 legcmtur
545 943 614 1011 Od.
644 944 672 1008 Ι.
700 943 775 1009 438.
815 953 849 1009 et
873 943 975 1012 XIX.
1001 945 1075 1011 353.
1103 967 1166 1012 nec

81 1042 208 1108 credibile
228 1051 277 1109 eet
296 1054 445 1130 poetam,
480 1068 581 1131 quum
609 1045 745 1110 alterum
767 1055 922 1132 poneret,
951 1046 1083 1112 alterius
1106 1046 1164 1116 ha·

81 1143 169 1208 bnieae
187 1145 381 1211 memoriam.
424 1147 503 1212 Non
521 1157 631 1212 tamen
656 1147 735 1213 ideo
762 1147 843 1212 illud
865 1169 939 1212 cum
960 1145 1052 1213 πύκα
1075 1169 1165 1214 οοιιι-

80 1245 197 1331 positum
216 1246 369 1328 arbitror,
399 1249 490 1334 quod
511 1248 546 1313 in
574 1248 741 1335 parathesi
765 1249 865 1314 modo
892 1248 1053 1314 invenitur
1073 1244 1165 1314 πύκα

80 1343 195 1434 πουμός
221 1357 254 1413 et
279 1349 421 1415 alberad
450 1371 524 1416 cum
551 1349 700 1416 obsoleto
734 1349 893 1435 adjectivo
923 1345 1029 1426 πυκός
1054 1349 1166 1415 dorice

79 1445 181 1524 ποιαός
201 1449 306 1529 dicto,
334 1452 387 1516 cui
406 1452 490 1516 illud
517 1451 662 1517 adverbii
682 1452 757 1517 loco
786 1451 918 1516 affixum
944 1461 1003 1516 eet.
1046 1451 1166 1536 Itaque

78 1555 105 1610 ut
120 1541 369 1637 υλργικέραυνος,Α
396 1550 590 1640 φοξίχιιλος
620 1575 681 1640 pro
712 1553 818 1619 vocali
842 1553 1022 1619 connexim
1043 1552 1166 1618 habent

77 1646 134 1726 iota,
151 1649 194 1714 ita
214 1648 407 1740 πυκιμήιλης
433 1675 494 1740 pro
520 1650 727 1741 πυκομήιλης.
761 1648 992 1742 Ἀρρηφόρυυς
1015 1654 1164 1718 nomina-

79 1757 113 1813 as
128 1772 191 1816 ecee
211 1751 270 1829 τὰς
291 1754 334 1818 πολ
359 1749 488 1843 άρρητα
512 1750 681 1842 φερούσας
701 1753 814 1822 Schol.
835 1757 895 1820 Ar.
917 1755 998 1840 Lys.
1011 1754 1084 1819 648.
1108 1756 1164 1838 (cl.

77 1851 318 1938 Aglaophon)
341 1862 374 1918 et
391 1849 576 1940 ἀκράχολος
598 1854 663 1919 dici
685 1877 747 1941 pro
770 1848 994 1941 άκρατόχυλος
1007 1855 1164 1922 Doederl.

79 1950 162 2017 Gloes.
184 1975 217 2039 p.
239 1955 271 2019 3.
295 1955 391 2019 valde
408 1955 533 2020 incerta
552 1965 602 2020 eet
623 1958 819 2041 conjectura.
851 1953 980 2020 Eodem
996 1955 1070 2021 loco
1090 1967 1166 2021 sunt

77 2052 150 2118 hacc:
175 2054 216 2121 πά
245 2051 400 2142 βράβυλα
433 2058 585 2122 καλεῖται
623 2056 681 2122 καλ
715 2052 852 2141 μάδρυα
887 2045 959 2120 οἷον
990 2051 1164 2142 μαλόδρυα

77 2155 170 2220 Athen.
191 2157 237 2234 Π,
259 2157 315 2222 50.
335 2158 379 2222 A.
403 2156 482 2222 alibi
504 2157 591 2222 enim
612 2150 771 2241 άμάιλρυα
794 2164 963 2233 vocantur,
991 2158 1083 2242 cujus
1104 2181 1163 2222 vo-

77 2257 155 2321 celem
172 2259 312 2344 primam
332 2259 472 2325 fortasse
494 2257 623 2324 detrivit
647 2256 851 2322 consuetudo
874 2256 1054 2343 popularis.
1075 2264 1163 2324 Χοι-

75 2357 212 2439 ριβοσαὸς
251 2355 305 2436 εἷς
334 2359 374 2425 τὸ
412 2358 492 2444 περὶ
528 2352 765 2447 ὀρθογραιμίας
800 2353 965 2442 αὐτοῦλλ)
1004 2357 1094 2445 λέγει
1125 2357 1164 2424 τὸ

75 2451 235 2543 ἀαλρλος
205 2483 294 2524 ειναι
317 2453 387 2527 άπιλ
405 2464 466 2526 τοῦ
491 2452 606 2526 άϊδνόν
631 2458 670 2524 τὸ
695 2465 858 2547 σημαῖνον
883 2458 922 2524 τὸ
945 2455 1165 2544 άφανιοπικόν

74 2557 139 2624 κατά
159 2555 328 2648 σιγαοπήν
347 2560 427 2626 ΕΜ.
449 2561 511 2637 41,
535 2560 608 2624 40
633 2559 674 2623 Id
700 2561 755 2624 alii
777 2558 980 2646 probabilius
1003 2559 1044 2622 ab
1067 2553 1166 2645 άλδής

73 2661 243 2742 productum
259 2671 389 2749 putant.
422 2660 596 2748 Χέρνησος
617 2660 645 2724 ei
667 2683 709 2725 ex
730 2657 945 2749 Χερσόνησος
964 2668 1165 2724 contractum

74 2770 122 2841 eet,
142 2763 218 2828 duas
239 2764 352 2828 literae
373 2763 490 2839 amisit,
514 2762 565 2827 ein
587 2783 628 2825 ex
650 2757 843 2848 Χεράνησος
864 2781 963 2824 unam
984 2770 1109 2826 lantum
1130 2773 1166 2826 ut

73 2865 297 2947 supradictum
319 2874 369 2928 est
390 2887 418 2928 c.
440 2864 503 2931 IV.
527 2863 661 2947 §.3.¹⁶)
710 2864 835 2930 Verum
859 2863 981 2926 nullam
1010 2874 1067 2926 aut
1091 2863 1166 2926 infi-

71 2961 153 3028 tiandi
179 2976 235 3029 aut
262 2964 464 3030 defendendi
491 2963 679 3028 incentorem
704 2963 859 3049 relinquit
890 2987 955 3028 vox
981 2963 1168 3046 Aeschylea

72 3062 313 3153 βλελάκπροπος,
343 3067 434 3150 quod
456 3066 524 3130 sive
552 3087 627 3131 cum
647 3062 827 3148 βδελυκιάς
849 3064 1057 3128 coniunctum
1084 3062 1166 3128 dici-

71 3187 126 3231 mus
145 3167 208 3233 eive
231 3189 309 3233 cum
332 3162 522 3253 βδελυχρός,
545 3189 613 3232 ιιυα
632 3175 698 3229 tam
722 3163 784 3229 hoc
804 3164 986 3228 mirandum
1002 3174 1052 3228 est
1069 3163 1167 3248 sylla-

71 3265 130 3331 bam
155 3269 316 3355 abjectam
344 3265 417 3334 eea'e
446 3269 577 3334 finalem
604 3289 701 3352 quam
729 3265 820 3349 quod
848 3287 915 3330 non
944 3275 1013 3330 tota
1041 3265 1168 3350 abjecta

72 3432 381 3446 §.Q-..—

125 3526 165 3592 14)
176 3525 270 3595 Hujus
283 3539 350 3576 usus
369 3520 566 3575 observatione
582 3511 681 3572 nititur
693 3535 790 3572 eorum
809 3514 904 3586 opinio
924 3515 972 3586 qui
995 3518 1171 3588 ταλαπείριος

73 3607 114 3660 Od
129 3611 190 3664 VII.
210 3613 253 3663 25.
273 3604 453 3678 interpretati
476 3612 541 3659 sunt
557 3600 705 3679 πόρρωθεν
724 3595 901 3676 πεπερακάς’
920 3600 1025 3672 quippe
1043 3599 1170 3672 sequitur

72 3688 167 3760 τηλόθεν
179 3698 208 3757 ἐξ
220 3694 306 3762 ἀπίης
319 3698 409 3762 γαίης.

126 3782 211 3849 15)1n
225 3776 440 3850 Orthographia
451 3791 544 3847 nuper
555 3774 632 3830 edita
646 3775 702 3829 hoc
714 3791 772 3829 non
785 3771 889 3842 legitur
909 3772 960 3826 sed
980 3769 1070 3825 simile
1087 3769 1170 3841 qnid·

72 3864 542 3937 um177‚12.etEp1m1.tt,22.

126 3953 165 4020 ld)
176 3953 291 4009 Nomen
304 3949 450 4024 proprium
470 3947 626 4020 Εμαυιίων
644 3944 668 4000 ai
685 3944 714 3998 in
730 3936 850 4000 Graecia
863 3941 972 3996 radices
986 3941 1082 4005 habet,
1095 3957 1171 3994 com·
1244 4013 1246 4016 Ι

71 4035 174 4103 pontum
184 4057 248 4094 esee
262 4040 349 4092 debet
366 4043 398 4090 ut
410 4035 591 4108 Ανιλροιίων
611 4036 775 4103 Δημοτίων,
794 4033 941 4083 Πολυτίων
959 4024 1170 4082 v.Pr011.3co.

70 4122 121 4176 αλιι.
138 4125 335 4195 concisamque
353 4141 390 4178 ex
404 4121 606 4194 ’,Εμαυτοτίων
621 4120 699 4191 quod
718 4133 823 4171 nomen
843 4114 872 4168 in
890 4111 993 4165 multoe
1011 4108 1171 4164 mortalium

72 4210 185 4266 convenit
198 4208 365 4282 Solipeiemi‚
378 4215 410 4262 nt
423 4223 500 4262 nunc
510 4211 624 4271 cocant,
637 4204 775 4260 cultores·
768 4217 891 4274 ‚graece
904 4200 1034 4269 φίλαυτοι
1046 4201 1075 4250 ct
1086 4187 1172 4250 αυτά-

71 4311 135 4363 γιμοι
145 4295 286 4352 dicuntur.
