2825 4809
130 438 133 445 ,
239 342 318 419 aro
490 336 849 408 vousauurerro
871 337 921 403 11.
961 336 1004 404 P.
1024 337 1073 405 n
1267 287 1302 334 ¹

241 526 388 619 οἡοιοαι
416 522 495 595 Sela
521 524 561 589 ll.
585 525 629 591 A.
655 524 700 589 ad
721 525 764 590 Il.
785 524 885 624 Χῖ]
907 523 984 591 887.
1011 521 1055 591 ui
1080 519 1131 603 ιίς
1156 513 1188 605 ᾧ
1211 510 1326 607 dirivare

242 628 336 716 ὑπὲρλ
354 626 436 710 μίαν
464 623 629 713 aestuaris
652 624 712 691 διὰ
732 631 792 695 τοῦ
812 629 875 707 δας
894 628 1041 693 alsterae
1063 626 1138 704 δοις
1160 626 1264 706 δαίδος
1283 628 1328 696 rol
1376 681 1377 702 .

140 802 146 809 ,
242 729 328 801 κατὰ
354 724 526 815 συγκοπὴν
547 715 674 815 ιῆςδῖ
698 725 739 794 ἐν
765 727 838 795 δαῒ
864 729 997 817 λυγρῇ
1030 727 1327 815 Ερὶια.1115.’1)
1376 711 1377 736 i

241 832 300 920 qui
327 851 493 917 syncopae
518 828 651 897 nomine
677 850 854 917 apocopen
880 830 1062 917 significan
1091 851 1196 915 neque
1218 830 1274 895 alia
1290 841 1330 897 est
1377 797 1379 856 l

240 935 407 1019 ratioque
425 930 588 997 anomalia
604 930 702 1017 hujus
719 931 811 999 vocis
832 932 990 1018 explicari
1006 932 1114 1020 possit
1130 955 1160 1000 v.
1173 934 1279 999 Parall
1289 934 1329 1000 89.
1377 911 1378 996 l

241 1037 312 1109 Sed
333 1060 375 1102 ox
397 1033 526 1101 duobus
548 1033 693 1101 consiliis
714 1056 802 1120 quae
820 1033 1075 1102 Cboeroboscns
1096 1033 1247 1123 proponit
1265 1034 1330 1102 Can

240 1138 316 1207 416.
342 1132 510 1225 διχομήνῳ
543 1136 604 1203 καί
635 1138 722 1203 κατὰ
749 1136 997 1221 μεταπλαομδν
1023 1135 1192 1225 διχόμηνι·
1219 1130 1331 1203 δίναιοι
1378 1117 1380 1210 l

242 1240 280 1311 δὲ
301 1237 358 1307 καί
379 1233 449 1307 ἀπὸ
477 1242 537 1305 τοῦ
563 1233 735 1325 διχόμηνις
754 1233 894 1316 oidelae
918 1234 1107 1326 διχομήνιδι
1131 1236 1187 1305 καί
1206 1241 1332 1325 σιηιοοῇ
1378 1243 1379 1330 l

240 1348 301 1413 τοῦ
324 1344 345 1409 δ
365 1341 423 1409 καί
441 1330 527 1424 ἶΗ)
554 1334 706 1426 διχόμηνι
735 1339 903 1426 praevalet
923 1338 1032 1425 prins,
1054 1348 1237 1425 quanquam
1256 1338 1332 1404 etiam

241 1438 378 1529 διχόμην
404 1442 439 1507 in
460 1441 653 1509 nominandi
674 1462 754 1507 casn
777 1440 843 1507 dici
868 1440 1023 1527 analogia
1047 1463 1116 1508 non
1137 1440 1282 1529 probibet
1301 1440 1331 1506 cl.
1379 1473 1380 1494 ι

239 1544 361 1613 Parall.
384 1544 457 1610 111.
489 1553 523 1609 et
551 1542 623 1609 195.
665 1541 885 1609 Accusativus
916 1542 1001 1632 νίφα
1032 1544 1068 1609 in
1099 1542 1246 1629 ejusdem
1269 1541 1332 1608 Can

240 1670 275 1736 p.
299 1646 377 1725 118,
404 1644 456 1711 10.
485 1666 657 1733 apocopae
683 1645 883 1724 vindicatur,
913 1655 993 1732 post
1021 1667 1100 1711 vero
1128 1645 1207 1723 419,
1232 1644 1278 1711 25.
1300 1644 1333 1710 ob

241 1748 487 1817 anabibasmum
501 1757 654 1813 accentus
671 1769 849 1835 syncopae,
864 1770 1006 1835 qnorum
1019 1757 1173 1815 nentrum
1188 1770 1268 1835 opns
1278 1768 1331 1813 esse
1380 1791 1381 1828 ,

241 1851 462 1919 demonstravi
479 1851 515 1917 in
531 1850 653 1921 Parall.
666 1850 740 1915 114.
767 1847 895 1936 Φρόνιν
915 1844 934 1917 ὁ
952 1848 1014 1934 μὲν
1031 1848 1244 1933 Ἡρωδιανὸς
1261 1846 1334 1933 παρὰ
1380 1887 1381 1902 ι

239 1960 300 2044 τῆν
330 1949 493 2043 φρόνησιν
526 1951 612 2021 κατὰ
643 1946 831 2039 σιηοιοπήν·
864 1946 884 2017 ὁ
913 1952 952 2019 δὲ
975 1946 1077 2038 Ὦρος
1106 1951 1147 2019 ἐκ
1175 1956 1233 2019 τοῦ
1261 1945 1335 2040 pocla

241 2050 367 2147 φρονός
393 2051 511 2144 φρόνις
533 2055 615 2121 ΕΜ.
638 2053 717 2131 800,
740 2053 795 2119 48.
823 2048 862 2119 οὗ
890 2048 979 2121 πάνυ
1005 2053 1108 2142 δῆλον
1135 2049 1205 2119 ε’ίτο
1226 2046 1336 2138 προτί

240 2180 344 2223 aanor
373 2154 411 2223 τὸ
446 2153 566 2243 φρόοις
597 2151 619 2245 ἢ
651 2156 879 2239 συγκέκοπται
909 2152 948 2220 ἐκ
979 2158 1041 2221 τοῦ
1072 2149 1237 2244 φρόνησις
1263 2155 1336 2220 Euat.
1381 2173 1382 2240 ᾗ

242 2257 335 2335 1465,
357 2257 412 2323 42.
457 2256 543 2340 Quis
569 2278 646 2323 vero
674 2256 738 2323 sibi
761 2255 960 2343 persuadeat
985 2262 1123 2345 φρονεῖν
1144 2266 1179 2321 et
1200 2251 1339 2345 φρόνιμος

241 2357 282 2425 ab
298 2358 484 2426 accusativo
501 2382 647 2447 syncope
665 2368 817 2425 contacto
832 2357 924 2424 nasci
942 2357 1092 2445 potuisse
1110 2380 1150 2424 ae
1167 2381 1236 2423 non
1249 2357 1338 2444 potios
1382 2400 1384 2430 2

239 2460 401 2529 concedat
426 2458 546 2551 φρόνις
568 2473 601 2529 et
622 2460 761 2551 φροντίς
783 2460 837 2527 via
861 2460 1006 2546 quadam
1033 2460 1195 2547 singulari
1223 2459 1340 2525 deducta
1382 2501 1383 2510 ι

240 2586 313 2631 asae
335 2587 355 2628 a
377 2562 541 2651 primitivo
563 2562 660 2653 φρήν,
684 2562 776 2648 quod
796 2563 907 2649 ipsum
927 2561 1009 2627 nulli
1029 2584 1225 2649 graecarum
1244 2582 1340 2629 vocam

241 2666 462 2755 comparabile
485 2675 544 2731 est.
587 2664 799 2731 Incredibilia
818 2673 931 2729 narrat
949 2662 1061 2751 Epim.
1078 2665 1107 2729 Ι.
1127 2664 1185 2730 46.
1204 2661 1341 2738 Ἡσίοδος

239 2765 277 2837 τὸ
300 2762 443 2855 πρόκριν
464 2766 559 2851 παρὰ
583 2765 622 2833 τὸ
644 2764 755 2853 κρίσις
776 2764 961 2853 πρόκρισις
980 2763 1168 2853 πρόκριοιν
1193 2765 1252 2832 καί
1274 2760 1344 2831 κατὰ

240 2867 410 2955 ουγιιοπὴν
431 2864 584 2956 πρόαρον,
608 2868 668 2933 sed
690 2890 781 2935 error
801 2869 889 2935 clare
909 2865 1057 2954 arguitur
1071 2890 1092 2931 a
1107 2868 1341 2935 Schneidewino

240 2993 294 3058 ap.
315 2967 529 3043 Markscheff,
552 2969 596 3033 ad
617 2971 699 3037 Hes.
721 2971 778 3036 Fr.
800 2994 835 3058 p.
856 2971 930 3035 321.
956 2969 1145 3035 Hesiodum
1168 2970 1257 3036 enim
1274 2970 1343 3037 Pro·

241 3072 339 3137 oridia
370 3093 491 3137 nomen
523 3094 543 3135 a
572 3072 751 3159 προνρίοει
786 3072 920 3137 duxisse
948 3072 1041 3158 quod
1069 3095 1174 3137 unum
1206 3096 1226 3140 e
1253 3072 1343 3161 procis

241 3173 385 3259 elegerit.
417 3167 471 3239 Ἐκ
489 3177 548 3241 τοῦ
567 3171 743 3263 ἐπίκλησιν
760 3171 798 3241 οδ
817 3172 957 3262 ἐπίκλην
970 3172 1143 3263 ἐπίρρημα
1163 3171 1345 3243 &nederwic

240 3271 430 3361 συνέκοψαν
460 3272 492 3343 ol
522 3268 606 3358 μεθ’
633 3270 784 3362 Ὅμηρον
813 3276 908 3341 Euat
934 3273 1033 3353 1053,
1059 3275 1113 3341 28.
1145 3276 1208 3342 sed
1240 3284 1345 3341 mutata

241 3373 402 3442 sententia
424 3375 517 3453 1255,
542 3375 592 3442 15.
616 3373 655 3443 τὸ
677 3375 816 3463 ἐπίκλην
837 3376 1004 3462 σογκοπίν
1025 3375 1062 3444 εἰι
1083 3380 1144 3443 τοῦ
1167 3374 1344 3465 ἒπίκίήδην,

241 3486 356 3544 contra
377 3498 463 3561 quae
489 3476 553 3542 alio
577 3477 652 3543 loco
679 3477 909 3564 disputabitur.
959 3479 1058 3544 Nunc
1086 3500 1274 3565 percurram
1295 3500 1344 3541 no·

240 3579 328 3645 mina
344 3578 477 3665 pluralis
494 3580 630 3646 numeri.
666 3578 801 3645 Bibrevi
818 3578 901 3665 κρέα
916 3603 984 3647 non
1000 3590 1149 3665 quartam
1165 3592 1201 3647 et
1217 3580 1345 3667 quintam

240 3681 365 3748 literam
381 3681 441 3746 sed
457 3681 538 3746 duas
555 3691 737 3768 postremas
753 3679 880 3745 ablatas
895 3704 967 3747 esse
983 3682 1196 3748 consentiunt
1211 3692 1344 3748 auctores

241 3805 343 3871 supra
363 3782 441 3849 dicti
461 3783 502 3848 P.
521 3782 549 3846 Ι.
573 3803 600 3848 ο.
618 3783 647 3847 Ι.
669 3785 695 3866 ξ.
712 3782 743 3847 5.
787 3782 857 3849 Sed
878 3781 1037 3849 dubitatio
1055 3783 1119 3849 fuit
1138 3784 1181 3850 de
1207 3778 1272 3874 ἦρα
1291 3765 1347 3846 sive

243 3884 422 3972 inlppc-
436 3879 506 3951 ἔστι
525 3880 625 3969 ,παρὰ
649 3881 686 3949 ιδ
714 3880 780 3968 ibo
799 3879 905 3970 (ἐρῶ)
932 3882 1051 3971 ἔρανον
1072 3885 1129 3953 καί
1154 3883 1220 3969 ἔχοι
1243 3877 1347 3968 ίίχανον

310 4057 354 4125 30)
373 4054 560 4109 Buttmannus
582 4054 606 4121 §-
621 4054 663 4105 56.
682 4051 757 4105 Adn.
777 4053 803 4104 8.
823 4054 860 4105 ad
880 4052 1042 4123 synaeresin
1062 4053 1205 4109 aberravit
1223 4057 1347 4123 deceptus

198 4176 210 4189 ι
239 4158 328 4212 pravo
346 4146 464 4196 accentu
483 4139 570 4195 dativi
589 4134 673 4194 ἄπολι
692 4154 737 4210 ap.
751 4138 860 4193 Herod.
880 4138 928 4210 qui
945 4157 1020 4201 nnnc
1038 4149 1180 4196 correctns
1198 4148 1255 4196 est.

310 4228 357 4297 31)
370 4226 503 4283 Scribere
511 4225 614 4287 ,debuit
631 4215 709 4283 ιοῠῖ
719 4215 813 4281 eald·
829 4242 893 4281 nam
906 4227 942 4280 de
954 4244 1078 4303 syncope
1089 4228 1144 4283 boc
1156 4228 1222 4284 loco
1235 4225 1350 4298 loquitor

241 4326 300 4367 non
319 4312 355 4367 de
373 4330 508 4387 apocope.
