2825 4809
182 284 185 288 ’
276 319 351 410 τοο
640 309 958 398 usssssmsro
981 312 1025 402 v.
1069 345 1107 404 μ
1194 395 1198 402 ,
1263 390 1266 401 ,

276 488 305 555 si
325 480 523 576 ἆοφοδελός,
548 495 585 552 ut
607 485 742 570 quidum
763 498 912 554 auctores
938 497 1023 568 sunt,
1047 507 1161 555 nomeu
1181 481 1333 572 perieotioon

278 602 326 656 est
347 611 408 676 pro
430 581 629 672 ἅσωοδελών
650 598 687 651 ιιι
709 582 844 674 ἅχορός,
866 586 1006 676 κοπρός,
1031 588 1171 674 sequitu
1187 589 1333 666 Homerum

277 715 377 780 quum
398 682 587 774 ἅτφοόελὸς
615 685 738 774 λειμών
761 690 899 768 diceret,
923 691 988 756 duo
1023 689 1212 755 substantiva
1236 689 1335 774 inossu

276 804 366 860 resto
388 791 436 855 sic
454 786 663 876 junxissent
686 790 822 858 alterum
847 791 982 880 genitivi
1012 801 1119 878 portes
1141 790 1276 858 sustineat
1291 793 1335 855 λει-

274 893 347 980 μών
368 890 575 981 ἆοφοδελῶν,
601 893 767 978 quomodo
791 917 890 982 saepe
914 893 1031 961 dieitur
1052 887 1158 980 ῥόδων
1177 887 1286 976 λειμών,
1303 891 1337 954 vel

277 995 372 1062 etiam
394 991 570 1058 attributivi
592 985 831 1084 ἇσφοδελίτης,
862 1020 941 1082 prae
973 993 1091 1082 quibus
1121 1016 1178 1058 nos
1199 1014 1306 1078 compos
1297 991 1336 1056 sito

276 1097 396 1167 utimur
415 1096 708 1178 Aspbodelotwiese.
750 1097 808 1162 Ad
838 1098 941 1185 Soph.
968 1099 1025 1182 Aj.
1051 1097 1124 1162 207.
1154 1093 1206 1159 ubi
1228 1095 1298 1177 Ajax
1312 1091 1338 1155 sb

275 1196 425 1264 hostibus
458 1195 544 1259 redit
575 1192 717 1282 ταύρους
743 1197 843 1278 κύνας
873 1202 1018 1288 βοτῆρας
1052 1187 1241 1282 εύκεριύντ
1266 1185 1339 1278 ύγρον

276 1291 374 1384 ἰύγων,
398 1319 440 1364 ne
463 1297 536 1384 quis
564 1317 656 1364 canes
679 1309 708 1365 et
725 1311 871 1422 μαιιρνοε
893 1299 1015 1365 adduct
1003 1311 1054 1364 tos
1078 1320 1151 1364 esse
1172 1305 1261 1384 putet,
1278 1303 1339 1358 cavet

275 1402 455 1488 interpres:
482 1393 544 1488 ὑφ
568 1395 603 1465 (εν
625 1393 852 1487 ἀναγνωστέον
877 1401 954 1479 τοὺς
976 1398 1189 1485 ποιμενικούς
1208 1393 1297 1474 κύνας·
1315 1389 1338 1462 ολ

195 1515 201 1524 “
276 1502 339 1590 γὰρ
371 1495 501 1588 ἀναιρεῖ
528 1493 747 1587 ἀνθρώπους·
781 1501 872 1586 quod
906 1525 1038 1567 monere
1072 1500 1276 1566 necessarium
1296 1505 1339 1561 erat

278 1603 355 1689 quis
379 1600 465 1668 κύων
485 1595 588 1688 βοτήρ
614 1600 713 1687 longe
735 1601 927 1668 insolentius
951 1603 1073 1669 dictum
1104 1613 1155 1668 est
1185 1624 1267 1690 quum
1282 1593 1339 1663 κύον

276 1699 435 1792 όγρεοτής
455 1701 541 1767 Poll.
560 1701 624 1768 IX
649 1703 698 1768 12.
723 1713 754 1768 et
777 1699 862 1770 κύων
884 1701 1049 1794 θηρευτής
1072 1705 1112 1770 11.
1131 1705 1195 1770 XI.
1212 1702 1268 1768 325.
1290 1699 1337 1764 Ne·

278 1829 342 1892 que
369 1804 434 1870 hoe
464 1803 570 1870 solum
598 1804 895 1871 animadverterunt
924 1806 983 1871 sed
1012 1807 1110 1872 etiam
1141 1805 1271 1896 epitheta
1284 1823 1340 1865 non-

275 1928 448 1992 nunquam
481 1904 691 1972 substantivis
728 1907 824 1972 solito
862 1908 999 1996 propius
1039 1908 1216 1974 adhaerere
1253 1905 1342 1968 docent

276 2009 435 2097 Apollon.
455 2007 541 2075 Lex.
563 2004 684 2132 τοξότα
709 1999 908 2098 λωβητήρ((
890 2036 924 2076 εν
951 2007 1008 2077 διὰ
1038 2007 1108 2078 δύο.
1156 2005 1259 2080 schot.
1274 2003 1380 2078 Dion.

267 2137 309 2202 p.
327 2105 437 2178 702(
422 2107 628 2176 οποτακτέον
648 2113 689 2197 τῇ
711 2103 794 2196 ύφὲν
816 2110 874 2176 καὶ
898 2109 941 2178 τὰ
959 2107 992 2179 ἒν
1009 2110 1084 2177 δυσὶ
1100 2110 1211 2191 λέξεσι
1223 2103 1380 2228 avvoppi

275 2239 333 2302 vqs
356 2208 509 2280 διάνοιαν
538 2203 873 2296 ἐπαγγελλόμενα
837 2237 909 2278 οων
935 2209 1093 2292 τοξότα
1119 2205 1306 2301 λωβητήρ·
1322 2200 1380 2308 (ἓΓ

275 2316 339 2403 γὰρ
360 2317 487 2381 νοεῖται
514 2310 572 2378 διὰ
600 2315 666 2377 τῶν
692 2306 796 2378 δύο’
778 2312 849 2380 αντὶ
877 2319 936 2382 τοῦ
970 2314 1027 2382 διὰ
1056 2317 1121 2381 τῶν
1144 2299 1349 2392 obtortum-

274 2434 367 2503 μενε
392 2412 450 2480 καὶ
479 2409 588 2480 πύκα
609 2419 817 2538 ποιητοῖο
839 2440 896 2482 και
925 2412 1145 2503 πυλάρταο
1170 2411 1351 2534 κρατερρῖο

275 2514 333 2582 καλ
356 2507 505 2602 ἷύγριον
527 2509 750 2601 αἰχμητην·
772 2513 854 2599 μίαν
884 2514 948 2602 γὰρ
977 2518 1131 2584 διάνοιαν
1157 2509 1324 2604 ληπτέον
1314 2505 1352 2576 επὶ

273 2621 339 2684 τῶν
361 2610 573 2706 ἀμφοτέρων,
604 2614 723 2701 quibus
754 2615 871 2682 similis
892 2617 1045 2702 leguntur
1070 2618 1105 2683 in
1128 2615 1237 2684 Crem.
1258 2609 1353 2680 Aneod.
1380 2659 1381 2692 ,

277 2717 388 2785 Οιιοιι.
418 2715 459 2783 Τ.
481 2717 542 2785 IV.
573 2718 652 2796 309,
681 2717 733 2783 30.
777 2719 871 2784 Haeo
898 2729 1006 2785 eutem
1039 2721 1150 2786 omnia
1178 2719 1354 2784 fluxennte

275 2819 513 2886 commentariis
534 2819 723 2897 homericis,
758 2842 895 2906 quorum
916 2819 1036 2887 rivulos
1058 2823 1208 2888 videmus
1236 2821 1267 2884 in
1287 2815 1356 2882 seho-

273 2921 336 2991 liis.
379 2921 524 2989 Primum
549 2944 589 2988 ex
616 2921 717 2988 schol.
739 2922 779 2988 Il.
806 2923 870 2990 XI.
893 2923 967 2990 385.
991 2924 1048 2990 ubi
1069 2925 1210 2992 lectores
1234 2922 1357 2992 docentur

275 3022 459 3112 sagittarios
481 3023 618 3090 Homeri
640 3023 841 3113 temporibus
863 3049 931 3092 non
953 3027 1070 3094 eodem
1092 3050 1159 3113 quo
1181 3038 1357 3116 posteaoon·

275 3138 376 3192 temtu
394 3126 561 3194 laborasse
581 3148 610 3193 v.
633 3127 676 3192 ad
694 3127 752 3216 Aj.
775 3149 809 3216 p.
833 3129 907 3194 444.
931 3139 963 3194 et
989 3129 1052 3196 hoc
1082 3130 1157 3196 loeo
1180 3127 1288 3194 Paridi
1311 3144 1358 3189 ιιοι

276 3240 376 3292 artem
399 3227 587 3316 exprobrari
609 3229 668 3293 sed
689 3251 827 3316 pravum
847 3232 923 3298 artis
946 3254 1058 3312 usum,
1087 3231 1122 3297 id
1145 3232 1238 3318 quod
1254 3229 1296 3293 illi
1313 3246 1358 3288 non

276 3327 382 3396 solnm
404 3330 586 3395 sublatione
609 3329 769 3396 diastolas
798 3333 858 3398 sed
884 3333 991 3412 etism,
1006 3333 1113 3400 verbis
1140 3329 1303 3420 conceptis
1324 3325 1358 3390 in-

275 3431 451 3499 dicandum
477 3442 642 3520 putarunt.
685 3433 726 3498 In
762 3432 802 3499 Il.
837 3433 897 3502 VI.
927 3435 978 3500 97.
1018 3431 1144 3512 Τυδέος
1172 3433 1246 3502 υἱὸν
1271 3426 1359 3516 typo

275 3527 436 3623 αἰχμητὴν
457 3532 618 3622 κρατερὸν
638 3529 799 3624 μήστωρα
822 3532 956 3626 φόβοιο,
981 3527 1131 3602 'nonnulli
1153 3534 1254 3602 verbe
1274 3524 1359 3620 ἄγριον

273 3773 312 3837 ὥς
329 3770 434 3846 νόριον,
455 3771 483 3830 τὸ
500 3775 531 3829 ot
548 3773 643 3846 ἕτερον
660 3768 890 3847 λαμβάνουσιν
870 3797 908 3840 ως
924 3774 1063 3836 ἐπίθετον.
1094 3774 1140 3830 Ad
1159 3771 1239 3838 illum
1252 3767 1360 3830 rationem

275 3861 370 3918 Schoi
384 3860 466 3916 Piud.
481 3857 532 3915 III.
546 3857 620 3914 38.‘⁴
605 3882 677 3934 ηρως
690 3858 755 3922 θεός
768 3861 954 3932 (Hercules)
946 3860 1175 3936 interpretetur⁰
1158 3882 1234 3934 ηρως
1249 3864 1292 3916 καὶ
1308 3846 1358 3912 so‘r

275 3949 352 4020 quod
371 3945 521 4020 Euripides
540 3948 669 4018 syntheto
684 3947 823 4020 expressit
840 3947 993 4003 semideum
1010 3947 1271 4020 ἆνθρωποδαίμονα
1290 3938 1361 4014 appel·

273 4031 344 4088 laus.
384 4032 550 4102 Eodemque
574 4039 694 4103 vergunt
711 4034 850 4090 vocabula
874 4035 987 4090 scholae
1008 4035 1135 4105 ἔνθλιψις
1154 4037 1267 4107 κρᾶσις,
1291 4030 1361 4098 κρᾶσις

274 4123 432 4190 οοναίρεως
444 4128 473 4174 et
486 4115 574 4173 latins
586 4121 674 4172 emtto
688 4119 832 4185 venditio,
851 4119 961 4176 Ιοοαιιο
976 4118 1143 4186 conductio,
1161 4135 1239 4175 usus
1255 4115 1361 4189 finctus,

272 4221 397 4345 μνρὲἑαι
415 4206 545 4270 condus,
571 4205 672 4278 quibus
686 4220 890 4278 nonnunquam
910 4207 1013 4280 copula
1032 4204 1222 4280 interponitur
1238 4223 1264 4260 ν.
1283 4203 1316 4258 sd
1328 4193 1360 4265 Aj·

272 4303 301 4362 p.
367 4329 375 4347 .
