2825 4809
272 329 347 405 548
631 324 952 399 miserrumum
979 327 1022 402 V.

357 517 382 600 ξ.
403 515 434 581 2.
479 515 649 582 Genitivus
673 515 837 582 secundae
862 517 1086 584 declinationis
1107 519 1154 584 vel
1172 519 1202 588 in
1222 521 1328 608 syrtium

272 627 323 682 est
348 614 648 704 Ἀλεξαιόρόπολις
672 618 792 684 isidor.
815 617 914 684 Char.
940 641 1018 707 pag.
1040 620 1091 686 25.
1121 622 1328 706 Διοποόπολις,

267 714 543 804 Ἡφαιοιόπολις
568 731 629 785 etc.
657 720 710 786 vel
739 721 774 786 in
800 721 966 807 parathesi
995 743 1098 808 eaque
1124 723 1170 788 vel
1195 724 1330 812 impropria

265 816 385 886 Ἡλίου
415 816 517 898 πόλις
555 821 664 888 Strab.
696 823 813 890 XVII.
847 822 920 887 895.
956 819 1084 890 Ἵππου
1121 820 1211 903 πόλις
1245 827 1331 912 Scylax
1371 871 1372 876 κ

270 922 394 1008 Peripl.
417 945 450 1008 p.
475 924 535 987 117
558 923 645 989 Gall.
671 924 724 988 vel
750 924 885 1011 propria
906 918 1214 1009 Ἅλιξαιδροόπολις
1236 929 1330 1013 Scynn.

270 1025 344 1089 924.
371 1021 588 1105 Ἀξιοόπολις
613 1026 728 1091 Tzetz.
756 1024 842 1092 Chil.
867 1026 933 1090 XI.
959 1026 1032 1090 927.
1071 1025 1244 1106 Θοοόπολις
1263 1031 1332 1095 Phot

272 1126 503 1193 ccxxvm.
532 1127 606 1191 soa
638 1122 861 1205 Ἧιπιπιιις
891 1127 1021 1192 Areas
1053 1125 1160 1194 Anas.
1186 1129 1241 1194 111.
1267 1132 1331 1207 1,1.
1372 1111 1373 1156 ³

270 1230 373 1296 Diod.
395 1229 423 1295 Ι.
445 1229 498 1293 57.
519 1229 619 1314 paulo
640 1239 718 1314 post
737 1249 813 1294 vero
841 1251 868 1294 c.
891 1230 942 1294 84.
963 1228 1091 1294 duobus
1115 1229 1172 1294 sub
1193 1231 1333 1296 accentibus
1373 1292 1374 1316 p

266 1328 389 1397 Ἡλίου
420 1328 521 1407 πόλις
555 1330 634 1394 item
662 1329 924 1417 Μιλητοόπολις
952 1331 1061 1398 Strab.
1089 1333 1185 1399 XIV.
1212 1332 1271 1398 735.
1295 1333 1333 1396 sad
1373 1319 1374 1336 ¹

271 1432 368 1497 codd.
400 1429 559 1518 Μιλήτου
594 1431 712 1508 πόλις,
750 1431 887 1516 aliisque
920 1433 1001 1500 locis
1034 1431 1293 1522 Πομπηιοόπολις
1315 1447 1334 1498 ct

270 1530 455 1619 Πομπηΐου
476 1527 579 1608 πόλις
599 1553 629 1595 v.
653 1531 838 1598 Tzachuck.
860 1535 905 1598 ad
923 1535 1005 1601 Mel.
1027 1535 1103 1602 Vol.
1120 1534 1183 1600 Ill.
1203 1536 1237 1600 P.
1250 1536 1271 1600 L
1286 1536 1332 1602 238.

271 1644 305 1701 et
323 1632 397 1698 411.
430 1632 613 1716 Utramque
632 1634 824 1720 scripturam
843 1634 962 1722 probat
977 1637 1166 1723 Stephanus
1184 1633 1333 1720 llopupod·

270 1732 523 1810 πολις-τικὲς
540 1735 578 1801 de*
600 1732 677 1815 δι’χα
694 1740 754 1803 τοῦ
775 1725 804 1802 d
812 1735 1130 1825 Πομπηιόπολιςὸ),
1151 1736 1283 1821 Τιβεριάς
1293 1741 1332 1800 Τι-

270 1835 507 1922 βιριοπολίιης
533 1831 579 1912 ὡς
604 1839 663 1922 τῆς
690 1832 825 1915 πόλεως
851 1839 1056 1925 καλουμένης
1085 1833 1337 1924 Τιβοριοοπόλαις,

271 1937 330 2002 sed
351 1936 522 2023 peritiores
543 1947 576 2002 et
597 1935 660 2002 hoc
679 1937 837 2004 dissolute
854 1939 1088 2024 pronunciasse
1107 1940 1249 2006 videntur
1261 1948 1286 2002 et
1297 1936 1339 2000 ala

272 2061 356 2125 quae
366 2059 453 2104 nune
464 2039 554 2124 apud
570 2061 645 2104 eum
656 2037 793 2126 hyphen
808 2038 993 2106 scribuntur
1003 2038 1233 2125 Ἑρμοόπολις,
1246 2034 1340 2104 Ἡλιοό-
1375 2045 1376 2060 ’

271 2143 386 2219 πολις,
414 2142 622 2219 Θεοόπολις,
653 2141 689 2206 in
716 2142 813 2208 codd.
838 2153 947 2208 autem
977 2143 1024 2208 sic
1045 2153 1082 2208 ut
1104 2137 1223 2229 Ἑρμοῦ
1250 2135 1342 2214 πεδίον,

265 2237 380 2308 Ἡλίου
399 2239 566 2326 τράπεζα,
582 2238 732 2324 Ἀβώνου
752 2251 872 2324 τεῖχος,
897 2247 1002 2331 Ιίριοῢ
1023 2242 1254 2328 adamanteis.
1272 2239 1343 2303 iden·

271 2365 336 2431 que
357 2341 508 2428 suspicor
529 2343 571 2408 de
589 2343 670 2408 EM.
685 2345 759 2423 217,
780 2344 834 2410 29.
856 2340 1208 2422 Κιονσιαπικοόπολις
1227 2341 1261 2410 sd
1281 2338 1345 2406 itu-

270 2445 330 2512 κόι
354 2443 738 2537 Κιαισοαπιιοπολίτης,
768 2469 844 2512 nam
873 2445 1001 2512 ethnica
1027 2445 1187 2531 pleraque
1212 2449 1347 2510 naseuntur

272 2569 293 2613 a
321 2543 450 2610 duobus
480 2543 616 2630 integris
643 2545 732 2611 velut
760 2571 781 2612 a
814 2551 984 2614 Γυναικῶν
1018 2545 1135 2634 λιμήν,
1169 2545 1256 2631 quod
1281 2563 1347 2608 nmo
1376 2555 1377 2560 ’

272 2647 483 2735 compingere
503 2647 605 2724 volet,
625 2652 656 2710 Γ
652 2646 951 2736 οκαικολιιιιιίιης,
974 2643 1181 2735 Πατρόκλου
1198 2649 1349 2734 vidcella-

272 2749 525 2836 aposlorooicoc
541 2758 601 2814 etc.
624 2758 657 2814 et
677 2749 899 2827 Grammatici,
923 2749 979 2834 qui
1000 2748 1166 2834 synthesis
1188 2767 1298 2835 genera
1312 2764 1351 2830 per

273 2874 386 2918 omnes
417 2871 513 2914 casus
541 2850 664 2916 minute
695 2852 952 2941 scrupuloseque
989 2860 1226 2934 exsequuntur,
1254 2841 1351 2930 Ἑλλής

271 2977 395 3031 ποπος
423 2952 555 3037 quidem
586 2963 619 3018 et
646 2952 834 3036 Διόςκορος
859 2975 933 3018 cum
960 2953 1103 3038 genitivo
1136 2952 1264 3037 integro
1289 2968 1353 3012 com·

271 3056 381 3145 posita
406 3076 479 3120 esse
504 3077 571 3120 non
601 3052 750 3122 dubitant
772 3055 831 3121 sed
854 3055 894 3120 de
916 3055 1059 3140 genitivo
1084 3051 1301 3120 declinationis
1318 3070 1353 3111 ss-

271 3157 398 3223 cundae
424 3154 559 3222 verbum
584 3155 709 3221 nullum
726 3156 963 3242 interponunt,
992 3154 1083 3241 quod
1111 3177 1182 3222 non
1204 3151 1355 3220 omisissent

270 3260 378 3324 iacere
407 3257 435 3320 si
462 3266 511 3321 tot
538 3256 594 3322 illa
622 3258 820 3344 oppidorum
848 3258 981 3322 nomina
1015 3255 1150 3343 hyphen
1184 3256 1296 3340 scripta
1319 3252 1353 3314 iu-

270 3361 452 3435 venissent‚
483 3359 530 3424 sic
557 3369 594 3422 ut
622 3357 721 3424 hodie
751 3360 912 3444 leguntur.
964 3360 1033 3426 Sed
1063 3359 1147 3423 hene
1179 3356 1356 3444 scriptionem

273 3463 369 3528 etiam
406 3459 626 3545 discrepantia
667 3461 818 3526 codicum
856 3473 1040 3547 suspectam
1079 3461 1158 3526 iacit
1200 3471 1232 3524 et
1261 3454 1355 3522 incuria

272 3565 467 3650 scriptorum
486 3561 682 3626 novitiorum
704 3562 760 3647 qui
781 3562 854 3649 ipsa
869 3563 992 3649 primae
1015 3561 1241 3629 declinationis
1256 3556 1356 3624 nomin

271 3666 335 3732 huc
359 3665 572 3730 detorserunt.
617 3663 674 3730 Sic
696 3663 782 3729 enim
803 3663 897 3742 urbs,
920 3687 1005 3750 quae
1022 3687 1042 3728 a
1058 3674 1160 3728 matre
1179 3653 1355 3728 Constantini

270 3769 320 3834 M.
346 3787 466 3834 nomen
496 3762 638 3850 accepit,
661 3759 891 3843 Ἑλενούπολις
912 3777 1047 3830 vocatur
1068 3777 1100 3830 et
1118 3765 1184 3830 alia
1205 3753 1356 3846 Μεγαλό-

271 3871 389 3948 πολις,
411 3890 480 3932 non
500 3866 556 3931 illa
575 3864 717 3931 Pontica
742 3888 827 3950 quae
854 3888 874 3930 a
897 3866 1059 3953 Pompejo
1083 3868 1133 3932 M.
1154 3861 1355 3951 cognominata

341 4105 371 4173 5)
384 4103 469 4167 Quod
485 4106 602 4159 duarum
615 4099 726 4158 urbium
739 4097 829 4158 altere
842 4097 891 4170 sic,
909 4101 998 4160 altera
1015 4099 1064 4160 illo
1078 4101 1161 4160 modo
1176 4108 1289 4159 vomtur
1304 4089 1357 4152 sint·

271 4190 392 4258 literque
410 4188 465 4242 alia
479 4186 630 4260 ‘laodociae
646 4188 702 4242 alia
717 4187 786 4262 Ἱερὰ
803 4186 881 4252 πόλις
898 4199 951 4246 etc.
974 4190 1004 4245 id
1022 4190 1166 4246 fortuitum
1187 4197 1232 4244 est
1251 4186 1358 4252 nullaque

271 4271 451 4344 grammatica
469 4273 578 4330 ratione
597 4274 741 4328 sancitum.
