2825 4809
244 299 318 378 sss
600 295 920 368 mssasrnrro
952 299 995 368 v.
1065 259 1070 264 ’

147 559 152 568 ,
244 469 360 575 aptum'
384 483 517 570 quidem
545 481 673 550 'videtur
697 485 860 552 vicenaria
888 485 997 553 dicere
1025 481 1222 569 εἶκοσέριστα
1245 494 1316 576 qussi

244 585 330 674 πρδς
355 582 481 653 εἴκοσιν
503 583 661 670 ἔρι’ζονια.
706 586 775 654 Alii
804 609 879 654 cum
912 589 1013 676 stirpe
1038 589 1173 656 nomiuis
1200 583 1317 675 ἀριθμός

243 689 461 778 compositum
482 695 599 774 putant
627 696 660 754 et
686 696 723 752 ut
750 690 986 773 τριςάριθμος,
1012 686 1203 774 ἑξάριθμσς,
1223 692 1317 762 orara

243 798 385 876 ριθμος,
415 787 745 877 πεντοκονιάριδμος
771 790 895 871 (omiss.
917 790 997 874 Th.)
1026 790 1140 876 Sibyll.
1161 794 1200 860 V.
1218 793 1262 858 40.
1285 797 1318 863 sic

243 893 308 960 dici
329 886 584 979 εἷκσσινήριιος,
608 890 661 958 cui
681 891 786 958 simile
808 889 959 980 ἑξήριισς
980 894 1184 958 Hermaunus
1203 893 1233 958 in
1249 896 1318 962 Dies.

242 997 392 1066 emaus.
404 998 541 1078 οιιιιιοιιι
556 993 679 1078 olymp.
694 995 784 1060 Ρικδ.
795 1017 829 1081 p.
843 994 893 1060 17.
915 994 1062 1061 Pindaro
1080 982 1196 1062 tribuit
1224 998 1319 1064 Verum

242 1109 350 1188 tamen
362 1097 478 1164 mirum
490 1105 541 1161 est
555 1117 613 1161 cur
628 1105 727 1182 poeta
740 1119 808 1163 non
823 1096 972 1173 maluerit
986 1093 1207 1182 εὶκσσάριιιμα
1222 1089 1318 1164 droise

242 1201 351 1270 dicere
377 1199 520 1266 admisso
545 1197 636 1264 hiatu
662 1208 699 1264 ut
727 1204 865 1282 γυναῖκα
890 1195 1036 1283 άγεσθαι
1061 1198 1102 1264 Il
1123 1199 1248 1266 XXIII.
1265 1201 1318 1267 263

241 1313 430 1386 manetque,
460 1323 526 1384 quo
549 1309 645 1366 antea
670 1300 942 1378 offenderemur.
960 1301 1171 1389 pleonasmus
1192 1291 1319 1370 lissei.

243 1403 376 1490 Siquis
402 1424 482 1468 vero
508 1401 589 1468 illud
617 1400 835 1487 trisyntheton
863 1425 937 1468 esse
967 1413 1088 1470 statuat
1119 1425 1161 1473 ex
1187 1400 1319 1472 εἴκασται

240 1501 382 1595 νήριτον,
405 1503 499 1569 valde
519 1502 633 1570 dubito
654 1527 696 1569 an
714 1504 839 1570 nullum
856 1503 953 1588 hujus
976 1503 1219 1593 compositionis
1237 1527 1317 1571 erem·

240 1609 332 1697 plum
359 1606 494 1694 reperiri
522 1605 629 1692 possit
655 1616 785 1694 practer
811 1606 1069 1673 recentissimum
1096 1602 1318 1692 consociatior

240 1711 274 1778 in
295 1709 421 1778 Leonis
447 1709 533 1797 Imp.
558 1709 675 1776 Oracc.
698 1731 728 1775 r.
754 1708 825 1774 137.
853 1708 889 1772 in
911 1731 977 1795 quo
999 1706 1070 1793 τρίς
1095 1730 1164 1774 non
1188 1730 1318 1774 numerum

242 1812 404 1900 significat
424 1812 482 1878 sed
501 1809 724 1878 intentionem.
757 1811 872 1876 Minus
892 1812 1121 1899 scrupulorum
1140 1811 1233 1876 habet
1248 1811 1320 1876 alters

153 2081 160 2088 .
241 2009 481 2102 ἀναγνωστέον,
516 2014 679 2100 significat
708 2015 871 2100 quosdam
901 2015 1009 2083 elienor
1036 2013 1156 2105 νήριτα
1187 2016 1321 2103 scripsisse
1373 2006 1375 2091 ζ

242 2118 313 2196 hac,
332 2126 425 2206 puto,
444 2117 604 2184 sententia
623 2112 654 2184 ai
676 2112 811 2196 δεκάκις
830 2115 887 2183 καὶ
906 2113 1077 2196 εἰκοσάκις
1094 2115 1253 2205 στήσωσιν
1263 2111 1321 2183 riso-
1372 2100 1376 2227 l

242 2219 393 2308 ρίθμητα
411 2213 685 2287 {tessaradecas
702 2220 926 2301 υἰτίιιοιιεδιιε
941 2221 1106 2285 attulerint
1123 2221 1244 2305 Infinita
1256 2221 1323 2300 lytra
1374 2230 1375 2283 l

241 2320 528 2404 Quemadmodum
554 2319 654 2405 igitur
676 2318 827 2404 vulgatae
854 2319 1034 2407 scripturae
1062 2320 1251 2408 interpretes
1272 2343 1325 2386 cum
1374 2286 1375 2353 l

241 2421 394 2488 adverbio
429 2419 563 2500 δεκάκις
595 2420 877 2509 comprehendunt
908 2421 1077 2488 notionem
1094 2422 1231 2519 'nomini
1259 2445 1324 2487 com·

240 2526 351 2614 posito
374 2519 600 2612 εἶκασινήριτα
623 2522 819 2608 subjectam,
849 2524 897 2590 sic
922 2533 960 2588 ut
979 2523 1174 2590 Emtathius
1196 2524 1267 2590 dicit
1286 2524 1325 2590 δε-

239 2625 336 2705 κάκις
353 2621 486 2712 νήριτσν
504 2617 706 2698 άπδκαινοῢ
726 2623 812 2691 κατὰ
830 2622 1025 2711 παράθεσιν
1041 2624 1103 2692 καὶ·
1117 2622 1326 2712 εἶκασινήριτοι

238 2729 325 2798 κατὰ
349 2725 520 2811 σύνθεσιν,
549 2726 596 2791 sic
623 2725 671 2792 illi
696 2724 754 2812 qui
781 2721 889 2793 εἴκοσι
918 2749 1066 2792 seorsum
1091 2726 1251 2805 scribunt,
1272 2725 1328 2791 huic

240 2828 511 2918 significationem
531 2827 677 2893 adverbii
699 2824 871 2909 εἰκοσάκις
888 2829 1138 2895 communicant.
1174 2826 1327 2897 Schematis

238 2933 336 3017 hujus
365 2931 491 3017 aliquot
522 2929 672 3017 exempla
701 2951 743 2994 ex
773 2928 838 2994 alio
867 2952 989 3016 genere
1018 2931 1231 2997 numeralium
1258 2929 1328 2994 affert

237 3032 474 3122 Porphyrius
464 3055 499 3098 111
523 3029 634 3100 Schol.
655 3031 695 3096 Il.
717 3031 764 3098 X.
787 3031 860 3098 252.
884 3033 991 3122 πέφνε
1011 3038 1101 3120 τρεῖς
1124 3059 1182 3100 και
1173 3025 1302 3100 δέκ”’
1284 3057 1327 3096 αν-

168 3217 173 3228 &
238 3139 336 3221 δρας,
355 3128 553 3260 τετράτῳδ
573 3127 675 3210 αδτδς
690 3129 846 3225 πεδάδη
847 3134 883 3198 id
899 3144 950 3200 est
965 3133 1227 3222 τριςιιαιδενάτῳ
1240 3115 1327 3217 (Pind
1354 3213 1359 3225 .

237 3239 295 3305 Fr.
308 3235 416 3320 C.)'
379 3259 477 3302 τεκνα
494 3230 617 3322 ἔπεφνε
637 3229 855 3314 δυώδεκα,
817 3235 917 3302 αστδν
935 3235 972 3303 δέ
988 3234 1099 3322 τρίτον
1118 3236 1190 3319 (Fr.
1200 3223 1326 3315 CLVII.)

221 3332 596 3454 ,δωδέκατος-τρίτσς
610 3334 646 3400 id
662 3345 712 3401 est
728 3337 841 3403 tertius
853 3337 998 3404 decimus
1008 3339 1149 3437 (Eupol.
1156 3340 1212 3404 ir.
1223 3361 1253 3424 p.
1260 3336 1309 3402 537
1310 3334 1327 3417 )

239 3439 399 3528 quibus
390 3462 425 3504 m
451 3438 533 3504 locis
561 3459 682 3503 nomen
713 3435 894 3517 δέκατος
884 3463 919 3506 m
946 3439 1047 3506 altera
1074 3450 1171 3527 parte
1200 3434 1327 3506 enuntiai

237 3545 390 3610 reticetur
420 3540 504 3606 sicut
525 3539 559 3604 in
581 3539 720 3606 Aristot.
742 3539 862 3606 Mirab.
886 3564 914 3607 c.
937 3542 1007 3608 38.
999 3567 1048 3630 p.
1071 3543 1145 3609 832.
1169 3566 1199 3607 a.
1221 3541 1256 3608 τὸ
1275 3539 1325 3620 πῦρ

112 3695 115 3700 -
238 3642 429 3716 έκλιπεῖν’
413 3669 456 3712 επ
497 3639 552 3730 etp
577 3637 772 3719 ἓκκαιδεκα,
795 3646 843 3728 τῷ
867 3638 1059 3732 δεὲβδόμῳ
1082 3643 1287 3720 έπανελδειν,
1305 3647 1327 3701 el

237 3745 426 3816 adverbium
451 3742 574 3810 Aesch.
596 3743 689 3809 Pers.
712 3742 786 3809 341.
815 3737 933 3810 ἑκατδν
956 3743 1008 3823 δὶς
1031 3739 1117 3832 ἦσαν
1144 3741 1229 3811 ἑπτά
1251 3767 1283 3808 τε
1302 3739 1326 3803 id

237 3861 288 3918 est
308 3845 557 3937 quatuordecim
583 3845 624 3910 de
646 3840 857 3913 scholiastae
879 3847 1041 3912 sententia
1066 3845 1152 3914 κατὰ
1178 3843 1280 3912 κσινδν
1299 3838 1326 3905 τὸ

237 3951 299 4033 δίς.
342 3953 396 4017 Ac
422 3971 534 4014 rursus
557 3947 719 4012 cardinale
741 3946 858 4014 δέκα
848 3971 882 4012 1n
903 3947 1012 4034 priore
1034 3947 1286 4074 praetermittitur
1302 3938 1328 4019 ἓξ

236 4046 560 4144 ηὲπτακαίδεκα”
538 4075 593 4140 ετη
619 4049 709 4116 Χειι.
733 4047 810 4134 Cyr.
833 4049 861 4113 I.
883 4049 919 4126 2,
942 4046 997 4114 8.
1001 4053 1100 4118 πέντε
1127 4049 1146 4137 ὴ
1139 4045 1325 4115 ἑκκαίδεκα

237 4153 657 4291 trq1.4‚16.Horum
681 4161 790 4218 tamen
810 4150 935 4218 nullum
956 4151 1121 4222 homerico
1141 4152 1189 4220 illi
1209 4137 1334 4238 perlecta
