2825 4809
270 360 348 434 294
564 319 885 424 nussununmo
913 354 960 420 11.
1003 355 1044 422 P.
1064 354 1093 420 1.

273 539 489 625 (intentivol)
520 548 553 604 et
582 533 731 627 πήγνυμι
757 539 975 626 compositum
997 549 1092 626 putot
1113 499 1188 604 nibil
1207 545 1343 612 attendens

272 641 422 729 spiritum
444 650 477 706 et
497 649 668 707 nocentum
687 663 718 706 v.
738 641 858 707 Pornll.
886 641 958 707 131.
982 650 1015 708 et
1036 641 1108 706 279.

734 915 845 984 CAP.
870 917 931 986 IV.

675 1071 734 1144 De
763 1053 797 1142 o
819 1075 979 1144 micro.

354 1253 379 1336 ξ.
404 1252 434 1316 1.
478 1251 576 1334 Quae
604 1253 646 1319 de
674 1254 773 1344 alpha
803 1264 836 1320 et
866 1253 971 1340 epsilo
1000 1261 1181 1338 temporum
1204 1250 1343 1316 verbalium
1380 1241 1381 1314 l

268 1362 367 1437 utque
395 1353 564 1419 nominum
594 1352 682 1421 dicu
707 1365 798 1434 sunt,
824 1356 939 1420 eedem
970 1353 1134 1442 pertinent
1162 1351 1203 1416 od
1220 1353 1344 1418 vocalium
1380 1361 1381 1406 ἐ

267 1451 415 1518 brevium
444 1454 587 1520 alteram.
635 1455 721 1522 Nam
747 1479 822 1523 cum
849 1450 984 1543 θνήσκω
1010 1464 1109 1538 atque
1134 1452 1277 1519 similibus
1292 1477 1343 1517 ver-
1380 1481 1381 1490 ¹

266 1551 384 1620 borum
404 1554 630 1622 inchoatorum
650 1558 898 1646 complementis
920 1556 1117 1622 conveniunt
1142 1549 1286 1639 θρόνων,
1304 1561 1341 1635 dc·
1380 1581 1381 1616 l

265 1651 408 1740 βρώσκω
429 1651 617 1744 φιλόβρως,
641 1656 783 1741 βλώσκω
804 1661 929 1742 βλῶσις
949 1651 1124 1744 enectos,
1147 1649 1277 1742 nodoso
1294 1654 1344 1718 sivo
1380 1683 1381 1720 l

263 1750 399 1842 πρώθω
424 1779 455 1821 v.
478 1756 604 1824 Tochn.
631 1758 683 1824 91.
712 1756 891 1844 τρώννυμι,
918 1755 1117 1847 υτρώννυμι,
1148 1776 1270 1840 quorun
1288 1776 1341 1818 om·
1380 1785 1381 1820 i

264 1855 356 1921 nium
386 1857 508 1924 voculis
535 1870 651 1926 nemra
678 1859 786 1926 brevis
816 1870 866 1926 est
895 1859 962 1926 sed
984 1856 1140 1925 consonis
1169 1855 1343 1940 insyllspsin
1380 1889 1381 1924 ι

265 1958 460 2027 coeuntibus
484 1962 670 2028 necessario
697 1961 906 2049 producitur,
941 1971 1051 2026 menet
1082 1981 1162 2024 vero
1193 1957 1347 2022 intemerate
1380 1997 1381 2024 l

263 2053 300 2124 in
327 2083 396 2125 uon
425 2063 599 2128 contractis
628 2059 803 2150 στόρνυμι,
835 2058 1017 2149 θόρνυμαι.
1064 2061 1203 2126 Illorum
1224 2058 1347 2124 nomulo

265 2171 415 2228 suctores
441 2187 460 2228 a
484 2163 592 2230 verbis
615 2163 699 2230 fictis
729 2163 894 2248 μολίσνω,
921 2163 1074 2252 donicum
1099 2169 1276 2237 arcessunt,
1300 2158 1345 2222 elic

265 2285 285 2326 a
305 2263 561 2350 perispomenis=
581 2263 679 2353 παρὰ
698 2263 737 2332 τὸ
761 2265 851 2349 τέμω
872 2261 957 2350 τομή
980 2261 1091 2347 τομέω
1107 2265 1203 2345 couci
1219 2259 1271 2326 καὶ
1287 2257 1346 2345 uod·

264 2383 317 2429 σει
327 2363 362 2448 ¹)
382 2370 457 2448 suoi
473 2363 597 2453 τμητός
619 2365 677 2433 καὶ
698 2359 846 2452 depascor
867 2359 913 2442 ὥς
933 2359 1081 2449 καμητός
1107 2360 1168 2428 καὶ
1195 2355 1343 2446 ἂκόμνγως·
1380 2401 1381 2434 γ

263 2459 371 2545 οὕτως
394 2467 506 2532 Φίλων
528 2463 751 2551 (Φιλόξενυς)
783 2461 832 2545 εἰς
864 2465 903 2533 τὸ
926 2459 1109 2550 ῥηματικόν
1130 2462 1210 2528 ΕΜ.
1233 2460 1294 2537 164,
1308 2460 1345 2523 dl.
1380 2527 1381 2532 ,

262 2587 350 2652 quoe
371 2566 559 2633 auctoribus
581 2567 650 2633 suis
673 2565 877 2632 remittimus.
919 2563 975 2632 Ab
1001 2563 1052 2628 his
1078 2573 1189 2630 eutem
1209 2560 1347 2628 verbomu
1380 2603 1381 2606 =

261 2667 518 2748 inchoamentis,
548 2691 632 2755 quse
662 2689 869 2736 communem
887 2666 1033 2752 regulum
1054 2675 1249 2751 sequuntur,
1275 2685 1347 2748 sepc-
1380 2703 1381 2738 1

261 2769 364 2834 rende
385 2781 463 2834 sunt
486 2771 553 2836 duo
573 2769 707 2836 nomina
728 2769 909 2856 primitive,
938 2767 1056 2854 quibus
1086 2766 1203 2833 eadem
1226 2762 1348 2830 literoin
1380 2805 1381 2838 f

263 2869 462 2938 derivatione
488 2871 667 2937 detrahitur
693 2881 851 2956 sequente
880 2869 1006 2955 syllaba
1028 2891 1097 2935 non
1130 2864 1347 2955 productust
1380 2907 1381 2944 3

259 2975 321 3040 τοῦ
348 2968 426 3057 γόνυ
454 2969 539 3038 κατὰ
567 2969 739 3058 συγκοπὴν
766 2969 975 3057 γίγνεταιτὸ
1002 2968 1080 3056 γνόξ
1105 2971 1203 3036 Eust.
1224 2967 1295 3047 550,
1311 2963 1348 3032 25.

259 3069 361 3158 γόνυξ
380 3073 437 3140 καὶ
458 3069 536 3156 γνόξ
554 3070 642 3140 κατὰ
665 3095 756 3157 συγκ.
779 3066 877 3138 ἐνθεν
902 3067 996 3154 lycco
1018 3072 1106 3140 Gud.
1130 3073 1209 3150 128,
1229 3072 1260 3136 4.
1283 3063 1347 3152 πρό-

258 3199 317 3258 χνυ
342 3173 410 3259 πρὸ
428 3170 506 3258 γόνυ
526 3174 613 3242 κατὰ
631 3197 723 3260 συγκ.
743 3171 799 3241 καὶ
812 3167 942 3259 τροπήν
957 3174 1037 3240 ΕΜ.
1053 3173 1132 3251 691,
1150 3172 1204 3238 50.
1220 3169 1349 3258 Apollon.

259 3273 343 3340 Lex.
369 3275 463 3339 Eust.
491 3274 570 3353 775,
596 3276 647 3341 11.
676 3273 795 3360 quibus
822 3294 1006 3340 connexum
1031 3283 1082 3340 cst
1103 3272 1276 3358 syntheton
1294 3263 1350 3355 γνό-
1380 3314 1381 3344 ,

258 3375 452 3452 amoenive
474 3372 658 3458 γονόπεσυς
679 3386 713 3442 st
731 3369 901 3461 Γνυνεήσει
922 3373 1237 3464 γονυπετήσωΗυυ.
1259 3368 1350 3458 γρυυῶ
1380 3415 1381 3450 ,

259 3478 337 3563 (sor.
360 3475 492 3561 γνυπιῦ)
513 3473 552 3542 od
572 3479 743 3561 γονυπετῶ
764 3475 886 3541 Arcad
911 3475 983 3554 149,
1004 3475 1057 3542 26.
1079 3480 1187 3560 quitus
1211 3487 1239 3543 et
1258 3473 1351 3556 count
1380 3513 1381 3550 3

258 3579 428 3662 udonibus
452 3581 554 3660 prisci
580 3579 733 3646 dixerunt
757 3575 847 3642 Fest.
868 3575 997 3643 Mansit
1022 3577 1142 3644 voculis
1170 3577 1207 3642 in
1227 3570 1352 3640 affinibus
1380 3573 1381 3650 l

257 3682 377 3766 γοῧνος
402 3673 420 3745 ὁ
451 3673 584 3766 ὑψηλὸς
605 3675 714 3758 τόπος
733 3671 802 3746 ἀπὸ
823 3682 1020 3767 μεταφορᾶς
1041 3685 1107 3746 τῶν
1128 3679 1274 3764 γονάτων
1290 3668 1351 3738 EM.
1380 3717 1381 3756 ,

256 3781 337 3858 233,
357 3778 388 3844 5.
420 3774 700 3864 Γόννον-γόυνα
730 3777 793 3866 γὰρ
820 3775 853 3846 ol
874 3775 1019 3857 Αἰολεῖς
1047 3778 1089 3848 τὰ
1111 3777 1235 3863 γόνατα
1259 3769 1353 3858 Steph-

257 3881 378 3970 quibus
400 3880 489 3945 haud
509 3879 657 3946 absimile
680 3902 798 3946 nomen
821 3880 941 3946 montis
964 3879 1091 3966 Κνημίς
1112 3879 1153 3946 of.
1179 3869 1351 3944 Technld·

236 3970 362 4074 γωνία
384 3981 480 4068 παρὰ
501 3982 539 4049 τό
564 3977 644 4066 γόνυ
665 3980 720 4048 ότι
742 3979 977 4066 καμπτόμενον
998 3977 1118 4064 γωνίαν
1137 3983 1233 4048 ποιεῖ
1256 3974 1353 4044 Orion·

255 4111 290 4174 p.
312 4086 372 4163 39,
396 4085 446 4151 14.
471 4094 503 4149 et
526 4107 559 4170 p.
581 4083 635 4159 42,
659 4084 709 4149 13.
742 4083 783 4148 In
803 4082 989 4169 germanico
1006 4103 1083 4148 vero
1103 4083 1219 4169 lingua
1238 4079 1354 4161 aliisque

328 4305 356 4374 1)
376 4305 528 4378 Syncopon
546 4305 642 4362 dicere
658 4303 749 4360 voluit
765 4311 796 4360 ut
812 4304 898 4376 paulo
915 4310 981 4376 post
998 4303 1130 4376 appellet.
