2825 4809
235 343 315 431 stt
601 339 923 419 nussnuusrro
954 341 997 408 v.

237 547 306 594 nnn
331 524 456 614 mpori,
488 525 548 600 scd
576 545 741 612 persaepe
769 519 899 603 ἔκτοτε,
926 523 1023 610 qood
1045 547 1148 613 nuper
1169 526 1317 598 Scbsclcro

237 637 370 694 auctore
390 625 425 695 in
446 626 534 692 Plut.
558 624 657 692 Ores.
666 626 834 696 XLVIII.
856 627 1038 713 repositum
1058 639 1108 694 est
1124 651 1183 715 nro
1202 628 1234 696 ἐκ
1250 630 1316 711 τότε,

236 728 341 798 mins
367 721 515 796 ἆττότοτυ
544 728 612 796 sivo
642 720 791 798 ἀποτότυ
818 737 851 794 ct
871 724 945 798 dat
964 729 1043 797 τότε
1068 729 1152 797 inter
1174 752 1247 816 quse
1269 734 1317 798 llu-

237 840 353 910 ctuunt·
367 827 516 897 Thomue
537 827 612 896 libri
636 839 697 896 etc.
742 829 836 894 Hscc
855 829 922 896 duo
945 829 986 895 ub
1003 829 1165 898 Atticistis
1178 832 1244 918 juro
1259 834 1318 920 reji-
1381 848 1382 923 j

237 931 365 999 ciuntur
397 931 459 997 sod
490 931 581 1015 quod
612 931 647 998 in
676 930 884 999 collectaneis
915 927 953 998 ἐκ
981 935 1047 1006 τῶν
1070 928 1257 1018 Ἡρωδιαυοῦ
1279 937 1319 1000 iu·

236 1033 366 1120 scriptis
389 1056 423 1120 p.
440 1032 505 1098 469
526 1033 632 1101 Picus.
651 1033 833 1118 generatim
847 1031 1000 1118 adjicitur
1020 1028 1172 1106 καθόλου
1187 1030 1218 1102 oi
1232 1029 1320 1102 Ἀττι-

236 1133 291 1204 κοὶ
321 1141 487 1222 χρονικοῖς
506 1131 743 1222 ,ἒττιῤῥήμαυιυ
769 1129 808 1210 od
834 1131 1051 1202 συντάττουσι
1079 1133 1140 1212 τὰς
1169 1136 1319 1221 προθέσεις
1382 1176 1383 1179 =

235 1235 392 1302 relcllitnr
414 1246 447 1302 st
471 1235 512 1300 iis
535 1235 693 1321 exemplis
716 1257 802 1320 qncs
822 1237 894 1320 jum
918 1235 1016 1303 allatu
1036 1246 1115 1303 sunt
1138 1246 1170 1301 et
1188 1237 1320 1302 nonnullis

235 1337 308 1406 nliis
340 1359 425 1424 quse
457 1337 510 1404 bic
547 1360 733 1425 proponam
766 1337 952 1406 intermixto
985 1337 1164 1405 extrancis.
1205 1330 1319 1418 Ἕξαῦτυς

235 1439 380 1526 speciem
410 1437 451 1505 ab
481 1441 628 1506 Homero
663 1449 832 1526 acceptam
863 1460 924 1526 per
952 1459 1067 1505 omncs
1098 1437 1210 1524 spicue
1236 1439 1319 1522 possis

235 1551 358 1617 notatu
385 1540 596 1630 pertinaciter
623 1541 821 1628 propagavit
845 1539 994 1625 quanvis
1020 1540 1189 1618 intellectu
1213 1537 1317 1604 subinde

233 1653 378 1720 munio,
407 1664 515 1728 usquc
539 1642 633 1708 alitor
658 1649 816 1727 μεταῦτις
838 1640 997 1728 Apollon.
1022 1643 1193 1724 μεταῦθις
1212 1640 1312 1706 Sexto.

234 1744 379 1812 Granum.
409 1765 437 1810 c.
460 1745 503 1812 V.
531 1768 564 1830 p.
591 1743 665 1811 241.
694 1743 773 1828 (626
798 1742 920 1827 Bcklt.)
953 1743 1012 1808 sed
1042 1738 1122 1826 μετ’
1154 1736 1241 1819 αὖτις
1259 1741 1313 1825 isici

234 1847 333 1916 codd.
353 1844 476 1914 Aesoh.
503 1847 599 1912 Eunu
622 1845 698 1910 472.
727 1841 879 1924 clocides
909 1844 958 1929 (in
980 1843 1083 1910 Thes.
1107 1843 1229 1924 omiss.)
1254 1843 1319 1910 Sext.

233 1947 305 2015 lo.
327 1947 402 2027 617,
424 1947 477 2014 23.
503 1946 644 2012 Lucisn.
665 1946 741 2014 Dea
763 1943 836 2032 Syr.
859 1949 885 2031 b.
904 1945 957 2012 55.
979 1944 1083 2012 Anth.
1106 1945 1170 2014 VI.
1194 1944 1238 2010 16.
1256 1943 1322 2028 qnod
1384 2004 1385 2011 ,

233 2050 405 2118 stticomm
430 2049 625 2136 scriptorum
649 2047 794 2115 editores
815 2047 1004 2134 disjungere
1030 2047 1142 2113 solent
1166 2070 1197 2110 v.
1216 2048 1279 2110 Ast
1294 2045 1325 2108 ud

231 2150 318 2218 Plat.
340 2152 444 2237 Gorg.
468 2175 501 2238 p.
524 2151 555 2216 8.
581 2149 766 2217 Blomficld.
793 2149 835 2214 ud
863 2148 970 2216 Thuc.
991 2148 1054 2216 IV.
1077 2148 1144 2226 63„
1159 2149 1191 2213 2.
1217 2145 1325 2216 Jacobs

232 2253 275 2318 nd
294 2254 370 2322 Aul.
383 2254 456 2320 193.
498 2251 625 2318 Eadem
644 2251 729 2317 ustio
747 2250 923 2319 intercedit
942 2251 1028 2319 intcr
1048 2253 1239 2332 μετέπειτα,
1258 2251 1326 2332 cujus

232 2354 394 2441 scripturn
409 2362 538 2421 constat
557 2353 646 2440 apud
658 2355 852 2432 Homerum,
868 2349 998 2422 Gallim.
1010 2351 1084 2418 Nic.
1095 2352 1213 2440 Apoll
1227 2351 1329 2438 ipsun-

232 2477 296 2540 quo
308 2455 529 2534 Herodotum,
545 2465 579 2522 et
597 2455 631 2533 ἐς
651 2451 781 2533 ἔπειτα,
801 2453 855 2521 cui
865 2455 1061 2540 Knrsgerus
1076 2452 1187 2520 Thue.
1198 2455 1226 2518 Ι.
1238 2453 1299 2529 130,
1307 2453 1330 2516 2.

231 2553 385 2634 ἒςέττυττα
401 2556 612 2639 cnutum),
630 2555 690 2620 sed
707 2566 807 2621 testes
826 2555 920 2622 multi
939 2555 1063 2622 sdsunt
1081 2577 1147 2621 nec
1165 2555 1256 2620 deest
1267 2552 1332 2618 rutio

88 2644 97 2654 ’
230 2678 261 2722 v.
286 2660 312 2742 ᾗ.
334 2655 367 2724 b.
398 2659 548 2744 interque
577 2657 611 2736 ἐς
639 2649 760 2725 αὐτίκα
788 2656 892 2722 Arist.
918 2656 998 2722 Puo.
1024 2657 1100 2724 367.
1134 2667 1170 2725 et
1199 2658 1234 2721 in
1260 2655 1333 2720 libris

229 2758 393 2826 nonnullis
414 2761 508 2826 Arst.
532 2757 605 2824 770.
630 2781 650 2822 u
669 2759 869 2824 Buttmunno
893 2769 1097 2824 contractum
1124 2768 1160 2825 ct
1183 2751 1334 2824 ἀπαυτίκα

228 2859 310 2930 Phr.
331 2859 384 2928 47.
411 2857 613 2946 μεταυτίκα,
638 2857 821 2940 incutiunt,
852 2860 944 2943 quod
970 2859 1169 2931 Dindorlius
1194 2861 1228 2926 in
1250 2858 1334 2924 Thes.

229 2962 374 3052 separari
389 2961 472 3040 vult,
490 2960 702 3046 omniumque
719 2960 1018 3047 frequentissimum
1034 2959 1244 3044 παραυτίκα,
1262 2957 1337 3046 qnod

228 3087 301 3134 mo
326 3066 361 3132 irr
388 3065 486 3132 codd.
515 3063 687 3129 divellitur.
734 3063 794 3130 Ad
821 3061 939 3128 borum
965 3062 1118 3129 viciniam
1148 3062 1337 3131 descendunt
1385 3102 1386 3123 ο

227 3163 403 3253 innuo-iric
429 3166 553 3252 (ἔθους.
577 3165 759 3251 Progymn.
781 3164 828 3230 H.
849 3164 925 3230 553.
941 3164 983 3234 in
1003 3165 1114 3232 Wslz.
1135 3165 1237 3233 Rhet.
1261 3165 1297 3230 Τ.
1314 3163 1337 3228 1.

229 3267 320 3354 quod
340 3267 369 3332 si
390 3263 472 3354 παρ’
497 3261 580 3334 εὐθύ
603 3265 755 3333 scribitur
775 3265 811 3332 in
831 3266 997 3354 Hippocr.
1020 3267 1062 3332 de
1082 3268 1209 3334 Affeot.
1230 3268 1335 3332 Intsrn.

228 3391 262 3456 p.
283 3367 358 3434 489.
382 3367 423 3434 Τ.
446 3368 493 3434 Il.
523 3367 665 3436 dubitari
695 3379 807 3456 potest
835 3379 944 3436 utrum
972 3364 1056 3436 adst
1083 3369 1281 3454 adjectivum
1304 3367 1338 3432 sit

227 3493 271 3539 un
293 3468 483 3539 adverbium
506 3493 527 3537 a
546 3467 738 3556 Phrynicho
761 3480 927 3547 nocuum,
955 3471 1050 3555 cujus
1074 3471 1221 3557 primum
1242 3493 1335 3536 exen-

227 3571 319 3658 plum
351 3580 401 3638 est
432 3593 485 3658 sp.
515 3571 654 3638 Aristot.
686 3571 800 3638 Probl.
827 3571 963 3641 XXVI.
995 3593 1025 3639 o.
1052 3573 1102 3640 12.
1131 3573 1211 3641 941.
1236 3573 1267 3639 b.
1296 3572 1336 3636 19.

226 3671 326 3738 Polis.
346 3671 393 3738 II.
416 3673 447 3738 2.
471 3695 506 3759 p.
530 3671 622 3738 1264.
644 3671 677 3740 b.
700 3675 752 3743 13.
778 3693 841 3743 nec
866 3674 1003 3740 mutavit
1023 3674 1201 3740 Beklscrus
1231 3674 1336 3740 sedin

113 3777 115 3781 ’
227 3773 348 3846 Gener.
369 3773 483 3840 Anim.
505 3773 533 3838 I.
555 3774 609 3840 22.
636 3797 670 3860 p.
694 3773 767 3842 736.
789 3773 823 3839 b.
844 3775 876 3841 2.
904 3769 1018 3854 εὐθύς.
1034 3776 1139 3844 edidit
1169 3776 1337 3845 secundun

225 3875 324 3944 codd.
366 3874 571 3944 Advsrbium
590 3874 658 3944 looi
682 3871 848 3954 κατυυθύς
868 3876 1030 3966 Xenopb.
1052 3879 1155 3946 Puns.
1177 3880 1221 3946 V.
1245 3876 1335 3955 11,1.

223 3977 383 4064 Apollon.
410 3977 495 4054 Iucu.
525 4001 551 4043 s.
575 3973 668 4058 ’ἰθύς
695 3976 795 4044 cessit
823 3977 943 4066 aptiori
968 3973 1047 4055 ,κατ’
1075 3974 1160 4058 εὐθύ
1192 4002 1254 4068 pro
1280 3998 1334 4063 quo

224 4133 392 4148 ..ιι-...ουσ-

295 4216 339 4285 ld)
358 4213 392 4268 In
405 4213 526 4270 Granum.
540 4211 590 4270 Gr.
607 4213 637 4268 P.
651 4214 674 4268 Ι.
690 4215 856 4283 Fusc.11.§.
870 4217 912 4272 bd.
926 4218 992 4270 sdn.
1005 4215 1029 4270 3.
1041 4223 1070 4272 ct
1086 4221 1111 4271 l.
1127 4217 1156 4278 ἐς
1173 4183 1268 4273 ἔπειτα
1284 4232 1333 4269 on·

223 4298 326 4370 niaque
343 4297 504 4370 hujusmodi
523 4300 627 4358 rectius
646 4299 685 4356 sic
703 4318 789 4371 quarn
806 4302 922 4373 hyphen
941 4301 1028 4358 scribi
1046 4310 1150 4358 conset.
