2825 4809
108 363 160 459 bo
177 386 291 454 mus
314 384 552 455 smoorm
576 386 853 458 annuamus.
880 387 920 456 c.
932 388 960 455 1.
977 392 1003 478 §-
1012 390 1043 457 a
1071 392 1148 468 ooo

69 576 137 663 quod
165 572 256 639 simile
290 581 340 638 eat
373 570 539 639 homerico
572 572 686 657 θυμὸν
719 569 820 642 λαλνει
851 597 881 641 v.
913 574 1039 641 Techn.
1073 572 1149 642 125.'

67 681 157 765 ltaque
184 676 215 740 in
245 673 349 761 primo
382 673 456 740 loco
490 670 588 741 scribi
623 672 724 741 debet
756 671 882 742 ἲθαίναι
909 672 1149 766 Ἰθαινιιμένης

65 776 233 863 Ἰθαιμένης,
264 774 418 861 idemque
447 776 482 840 in
513 775 667 862 'l'heogn
695 774 718 841 l.
746 798 774 842 c.
808 799 868 864 pro
902 770 1145 861 ἶσαινάθυμος,

65 880 111 945 risi
124 878 170 944 hic
187 874 411 963 λιλαινόθνμος
428 878 539 965 posuit
557 886 712 963 tanquam
729 876 1051 966 interpretamentum
1070 898 1149 965 pro·

65 981 110 1069 prii
125 978 275 1045 alibrario
299 978 413 1045 omissi
428 976 621 1068 Ἰθαιμένης
640 979 725 1044 siout
744 975 937 1068 πραῢμενὴς
956 978 1045 1043 idem
1064 978 1151 1045 valet

64 1105 92 1148 ac
109 1078 305 1166 αμαΰθνμας.
343 1082 416 1147 Iam
439 1080 592 1147 correctis
610 1081 794 1169 scripturae
810 1080 940 1145 mendis
958 1103 1028 1146 rem
1043 1080 1151 1169 ipsam

64 1182 265 1270 aggrediamur.
319 1179 541 1261 Τανύνιειτλας
571 1193 603 1248 et
633 1182 696 1246 alia
726 1204 801 1247 cum
827 1181 935 1247 verbis
964 1171 1071 1248 ini-io
1092 1205 1150 1247 ex-

64 1284 182 1350 euntibus
203 1292 351 1351 conserta
373 1285 415 1349 ad
436 1284 527 1349 illum
547 1285 656 1351 locum
678 1284 859 1370 pertinent,
890 1306 956 1369 quo
985 1284 1026 1349 de
1052 1283 1151 1349 unius

64 1384 146 1451 literae
166 1385 291 1451 defectu
315 1386 423 1472 agitur
444 1384 483 1453 Ο.
506 1386 568 1455 IV.
595 1390 621 1472 ξ.
642 1386 674 1451 4.
720 1386 789 1469 Qui
818 1386 930 1473 plures
958 1386 1043 1453 elabi
1070 1408 1151 1453 con-

64 1488 186 1566 tendunt,
216 1498 349 1553 caueam
380 1508 447 1554 non
475 1488 627 1575 probant.
679 1487 827 1555 Primum
847 1486 1046 1578 κελαινεφής
1077 1508 1152 1554 cum

63 1586 178 1670 μιλαλνω
199 1589 419 1678 compositum
442 1590 551 1656 dicere
570 1614 660 1656 mera
679 1590 812 1657 licentia
834 1600 893 1655 est.
922 1582 1093 1678 Ἰθαμενης
1108 1588 1152 1656 ab

63 1685 157 1755 ἰθαίνω
173 1691 355 1778 profectum
381 1713 453 1757 esse
469 1714 511 1757 ne
528 1692 711 1781 Apollonio
734 1692 868 1778 quidem
889 1691 1052 1757 credimus
1063 1692 1152 1759 Adv.

63 1788 114 1855 600.
135 1785 152 1877 ἦ
172 1788 342 1881 inorruit}
372 1794 430 1860 τοῦ
453 1781 479 1861 ἶ
500 1789 633 1861 ἐλτασιν
658 1798 810 1861 ποιεῖται
838 1794 897 1858 τοῦ
918 1780 945 1859 α
966 1787 1152 1878 ἰθαγενέ-

63 1914 125 1958 ισσι
142 1893 232 1979 παρὰ
252 1892 293 1961 τὸ
310 1890 451 1973 ἷθαένια,
475 1886 545 1974 ὅτι-ι’,
568 1890 660 1961 κλαίω
680 1904 740 1960 eto.
776 1894 864 1959 Nam
881 1892 1076 1978 significatio
1094 1915 1153 1958 ex·

63 1990 190 2059 hilarandi
219 2005 252 2059 et
281 1995 429 2074 favendi,
463 2016 547 2081 quae
575 1994 676 2062 verbo
701 1994 854 2060 tribuitur
872 2016 902 2057 v.
927 1993 1052 2059 Techn.
1080 1994 1154 2059 125:

61 2096 162 2162 minime
182 2096 337 2163 convenit
357 2097 400 2161 ad
425 2096 638 2183 adjectivum,
667 2097 759 2183 quod
779 2092 973 2161 Eustathius
994 2088 1069 2161 κατ’
1092 2090 1156 2163 teo

63 2198 229 2285 μιμηθέντα
253 2208 288 2263 et
309 2192 442 2285 γνήσιον
464 2198 706 2286 interpretatur.
752 2196 838 2264 Cum
854 2194 918 2261 hoc
935 2196 1046 2283 Epim.
1056 2196 1085 2260 1.
1098 2195 1152 2260 61.

62 2300 198 2393 conponit
219 2298 332 2365 herois
353 2320 489 2364 nomen:
509 2293 630 2381 ’Ἀσιας
657 2299 755 2386 παρὰ
782 2297 820 2366 ad
844 2291 925 2364 oica
948 2294 1072 2391 ἐκβολῇ
1093 2300 1154 2366 τοῦ

63 2425 72 2463 ι
99 2398 136 2479 ὡς
167 2394 281 2481 ἀετός,
325 2396 399 2467 dati·
434 2398 540 2479 οὕτως
575 2394 804 2487 ἀναγνωστέον
842 2399 882 2466 τὸ
918 2395 1152 2486 ἷθαμενέισσι·

58 2498 278 2588 ααρὲφθαρται
313 2500 351 2568 δὲ
390 2498 433 2569 τὰ
465 2496 656 2590 ἀντίγραφα
688 2500 731 2568 ιὰ
770 2496 886 2581 ἔχοντα
927 2495 1154 2583 ἷθαιγενέεασι

57 2593 157 2693 λασίας
174 2606 221 2689 τῷ
244 2595 446 2688 Ἰθαιμένης.
485 2604 562 2668 Ηοα
581 2600 621 2666 ab
640 2600 703 2689 0.οη
723 2601 906 2688 profectum
922 2601 1027 2666 videri
1044 2610 1156 2687 pot-est

58 2703 261 2789 ocopulativo
293 2724 368 2768 cum
394 2703 601 2790 diphthongo
636 2713 832 2769 commutato
861 2713 899 2767 ut
926 2700 1153 2789 Πυλαιμένης,

56 2801 327 2892 Κλυταιμνήστρα,
351 2802 590 2889 μεσαιπόλιας,
611 2801 831 2893 γνιαιμανής,
856 2828 940 2890 quae
960 2802 1156 2869 Eustathius

58 2924 81 2985 p.
96 2903 159 2983 937,
180 2906 233 2971 38.
254 2914 291 2971 et
312 2928 346 2993 p.
369 2906 443 2985 360,
460 2907 513 2972 30.
537 2930 611 2973 oum
631 2906 687 2971 illo
711 2906 850 2983 confert3
874 2902 1035 2992 ἰθαγενής
1056 2903 1155 2990 alpha

56 3001 165 3091 longum
191 3006 294 3073 habet
323 3018 360 3073 ut
392 3008 597 3097 Θηραμένης.
648 3002 850 3094 Μιαιφόνας
878 3007 931 3073 vel
957 3016 994 3070 ut
1026 3005 1062 3069 in
1087 3007 1154 3069 Ar-

58 3103 171 3173 chilochi
197 3109 255 3175 Fr.
273 3108 390 3179 CXV.
416 3108 616 3194 (XXVIII.)
648 3108 800 3174 scribitur
821 3103 990 3195 μιηφόνας
1013 3130 1034 3172 a
1054 3104 1156 3172 verbo

57 3206 135 3275 oblito
156 3221 188 3277 et
209 3210 385 3277 obliterato
407 3208 476 3295 μίαι
497 3230 612 3295 spurco
634 3210 817 3298 profectum
839 3219 889 3275 est
910 3209 956 3275 sic
978 3219 1014 3274 ut
1031 3204 1158 3297 μιαρός

58 3318 80 3372 et
99 3311 198 3377 affinia
224 3331 313 3399 quae
335 3313 370 3378 in
387 3311 512 3378 Techn.
537 3312 608 3378 125.
632 3310 859 3401 apposui²⁴)‚
884 3310 1047 3397 similique
1070 3310 1156 3375 anti-

56 3408 120 3477 thesi
139 3412 178 3481 ab
199 3415 324 3481 usitato
347 3408 446 3481 &troo
469 3414 639 3501 proprium
653 3410 883 3501 Ἀλθαιμένης
898 3422 930 3478 et
946 3408 1157 3500 Ἀλθημένης

57 3532 78 3575 v.
95 3516 131 3579 ad
147 3516 227 3582 Phr.
243 3517 319 3582 649.
343 3514 528 3581 Taschuck.
552 3515 596 3579 ad
607 3514 716 3583 Strab.
727 3516 774 3582 X.
786 3516 859 3581 269.
889 3516 1051 3593 Duorum,
1072 3536 1158 3599 quae

57 3611 243 3685 Grammatiei
271 3617 401 3684 silentio
430 3616 643 3704 praetervecti
666 3628 758 3696 sunt,
784 3614 982 3702 μαραένιαυς
1004 3610 1022 3682 ὁ
1045 3642 1157 3702 μεμα-

58 3718 195 3800 ραμμένας
223 3717 306 3799 τοὺς
333 3716 447 3796 πόδας
473 3720 556 3784 Hcs.
581 3727 615 3784 et
637 3717 828 3801 χαλαίιιαυς
856 3720 930 3786 Nic.
957 3741 1060 3784 unum
1083 3740 1157 3783 cum

57 3814 161 3905 μαίηω,
184 3817 358 3905 μαραίνω,
388 3814 534 3903 μαυρός,
558 3814 713 3909 ἀμαυρός
735 3823 844 3887 debilis
867 3831 1042 3907 cognatum
1063 3818 1169 3898 vide·¹

108 4003 149 4073 24)
166 4005 356 4060 Buttmannus
372 4004 495 4060 Gramm.
508 4004 530 4057 Ι.
551 4004 575 4071 5.
590 4004 649 4057 12⁰.
668 4004 743 4059 Adn.
756 4006 782 4060 3.
800 4005 929 4076 ignotum
945 4008 1088 4077 quoddam
1100 3988 1162 4073 {sor

57 4098 96 4150 pro
111 4088 230 4145 themate
249 4089 337 4161 ponit.
368 4088 558 4145 Doederlinus
577 4088 607 4143 in
619 4088 712 4145 Gloss.
725 4095 767 4144 bl.
780 4091 907 4145 laturum
921 4090 1014 4161 μιάσω
1032 4088 1114 4162 fingit
1128 4096 1159 4143 et

55 4170 205 4241 adjectivum
223 4175 290 4231 hinc
307 4168 492 4249 compositum
503 4179 674 4250 μιασίφονος
686 4175 756 4247 (hoc
768 4176 901 4245 accentu)
917 4179 993 4231 unde
1007 4170 1159 4246 μιαιφόνος

55 4254 142 4315 ladam
161 4278 234 4317 esse.
252 4292 288 4304 -
315 4262 461 4318 Thesmmo
487 4263 589 4316 desunt
613 4264 757 4333 μιαιβιαῡν
781 4268 809 4317 et
832 4268 1019 4338 μιααμθορεῖν
1046 4258 1158 4316 Caesar.

54 4337 218 4403 Dial.11.6l.
239 4347 268 4402 in
282 4350 360 4404 Bibl.
376 4348 449 4405 Gall.
468 4348 502 4402 T.
516 4346 565 4401 VI.

93 4431 221 4485 uouere,
241 4436 332 4477 rosor.
902 4431 946 4498 24
