2825 4809
283 353 349 418 nn
369 347 647 418 Pneuoussl.
693 349 732 416 c.
756 351 786 416 1.
824 355 849 437 ς.
871 352 903 416 e.
1076 359 1151 430 ιον

80 536 158 624 epig·
182 532 377 622 Ἡροδιανός
396 539 477 604 EM.
499 535 552 616 63,
575 537 626 603 18.
653 559 751 624 quem
772 537 921 622 sequitur
940 537 1090 604 «loannes
1110 537 1154 605 de

79 643 140 708 Tou.
165 639 210 717 38,
238 640 286 706 11.
313 637 355 706 τὰ
382 637 432 718 εἷς
453 624 801 718 ας-·ὀξι1νεται-το“
824 641 939 722 μέντοι
960 640 1068 717 πέλας
1090 645 1154 723 βα-

77 741 179 828 ρύνεται
196 739 249 808 καὶ
271 739 311 808 τὸ
334 737 497 827 ἃτρέμας·
519 739 559 808 τὸ
582 739 621 806 δὲ
638 737 830 825 ἀλίαςλεὶο)
847 734 928 825 παρ’
949 735 1158 808 Ιππώνατει

74 836 262 927 παροξύνεται
279 837 647 927 (προπαροξύνεται)’
626 840 698 910 απὸ
720 845 782 910 τοῦ
803 837 881 917 ἅλις
900 836 1092 906 πλεονάσαν
1107 844 1155 928 τῷ

74 932 131 1026 dl)
156 942 252 1028 Apud
271 941 477 1027 Hesychium
497 941 637 1027 legimus
660 937 738 1028 γόλι
760 938 888 1021 ἱκανόν,
911 941 1003 1026 quod
1021 940 1155 1029 ambigo

73 1055 154 1108 utrum
168 1051 312 1110 neuhum
333 1043 376 1110 sit
396 1043 547 1130 adjectivi
569 1044 604 1110 in
627 1043 818 1110 adverbium
831 1043 917 1109 versi
933 1041 1008 1122 ἅλις
1022 1055 1061 1109 ut
1067 1035 1156 1131 Ἶφις

73 1139 125 1231 ἶφι,
150 1139 246 1223 εὐθύς
276 1141 375 1225 εὐθύ,
404 1167 446 1210 an
474 1144 634 1212 sinceram
660 1146 752 1212 vocis
779 1145 919 1212 formam
943 1145 1155 1231 redintegret,

71 1246 108 1312 cui
124 1255 229 1332 postea
248 1246 354 1332 sigma
376 1246 527 1312 adhaesit
546 1258 584 1312 ut
605 1242 770 1334 ἀτρέμας,
796 1241 934 1336 ἠρέμας.
979 1247 1018 1315 Si
1040 1258 1157 1313 natura

71 1348 232 1430 adjectivum
254 1348 333 1427 fuit,
364 1349 567 1414 accusativus
595 1345 694 1426 ἅλιος
722 1354 775 1433 (ut
793 1344 958 1437 τρόφιας)
981 1349 1018 1414 ἱιι
1039 1350 1154 1416 adver·

70 1447 135 1512 bium
154 1449 370 1535 degeneravit.
412 1452 530 1536 ltaque
552 1451 594 1516 de
610 1451 744 1529 multis,
765 1473 850 1537 quae
878 1474 940 1540 pro
963 1451 1155 1537 pleonasmo

68 1549 153 1616 lurae
176 1550 286 1638 alpha·
302 1552 526 1638 proferuntur,
564 1575 731 1640 perpauca
770 1552 1043 1640 approbationem
1081 1577 1154 1621 mo·

66 1661 122 1716 vent
139 1674 236 1738 eaque
260 1655 371 1720 omnia
390 1677 411 1720 a
434 1655 543 1720 nativa
562 1654 667 1720 forma
688 1655 731 1720 ad
753 1655 891 1722 aliorum
911 1654 1157 1720 similitudinem

35 1785 36 1790 ¹
68 1753 185 1820 traducta
212 1765 298 1822 sunt.
352 1756 417 1822 His
453 1756 609 1823 continuo
643 1756 815 1842 subjiciam
843 1756 1088 1879 diphthongos,
1122 1758 1156 1821 in

67 1855 158 1938 quibus
178 1857 294 1924 eadem
316 1857 469 1923 vocalis
460 1868 555 1924 mest.
599 1855 709 1936 Εὗνάς
736 1859 825 1943 λέγει
851 1859 914 1936 τὰς
935 1853 1082 1945 ἇγκύρας
1100 1857 1158 1925 καὶ

66 1952 118 2022 κατ’
138 1955 314 2026 ἐπέκτασιν
336 1953 471 2037 εὐναίας
491 1960 651 2046 Apollon.
672 1960 758 2024 Lex.
785 1955 945 2058 Λὶαἰη
923 1959 1055 2043 λέγεται
1077 1983 1156 2045 κτη-

64 2062 140 2134 οιιιῦς
154 2053 220 2126 ἀπὸ
237 2063 300 2146 τῆς
312 2054 460 2146 Α1ἀς(η
454 2056 477 2144 )
498 2059 584 2128 κατὰ
603 2058 867 2142 πλεονασμὸν
827 2083 886 2149 της
906 2084 944 2126 αι
965 2055 1157 2146 dtpdo'yyou

65 2157 150 2224 Schol.
170 2159 287 2247 Apoll.
310 2159 376 2224 ΠΙ.
399 2160 493 2226 1093.
519 2162 645 2249 quippe
665 2181 734 2226 non
754 2161 862 2226 solum
870 2159 1014 2225 Medeae
1031 2168 1065 2224 et
1082 2157 1157 2224 cir·

64 2281 105 2324 ces
122 2259 286 2347 epitheton
309 2260 368 2326 sed
391 2261 490 2328 etiam
510 2262 636 2330 insulae
659 2274 691 2328 et
709 2261 925 2349 promontorii
941 2281 1062 2327 nomen
1078 2282 1156 2347 pro-

61 2359 146 2446 prium
168 2372 226 2428 est.
274 2361 486 2448 Appellativa
509 2363 606 2450 hujus
631 2364 762 2452 generis
789 2362 963 2452 σιληναλα,
992 2363 1182 2450 γαληναία.

61 2473 106 2526 eto.
126 2486 163 2528 ex
185 2463 340 2550 professo
362 2475 522 2531 scrutatus
546 2489 618 2532 sum
636 2465 671 2532 in
690 2465 898 2532 Permutat.
919 2464 961 2530 cf.
975 2464 1050 2530 358.
1071 2486 1157 2530 rem·

60 2585 108 2647 que
127 2587 162 2630 eo
185 2565 313 2632 deduxi
333 2575 371 2631 ut
390 2568 544 2652 epectasi‚
568 2589 667 2652 quam
681 2567 737 2633 ille
751 2576 857 2643 vocat,
882 2565 950 2630 sive
964 2566 1157 2651 pleonasmo

59 2667 215 2732 renunciaui
245 2667 364 2754 possit.
418 2669 682 2754 Adjectivorum,
717 2690 802 2753 quae
832 2668 869 2732 in
900 2666 984 2732 hano
1014 2667 1159 2754 speciem

57 2766 195 2848 incidunt,
225 2791 331 2836 unum
360 2769 454 2834 affert
481 2769 670 2857 Stephanus
698 2768 830 2854 βώμιος
855 2768 913 2836 καὶ
933 2769 1021 2836 κατὰ
1041 2793 1158 2852 παρα·

58 2869 144 2954 ηωηὴν
157 2875 338 2954 βωμιαῖος.
372 2871 458 2938 Sunt
478 2895 555 2939 vero
577 2873 678 2964 multo
702 2872 812 2957 plura,
840 2893 980 2955 quorum
1001 2870 1159 2936 nonnulla

56 2968 208 3038 Atticistae
228 2971 434 3057 vituperant:
457 2971 664 3050 ἐνιαυσιαῖος
684 2973 731 3060 μὴ
754 2974 844 3058 λέγε,
874 2967 951 3038 ἀλλ’
978 2968 1157 3046 ἐνιαύσιος.

56 3068 158 3154 Phryn.
180 3073 276 3158 Epit.
298 3072 372 3138 362.
394 3069 533 3141 εὐκταῖα
556 3075 613 3138 καὶ
636 3066 856 3157 ἀνοσιώτερον
886 3067 985 3138 εὖντα
1006 3070 1093 3136 Poll.
1115 3071 1158 3137 V.

57 3170 112 3237 130.
140 3173 180 3240 de
207 3196 279 3258 quo
306 3173 371 3239 vid.
400 3175 475 3240 Ast.
497 3174 642 3242 Animm.
672 3173 716 3236 ad
736 3172 846 3258 Legg.
871 3195 904 3259 p.
929 3172 1001 3237 166.
1024 3171 1089 3236 alia
1108 3170 1160 3234 di·

56 3292 161 3338 versam
182 3297 203 3340 a
217 3275 392 3362 primitivis
410 3275 681 3400 significationem
697 3273 819 3340 habere
838 3275 974 3340 docent.
995 3270 1163 3360 apocopae
1261 3291 1277 3316 ⁴

55 3369 101 3438 ε’πι
122 3374 271 3478 μάξεως,
302 3375 491 3462 προτεραία
520 3376 603 3446 δὲ’
587 3377 646 3446 επὶ
672 3377 813 3472 μόνη-ς
804 3371 934 3463 ἡμέρας
951 3377 1108 3443 Ammon.
1130 3384 1163 3438 et

54 3443 145 3559 Etym.
164 3478 344 3556 Gud.483‚
358 3478 449 3562 10.)
473 3473 542 3546 aaa
566 3481 630 3546 τῶν
653 3473 701 3555 εἷς
723 3501 802 3557 στος
828 3476 953 3563 γίνεται
975 3475 1160 3563 παραγωγὴ

53 3629 376 3650 -ε-ῂ-ι-ιι-ιη

109 3715 136 3782 8)
156 3715 190 3770 ln
211 3717 284 3771 Eur.
302 3717 365 3770 lon.
381 3715 440 3769 tat.
460 3713 495 3768 G.
510 3711 676 3768 Dindorfius
696 3709 777 3772 ἁλίας
793 3710 890 3783 posuit
909 3729 963 3783 pro
980 3709 1092 3779 ἁλίσας,
1114 3725 1161 3764 ce-

54 3798 98 3851 teri
112 3799 177 3861 ἃλις.
777 3789 781 3798 ’

111 3886 139 3954 o)
151 3885 317 3954 Disce-imon
329 3883 431 3940 tollere
444 3882 554 3938 videtur
562 3880 678 3938 Photius
687 3884 816 3952 Προνίρα
828 3885 876 3936 καὶ
887 3886 1048 3954 προτεραία,
1061 3877 1163 3950 ὑστέρα

53 3969 91 4022 καλ
110 3969 257 4044 ὑστεραία.
292 3971 380 4041 Apud
399 3970 539 4026 Herodot.
558 3968 581 4023 I.
602 3970 659 4022 126.
685 3966 834 4038 quaerenti
857 3966 967 4024 cuidam
989 3969 1026 4021 da
1050 3966 1163 4020 duobus

52 4051 140 4109 diebus
152 4065 220 4112 uter
234 4053 359 4112 convivis
372 4053 462 4124 magia
474 4053 621 4127 placuerit,
637 4050 653 4121 ἡ
668 4051 798 4124 ὑστεραίη
814 4048 832 4119 ἢ
848 4050 864 4120 ἡ
880 4056 1030 4125 προτεραίη
1044 4067 1163 4122 respon·

50 4139 123 4195 detur
139 4141 154 4211 ἡ
173 4148 308 4215 προτέρη.
345 4141 393 4196 Sic
411 4141 494 4196 etiam
510 4144 664 4212 γενομένης
676 4140 721 4200 δὶς
734 4139 877 4207 ἐκκλησίας
890 4140 920 4212 τῇ
931 4138 987 4210 μὲν
998 4140 1165 4209 προτέρᾳ-

49 4227 74 4295 τῇ
89 4227 117 4282 di
134 4227 272 4302 ὑστεραίᾳ
287 4227 410 4283 Τ1ιιια.Ι.
425 4231 466 4283 44.
481 4231 512 4301 τῇ
530 4231 650 4301 προτέρα
667 4229 724 4281 τῶν
738 4226 966 4297 ἐκκλησιῶν-τῇ
982 4222 1015 4277 dl
1031 4220 1165 4297 ὑστεραίᾳ

49 4310 143 4369 Aescu.
156 4315 238 4369 Fals.
253 4315 323 4385 Lug⁴
333 4316 393 4381 335,
407 4311 448 4370 do.
484 4312 541 4369 Hic
558 4311 672 4368 Bremio
691 4309 856 4368 concinnius
873 4308 987 4364 videam
1003 4313 1165 4383 προτεραίᾳ,
