2825 4809
212 339 263 414 92
577 331 899 401 DISSERTATIO
926 333 957 402 I.

211 515 318 608 ψιλήν
340 517 628 601 ναιαλιμπάνοοσι
650 517 708 605 νην
731 511 913 603 ι’ἶρχουσαν,
943 519 1065 602 λείβειν
1091 515 1208 601 εἷ’βειν,
1238 518 1331 607 φημί

210 616 283 708 ἠμί,
305 621 387 706 γαῖα
408 612 478 700 αἶα,
500 620 554 685 cui
575 641 755 686 consonam
777 621 957 686 detractam
981 641 1054 686 esse
1072 619 1185 707 Epim.
1201 621 1232 687 I.
1255 622 1328 688 173.

211 721 276 787 boc
307 731 501 806 argumento
534 721 735 788 demonstran
766 723 857 808 quod
883 715 943 788 αἶα
973 743 1081 806 neque
1111 734 1331 809 componatur

212 845 320 909 neque
340 823 376 888 in
395 822 490 888 initio
510 846 624 890 versus
645 825 823 890 collocatur
840 847 871 890 ν.
893 824 937 890 N.
949 824 1028 892 VII.
1070 822 1162 905 Quin
1184 823 1331 890 dubitari

212 933 322 1012 potest
343 945 387 989 an
408 947 575 1010 nunquam
596 926 776 992 admissum
797 926 923 991 sitnisi
946 924 975 990 ai
1000 935 1139 990 menum
1163 939 1329 1012 posceret.

212 1026 255 1091 Id
282 1035 371 1090 certe
403 1036 554 1091 accurate
580 1026 765 1093 observavit
783 1028 985 1114 Dionysius,
1012 1026 1069 1111 qui
1095 1025 1131 1090 in
1154 1025 1331 1113 Periegesi

212 1126 376 1192 communi
394 1126 498 1192 forma
516 1149 595 1193 usus
615 1141 665 1194 est
684 1131 742 1196 ubi
763 1130 868 1210 licuit,
892 1129 1023 1216 poetica
1044 1127 1101 1194 ubi
1126 1127 1251 1206 debuit,
1274 1129 1332 1195 iila

213 1228 346 1313 quidem
375 1229 572 1316 quadragies
597 1232 718 1311 octies,
747 1231 827 1309 bac,
860 1232 889 1296 si
916 1230 1025 1296 omnia
1050 1229 1189 1308 attendi,
1218 1230 1332 1298 tricies

211 1330 273 1409 bis,
296 1331 499 1417 eandemque
519 1334 666 1419 regulam
693 1344 874 1420 sequuntur
901 1343 1020 1421 poetae
1048 1331 1164 1416 tragici
1185 1342 1219 1398 et
1241 1334 1332 1420 epici
1389 1377 1390 1420 3

211 1453 344 1516 quoque
370 1433 515 1520 exceptis
537 1435 653 1520 paucis
673 1436 774 1516 locis,
804 1457 942 1522 quorum
969 1433 1128 1500 correctio
1149 1457 1217 1500 non
1240 1435 1333 1502 diffi-
1389 1475 1390 1492 ν

211 1532 282 1597 cilis
308 1530 448 1598 babetur
472 1557 503 1599 ν.
530 1536 685 1622 Spitaner
708 1537 846 1604 Obserr.
873 1538 917 1602 ad
946 1536 1062 1620 Quint.
1089 1558 1123 1623 p.
1141 1536 1265 1616 192³)
1288 1575 1334 1588 -·-

210 1634 361 1699 Alterum
392 1637 578 1723 exemplum
609 1661 652 1704 cx
674 1640 857 1705 Herodisni
889 1637 973 1704 libro
1004 1637 1084 1724 περὶ
1113 1643 1239 1705 πολλῶν
1269 1639 1334 1704 de·

210 1747 375 1823 promtum
396 1738 532 1825 praebet
551 1737 631 1808 EM.
640 1741 714 1819 621,
725 1741 778 1807 31.
801 1737 894 1819 ὀλίος
914 1738 998 1806 κατὰ
1021 1737 1207 1808 διάλεκτον·
1229 1741 1334 1807 Πλά-

212 1863 277 1904 των
297 1841 413 1922 μέντοι
435 1842 609 1924 διαπαίζοι
629 1842 691 1930 τὴν
712 1842 800 1922 λέξιν
821 1841 880 1909 καὶ
905 1840 942 1907 sd
976 1835 1104 1926 ὅγιννος
1131 1837 1213 1921 λ’ννις
1231 1841 1334 1930 φησί,

211 1942 303 2026 quod
324 1941 508 2008 emendavit
527 1943 715 2010 Meinekius
737 1944 780 2009 ad
801 1943 896 2011 Com.
920 1944 975 2009 lu.
990 1943 1037 2008 ΙΙ.
1059 1941 1132 2008 669.
1156 1940 1194 2008 sd
1219 1942 1334 2028 γίννος

211 2039 300 2121 λ’ννος
320 2044 407 2131 φησί
432 2043 473 2110 ci.
493 2044 612 2111 Lebrs.
638 2047 683 2113 ad
704 2045 831 2113 Herod.
853 2046 906 2112 63.
940 2043 1015 2112 adn.
1039 2043 1091 2110 25.
1134 2042 1197 2131 Illa
1215 2053 1333 2110 tamen

151 2153 158 2160 '
213 2143 384 2231 distinguit
405 2143 547 2212 Photius
565 2140 664 2226 Ἰννος
675 2149 705 2232 ⁴)
734 2145 771 2229 ἐξ
791 2145 932 2235 ἡμιόνου
953 2147 1010 2212 καὶ
1032 2143 1175 2234 θηλείας
1196 2141 1333 2214 λαντον·

212 2240 284 2312 ddi
301 2252 408 2332 γῖννος
421 2245 458 2328 ἐξ
472 2243 672 2335 ἀμφοτέρων
687 2247 804 2316 ἵππιον
823 2247 857 2315 ἐν
874 2252 915 2339 τῇ
933 2245 1047 2336 νοήσει
1064 2242 1252 2333 νοσησάσης
1268 2251 1333 2335 τῆς

211 2342 322 2412 ἵππου
342 2337 416 2413 οἷον
437 2345 611 2428 νάννοςὸ),
638 2371 746 2436 neque
775 2372 843 2416 uon
864 2349 932 2414 veri
954 2347 1058 2414 simile
1080 2358 1130 2414 est
1149 2349 1333 2416 nonnullos

212 2447 345 2513 fortuita
369 2448 496 2535 figurae
522 2451 740 2540 discrepantia
771 2474 850 2518 usos
879 2473 952 2518 esse
981 2451 1025 2516 ad
1056 2449 1334 2518 discriminandae
1390 2483 1391 2518 3

212 2549 481 2636 sIgnidcationes:
504 2551 614 2622 νόνναι
633 2555 758 2636 (νᾶνοι)
780 2555 931 2640 λέγονται
958 2549 990 2620 οὶ
1022 2550 1156 2637 κολοβοὶ
1182 2556 1249 2618 τῶν
1273 2549 1336 2620 ἇν-

211 2649 372 2738 cadam,
391 2652 425 2721 oi
446 2655 484 2723 dd
506 2657 642 2740 κολοβοὶ
663 2661 729 2722 τῶν
748 2655 864 2724 ἵππων
884 2649 1337 2740 λ’ννοι(ο1.ἶνοί),ολπλείο-

212 2777 265 2832 νες
286 2755 324 2821 dd
345 2759 410 2821 τῶν
431 2752 578 2841 ὑστέρων
605 2756 733 2840 γίννοος
757 2754 894 2836 τούτους
917 2755 1020 2845 φασί,
1052 2777 1203 2843 proquo
1236 2759 1338 2844 apud

212 2853 358 2940 Hesycb.
391 2855 488 2936 ὕννος
515 2857 672 2944 scriptum
698 2868 758 2926 est.
808 2859 873 2924 His
903 2860 946 2927 G.
977 2859 1118 2926 Vossius
1150 2858 1186 2924 in
1214 2859 1336 2945 Etym.

212 2959 382 3046 componit
401 2970 527 3027 veteres
549 2960 677 3045 glossas
700 2954 775 3039 Ἰνις
796 2959 869 3039 οἷὸς
889 2961 977 3039 νέος,
1001 2953 1088 3046 ’Ίννη
1112 2957 1194 3047 κόρη
1210 2961 1338 3047 μικρά,

202 3053 328 3141 ’Ίννοος
347 3065 492 3143 παῖδας,
519 3063 719 3148 latinumque
745 3065 912 3130 tinnulam
938 3072 971 3127 et
997 3061 1218 3146 germanicum
1243 3063 1339 3130 Ηὶα-

211 3163 305 3239 diua,
337 3163 456 3248 quibus
486 3164 635 3229 omnibus
662 3164 837 3229 animantia
865 3163 1091 3250 significantur
1122 3164 1174 3228 vel
1203 3173 1341 3232 statura

210 3262 263 3326 vel
284 3275 390 3331 aetate
411 3268 531 3353 pusilla
554 3266 829 3354 animantiumque
854 3267 935 3354 pulli
953 3276 986 3332 et
1001 3265 1206 3352 pumiliones.
1243 3267 1338 3334 Ter-

281 3435 310 3504 3)
327 3431 463 3508 ”Erpsqcr
481 3428 528 3488 αἶα
547 3435 669 3508 Oppias.
690 3436 759 3508 Cyn.
779 3437 817 3490 II.
841 3434 898 3489 176.
919 3442 948 3489 et
963 3434 1025 3490 Nic.
1048 3433 1100 3488 Tb.
1122 3435 1179 3488 168.
1200 3433 1252 3488 ubi
1271 3437 1339 3490 duo

212 3522 296 3574 codd.
311 3521 409 3594 ἔτρεφε
425 3527 493 3592 γαῖα
509 3523 647 3593 praebent
658 3529 690 3575 ut
702 3520 824 3586 Quintus
836 3520 946 3592 scripsit
960 3519 1037 3574 VIII.
1053 3523 1111 3574 tte.
1137 3519 1171 3573 In
1184 3518 1338 3592 Lycophr.

96 3613 101 3616 ’
214 3607 288 3660 1101.
303 3602 350 3660 αἶα
363 3605 468 3661 nullam
479 3607 616 3663 rationem
629 3609 717 3662 habet
728 3625 753 3661 ν.
767 3607 802 3662 N.
816 3607 866 3661 VI.
882 3607 948 3660 adn.
963 3607 986 3659 1.

279 3695 308 3763 t)
321 3693 598 3767 Properispomenon
610 3694 699 3750 edidit
715 3694 864 3749 Bekkerus
884 3693 913 3746 in
926 3691 1010 3748 Arist.
1031 3693 1067 3746 de
1083 3692 1188 3748 Gener.
1202 3692 1339 3751 Animm.

211 3777 249 3834 II.
261 3781 287 3834 8.
300 3799 330 3852 p.
345 3781 405 3835 718.-
417 3783 446 3836 b.
459 3782 502 3836 et.
522 3790 719 3854 paroxytonon
736 3780 852 3835 veroin
866 3779 904 3834 H.
917 3780 991 3834 Aua.
1005 3777 1056 3834 VI.
1073 3781 1115 3833 24.
1134 3779 1185 3834 ubi
1200 3778 1279 3836 illud
1292 3781 1339 3838 Ie·

211 3864 288 3936 gitur
299 3865 329 3920 in
341 3869 426 3922 codd.
441 3867 595 3940 Oxytonon
607 3877 651 3923 est
662 3885 709 3940 ap.
728 3867 830 3922 Zonar.
847 3867 920 3920 110⁹.

281 3953 310 4021 5)
324 3951 442 4008 Pbotius
461 3950 571 4016 Νάννος
583 3950 690 4021 κονδὸς,
703 3971 756 4026 pro
770 3949 974 4024 queNauckius
987 3948 1171 4020 deAristoph.
1187 3950 1246 4003 169.
1260 3953 1338 4007 adn.

210 4034 324 4107 κολοβός
338 4039 424 4094 scribi
431 4040 530 4111 jubet3
549 4042 601 4095 sed
612 4035 713 4101 κονδός
725 4039 784 4094 sive
796 4035 890 4099 κοντός
902 4035 977 4090 idem
987 4033 1135 4105 significat.
1154 4033 1206 4089 His
1223 4037 1341 4093 adhae-

211 4135 276 4180 rent
289 4132 379 4182 νινίον
392 4145 469 4198 pupa
479 4124 539 4182 sive
550 4124 682 4181 icuncula
692 4125 827 4198 puellaris
841 4132 870 4178 et
881 4116 994 4179 νῦννιον
1007 4117 1023 4175 t
1037 4123 1083 4176 est
1101 4121 1225 4182 παιδίοις
1242 4142 1342 4178 κατα.

211 4217 445 4284 βαυκαλοομένοις
462 4212 530 4267 Hes.
550 4211 580 4266 id
598 4211 740 4271 est'lallus
759 4209 817 4269 sive
836 4208 936 4266 naenia
954 4205 1126 4273 nutriculae,
1150 4223 1223 4279 quae
1241 4208 1340 4267 hodie

212 4305 392 4379 ναναηίσιρια
409 4298 580 4358 nominatur.
