2825 4809
131 374 186 442 nn
205 363 414 438 smoonn
435 365 582 434 nurus
603 361 825 433 voonma
856 361 895 432 o.
904 363 969 431 ιιι.
986 366 1051 452 §.a
1074 373 1147 446 291

69 562 142 626 litera
150 549 1151 622 excidissevideturinnominehostiarumeiroumloraneanrm

71 656 205 746 πιρίοιια.
232 657 321 721 Ante
341 675 520 722 consonam
539 652 608 718 iota
628 651 734 718 omitti
750 651 785 717 in
805 652 884 720 ΕΜ.
901 651 975 730 665,
993 654 1046 720 32.
1063 654 1149 720 offir-

69 771 152 827 matur
164 757 306 844 exemplo
321 756 495 844 perinepto
514 749 585 821 ἀπό
606 757 667 822 τοῦ
688 750 866 842 πιριφίραι
887 750 1073 843 περίφορος
1095 755 1153 825 καί

69 862 190 948 οηνιοπῇ
210 858 265 926 καί
292 862 407 946 τροπῇ
426 855 613 944 πίρπιρος,
639 854 732 941 quod
760 853 900 920 fortasse
927 875 970 920 ne
998 875 1152 941 graecum

68 961 173 1046 quidem
192 969 254 1051 feet.
301 959 370 1025 Pro
402 954 533 1045 πιρβοή
561 951 580 1024 ό
612 956 777 1041 πόλεμος,
813 955 905 1042 quod
930 954 1152 1025 Schneiderus

66 1063 240 1130 adDemetr.
261 1083 296 1146 p.
319 1059 392 1125 157.
415 1069 450 1124 et
468 1056 656 1125 Boeckhiue
685 1057 730 1122 ad
749 1057 849 1123 Pind.
879 1058 935 1124 Fr.
957 1081 991 1145 p.
1014 1057 1088 1126 631.
1111 1081 1153 1128 ox

67 1164 158 1230 eodem
180 1162 329 1239 afferunt,
362 1181 415 1226 rea
446 1160 522 1247 ipsa
552 1158 698 1245 loquitur
728 1155 791 1248 βοή
825 1157 1032 1226 scribendum
1061 1183 1152 1240 eeae3

67 1266 121 1349 quis
145 1264 225 1329 enim
251 1262 364 1329 eredat
391 1260 648 1328 Grammatioum
677 1260 858 1340 hocloco,
886 1261 944 1328 ubi
974 1263 1016 1330 de
1043 1273 1152 1349 etymo

66 1366 133 1430 verbi
149 1369 264 1454 βοηθῶ
288 1362 412 1449 agitur,
434 1384 515 1429 voce
536 1383 672 1449 prorsus
691 1363 822 1428 insueta
841 1384 937 1429 usum
959 1366 1053 1430 esse?
1073 1366 1151 1431 Ma-

62 1469 115 1550 jore
139 1487 288 1532 successu
316 1463 381 1530 huc
411 1463 598 1530 retulissent
623 1465 820 1552 Περφερέες
852 1487 972 1531 nomen
994 1467 1153 1551 juvenum

67 1567 343 1655 Hyperboreorum,
371 1565 428 1651 qui
451 1564 594 1651 virgines
617 1564 785 1652 spiciferae
803 1566 838 1630 in
858 1566 1030 1634 Graeciam
1050 1569 1152 1634 comi·
1265 1571 1269 1578 '

66 1670 109 1732 tati
125 1679 212 1734 aunt*
245 1667 449 1752 Hujusmodi
468 1666 661 1753 corruptelis
682 1677 787 1733 scatet
800 1667 942 1735 Graecia
963 1667 1152 1737 christiana:

67 1769 194 1855 περβόλιν
207 1793 269 1857 pro
289 1766 502 1853 ποριβόλιον,
521 1765 709 1854 περόεόειν,
732 1775 917 1853 περπατεῖν
931 1793 961 1836 v.
977 1772 1035 1838 Du
1047 1772 1152 1860 Cang.

66 1871 274 1936 Aduerbiorum
301 1872 336 1936 iu
357 1857 590 1937 sexennium
619 1889 723 1932 unum
752 1866 855 1956 νόσφι
881 1871 1154 1957 compositionem

68 1972 209 2052 detrectat,
236 1974 303 2038 tria
323 1979 565 2057 componuntur
585 1969 720 2056 quidem
742 1969 801 2033 sed
823 1991 898 2035 oum
918 1970 1026 2038 verbis
1049 1973 1154 2040 solum

67 2095 229 2141 aeonsona
264 2072 461 2148 orientibus,
502 2066 696 2156 αὐθιγενής,
734 2063 899 2158 ἦριγενής,
936 2068 1152 2160 ίφιγέννητος,

69 2174 118 2238 dno
134 2177 221 2241 etiam
242 2184 405 2260 sequente
425 2171 532 2239 vocali
554 2165 777 2259 ἀρτιάλωτος,
798 2169 998 2260 πρωιανθής
1016 2193 1154 2258 quorum

68 2278 145 2340 nentri
175 2279 334 2354 demitur,
366 2276 429 2340 tria
457 2294 535 2339 varo
562 2271 703 2348 variant,
737 2263 900 2357 ἀγχοορος
925 2282 958 2338 et
986 2269 1153 2361 ἀγχίαλος,

65 2371 205 2466 όιλιρεφής
234 2389 270 2445 et
294 2377 372 2464 (nisi
394 2377 555 2463 scriptura
574 2373 669 2458 fallit)
697 2365 888 2462 ὑψιαίετος,
919 2372 1097 2467 ὀψαρότης
1123 2389 1156 2445 et

64 2470 213 2566 όφιανθής,
258 2476 534 2566 Inseparabilium
562 2497 664 2540 unum
690 2474 759 2539 iota
787 2474 904 2539 amittit
925 2489 1082 2562 aequente
1106 2481 1153 2546 al·

63 2586 114 2641 tero
140 2575 323 2666 ἦμίαμβος,
358 2580 424 2646 duo
460 2579 525 2643 alia
551 2577 649 2642 etiam
680 2586 756 2641 ante
789 2597 983 2655 consonam,
1020 2580 1047 2642 si
1079 2601 1156 2646 vora

61 2678 187 2744 nunciant
221 2681 454 2749 Grammatici:
494 2674 709 2765 ἀρποόόοσοα
744 2673 764 2764 ἡ
802 2671 886 2762 ἀγαν
919 2678 1037 2766 nedem}
1070 2681 1156 2748 κατὰ

62 2780 203 2869 ιιγιοπην
229 2780 329 2869 παρὰ
355 2781 394 2850 τό
425 2775 484 2865 ἀρί
510 2774 637 2862 ὁμοίως
656 2781 703 2865 τῷ
727 2774 866 2864 ἐρθόρις
889 2776 1063 2858 αἰολινιῦς·
1084 2780 1155 2866 ἐρί-

61 2884 138 2963 3νρις
155 2883 218 2971 γὰρ
240 2879 263 2972 ἡ
287 2882 416 2967 μεγάλη
436 2879 550 2964 duodo·
577 2875 682 2958 οὕτως
697 2874 905 2964 Ἡρωδιανὸς
930 2881 987 2947 καί
1007 2882 1156 2965 Δίδυμος

60 2976 119 3046 llM.
136 2983 207 3062 148,
231 2985 263 3050 8.
308 2985 364 3050 Ι)ο
385 2983 442 3048 illo
466 2981 657 3046 dictumest
677 2980 712 3044 in
733 2981 824 3046 Dias.
848 2982 869 3046 l.
893 3003 921 3047 c.
944 2983 1023 3050 VII.
1048 3006 1079 3047 n.
1105 2984 1155 3048 18.

61 3081 141 3146 Alteri
160 3086 260 3152 fidem
285 3085 447 3170 derogant
467 3103 649 3168 synonyme
663 3076 859 3168 Ὀρσοθόρη
879 3078 899 3170 ἦ
921 3078 1046 3170 μεγάλη
1063 3080 1157 3169 θόρα

61 3192 83 3243 et
98 3179 263 3274 Εἰρεθόρη
279 3179 461 3272 ἀραοθόρη
482 3181 663 3273 στροφεός,
687 3203 755 3266 quo
776 3203 828 3246 rea
849 3181 884 3246 in
906 3182 1069 3248 diversum
1090 3193 1156 3250 tra·

60 3278 398 3372 blandimentum
418 3284 518 3350 verbo
540 3284 649 3350 ciendi
670 3281 736 3368 ἔρω
759 3285 966 3369 conjunctum
988 3307 1078 3364 esse,
1104 3283 1158 3352 oui

61 3369 111 3465 όρο
130 3377 281 3471 (όρνομι,
304 3380 431 3473 όροόω)
454 3387 614 3452 succeseit
633 3408 664 3451 v.
686 3385 808 3451 Parall.
824 3386 898 3452 548.
931 3387 1005 3452 Iota
1022 3388 1158 3474 longum

61 3479 158 3549 aboleri
183 3509 289 3571 quum
317 3511 378 3574 per
398 3511 435 3554 se
459 3511 576 3575 parum
599 3487 754 3554 credibile
776 3487 833 3565 sit,
860 3497 929 3552 tum
950 3489 1046 3553 etiam
1067 3486 1156 3554 nullo

59 3580 245 3668 elegantioris
276 3589 392 3654 aetatis
420 3590 606 3656 testimonio
633 3590 859 3656 confirmatum
879 3600 946 3666 est3
976 3613 1051 3655 narn
1074 3609 1159 3678 quae

59 3682 118 3748 alibi
137 3690 227 3753 attuli
249 3684 399 3776 ἀνάρτας
415 3713 476 3778 pro
500 3687 673 3780 ἀναρίτης,
696 3692 874 3775 Σοβόρεας
899 3679 959 3778 pro
972 3691 1159 3782 Σοβαρίτης

59 3780 138 3852 Proll.
152 3790 225 3856 397.
251 3791 390 3879 Μορίνη
415 3803 448 3856 et
466 3791 603 3876 Σμύρνα
624 3792 668 3857 ib.
687 3794 760 3857 242.
786 3794 903 3878 partim
925 3795 1057 3871 incerta,
1080 3817 1157 3881 par·

59 3881 103 3949 lim
118 3891 259 3976 vulgaris
282 3892 412 3958 dialecti
436 3894 571 3979 propria
596 3905 680 3957 sunt.
721 3886 818 3971 Οίνος
837 3895 1006 3980 Φόλορνος
1017 3895 1158 3979 Dionys.

58 3985 130 4054 Ant
156 3993 183 4057 Ι.
217 3992 273 4058 66.
302 3994 418 4060 Dioac.
442 3994 524 4060 Mat.
550 3996 592 4061 V.
622 3996 673 4070 11,
701 3993 775 4058 698.
806 3995 848 4058 ad
880 3995 1015 4060 latinum
1036 4017 1160 4060 morem

58 4084 158 4156 factum
184 4104 251 4170 est3
280 4094 490 4173 Athenaeus,
519 4096 665 4162 Galenus
693 4095 815 4179 aliique
841 4099 1025 4181 Φαλερῖνον
1048 4095 1160 4159 dicunt

58 4192 131 4268 quod
151 4195 262 4259 Aldus
286 4196 389 4260 edidit
410 4197 444 4262 in
460 4197 576 4263 Dioso.
598 4197 620 4260 l.
643 4219 671 4261 c.
693 4207 730 4260 ut
750 4196 852 4262 tribua
872 4196 949 4283 ipsa
967 4219 987 4260 a
1001 4195 1159 4264 Romanis
1276 4194 1283 4202 ’

58 4303 173 4358 vocatur
192 4296 348 4361 Falerina
367 4320 398 4363 v.
414 4298 608 4365 Wanowaki
625 4298 762 4383 Antiqq.
778 4299 915 4366 Graeco.
937 4298 1032 4364 Rom.
1057 4322 1090 4385 p.
1106 4301 1160 4368 47.

886 4399 949 4464 19*
