2825 4809
279 350 345 414 DE
370 349 663 420 METATHESI.
708 351 747 418 Ο.
770 353 816 419 Π.
851 358 876 440 ξ.
895 356 925 422 3.
1087 364 1162 436 513

74 533 228 626 γλεμεαλνω
247 545 280 600 et
298 537 394 601 Euat.
417 535 512 602 adh.
531 537 554 602 l.
578 530 726 626 ἇβλεμής
747 531 785 606 οὗ
808 537 991 618 πεποιθώς
1012 533 1162 628 ἄτολμος

73 632 198 726 ἀσθενής.
238 636 355 722 Nesus
378 649 544 725 repugnat
567 639 690 706 Pollux
711 641 778 706 III.
803 641 875 714 123.
902 642 959 728 qui
987 645 1162 730 conjuncte

72 741 144 805 affert
161 732 378 822 ἀπροθύμως,
398 743 553 825 νωθρῶς,
574 735 761 827 ὀλιγῶρως,
783 735 972 828 ἀβλεμέως,
994 739 1159 827 ἀσθενῶς,

70 841 184 925 ἀμελῶς.
224 838 313 904 Hinc
330 840 417 904 enim
433 863 503 906 nen
520 841 660 906 efficitur
675 836 851 926 ἀβλεμέως
868 854 901 908 et
919 839 1053 928 ἀμελῶς
1069 847 1158 914 idem

70 941 222 1027 significare
247 941 307 1006 sed
330 965 431 1028 saepe
457 942 491 1006 in
514 943 654 1008 eundem
676 943 842 1010 hominem
864 945 1056 1024 convenire3
1083 971 1160 1016 nam

68 1045 99 1110 ιὰ
118 1037 239 1126 ἀμελῶς
259 1043 475 1127 πραττόμενα
503 1045 610 1110 solent
636 1068 709 1110 esse
736 1046 878 1112 invalida
906 1057 939 1112 et
965 1047 1157 1116 inefficacia.

69 1143 246 1210 Contrarium
260 1166 337 1210 vero
355 1146 518 1230 signifimt
536 1147 740 1230 ζαβλεμέως,
755 1149 845 1234 quod
858 1149 1047 1235 Hesychius
1059 1151 1160 1218 intur-

68 1256 188 1332 pretatnr
207 1239 361 1328 μεγάλως
385 1246 571 1324 πεποιθώς
596 1249 633 1312 id
661 1260 711 1314 est
736 1253 927 1339 τολμηρῶς,
954 1249 1160 1338 προθύμως,

66 1352 226 1432 καρτερῶς,
262 1346 402 1412 tortasse
434 1369 476 1413 ex
507 1349 581 1414 loco
615 1360 734 1436 poetae
766 1351 936 1436 crrjusdsm
971 1351 1161 1435 ζαβλεμέως

65 1446 210 1530 ἐμάχοντο,
235 1447 409 1534 eidemque
430 1473 491 1535 pro
515 1449 672 1538 Ζαμελής
695 1451 851 1537 μεγοέλως
875 1448 1074 1532 πεποιθώς,
1103 1448 1160 1520 eii·

63 1560 151 1634 ραγος
171 1548 364 1616 Dindorfius
392 1552 427 1616 in
449 1551 552 1616 Thes.
576 1553 719 1618 restituit
747 1550 924 1640 ζαβλεμής.
968 1552 1033 1620 His
1061 1553 1159 1621 rebus
1286 1559 1291 1578 ⁶

61 1649 183 1715 adducor
202 1651 373 1738 Panyasin
396 1675 530 1739 qnoque
546 1652 746 1738 ’ζαβλεμέως
774 1655 945 1741 scripsisse
966 1677 1034 1722 non
1056 1651 1158 1741 ἀβλε-

62 1752 131 1828 μέως
154 1751 253 1837 idque
282 1777 357 1818 cum
387 1751 519 1839 ἀμελῶς
548 1755 629 1820 nihil
661 1755 913 1820 necessitudinis
943 1756 1064 1822 habere
1099 1759 1159 1823 sed

61 1851 148 1935 potius
166 1855 363 1938 adjectivum
381 1851 529 1943 ἆβλεμής
551 1857 748 1922 contrarium
769 1856 952 1944 significare
973 1863 1035 1924 τοῦ
1055 1864 1157 1943 βρια-

59 1951 104 2037 ρός
126 1968 364 2042 cognatumque
395 1957 442 2020 illi
469 1956 604 2022 verbum
632 1957 860 2042 βλεμεαίνων·
869 1970 901 2024 st
927 1951 1008 2025 voce
1042 1971 1074 2024 et
1106 1960 1157 2023 in·

57 2055 166 2121 tellecta
196 2081 380 2146 congruere
415 2081 489 2124 cnm
521 2064 631 2147 βριᾷν.
687 2060 839 2146 Longius
870 2061 910 2126 ab
942 2060 1158 2147 intelligentis
1215 2100 1220 2105 ,

57 2167 147 2222 nostra
172 2172 335 2226 remotum
365 2171 415 2227 est
441 2161 632 2240 νωλεμέως,
668 2163 759 2245 quod
786 2163 898 2249 inepte
928 2163 1110 2251 explicatur
1138 2188 1157 2228 a

54 2258 146 2327 schol.
163 2263 268 2329 Dion.
288 2264 434 2330 Gramm.
454 2286 488 2349 p.
502 2261 573 2338 793,
593 2262 643 2326 15.
664 2263 761 2349 παρὰ
782 2263 818 2331 τὸ
840 2255 893 2330 νω
904 2264 964 2332 καὶ
984 2265 1022 2331 τὸ
1044 2267 1156 2345 μέλλω

55 2351 158 2443 duella
177 2364 343 2452 λέγεσθαι
364 2365 554 2449 νωμελέως·
577 2364 710 2449 λέγεται
734 2366 771 2433 δὲ
792 2368 974 2451 νωλεμέως.
1020 2363 1155 2451 Βαρνά-

54 2461 105 2540 ζειν
122 2464 158 2528 τὸ
177 2465 398 2554 βαρβαρίζειν
421 2462 550 2554 εἴρηται
571 2459 641 2533 dard
665 2470 731 2531 τῶν
752 2464 955 2556 Καρβάνων·
977 2471 1156 2552 Καρβᾶνες

51 2560 100 2647 γὰρ
125 2563 154 2631 ol
182 2566 354 2653 βάρβαροι
381 2567 460 2632 ΕΜ.
485 2566 579 2633 Suid.
609 2567 698 2630 unde
727 2567 940 2652 καρβανίζειν
969 2568 1156 2632 ducendum

51 2673 117 2741 erat,
138 2668 197 2731 sed
217 2678 372 2734 neutrum
392 2668 564 2734 invenitur.
608 2669 681 2733 Nec
702 2667 809 2752 magis
833 2672 862 2730 Γ
859 2664 1017 2754 λαγκάζει
1039 2667 1156 2752 κράζει

50 2763 148 2831 Zonar.
166 2769 244 2833 442.
269 2778 303 2834 et
322 2769 453 2835 Psellus
476 2793 497 2834 a
518 2769 708 2834 Tittmanno
732 2769 838 2834 editus
861 2792 894 2856 p.
918 2767 1027 2835 CXV.
1050 2790 1080 2832 v.
1100 2769 1153 2836 44.

48 2867 95 2929 sed
113 2869 213 2935 modo
236 2867 445 2956 κλαγγαίζειν.
489 2871 642 2937 Nominis
664 2871 816 2937 defectivi
838 2869 1059 2937 accusativum
1080 2871 1155 2936 πεί-

46 2973 134 3048 ρινθα
160 2971 279 3038 Schol.
302 2971 370 3038 od.
391 2972 471 3039 XV.
497 2974 569 3039 131.
597 2974 642 3038 ad
671 2975 781 3060 πέρας
809 2972 924 3050 refert3
957 2971 1050 3036 aliter
1077 2991 1154 3036 vero

46 3064 109 3133 Seli.
125 3072 165 3137 Il.
180 3073 321 3140 XXIV.
339 3073 410 3138 190.
434 3071 472 3138 ἐκ
493 3074 602 3161 ῥιπῶν
624 3099 730 3162 φασιν
752 3070 833 3140 αὐτὸ
855 3072 1046 3140 elenenses
1072 3067 1154 3148 ῶςτε

45 3158 113 3235 εἶναι
135 3171 302 3257 ῥίπινθα·
326 3176 419 3259 cujus
442 3176 623 3240 sententiae
645 3186 811 3241 auctorem
834 3174 919 3239 sistit
935 3173 1015 3241 ΕΜ.
1033 3172 1106 3249 489,
1121 3171 1152 3241 5.

43 3266 180 3354 Δίδυμος
196 3273 269 3362 τὴν
296 3276 475 3362 πείρινέλσν
500 3275 601 3360 (adde
623 3277 660 3342 εἰι
684 3276 805 3360 ῥιπῶν)
833 3277 1041 3362 πλεκομένην
1066 3274 1154 3359 λέγει

42 3367 188 3452 ῥίπινῖλσν
205 3376 423 3458 (καλεῖσθαι)
441 3376 496 3442 καὶ
515 3370 590 3441 κατ’
611 3370 785 3443 ἀντίθεσιν
802 3375 996 3461 πεέρινθσν·
1015 3399 1155 3461 quorum

42 3473 133 3536 neutri
164 3476 407 3562 adstipulamur
437 3476 584 3561 quamvis
613 3476 803 3542 salubrioris
833 3476 961 3544 consilii
992 3488 1154 3565 expertes·

39 3569 260 3660 Hyperthesin
285 3600 360 3644 cum
384 3579 534 3664 enallage
560 3579 681 3644 vocalis
711 3589 743 3644 et
766 3589 861 3664 trope
886 3600 1052 3644 consonae
1075 3601 1153 3646 con-

35 3672 169 3752 junctam
191 3679 329 3746 admisit
348 3679 436 3746 idem
453 3705 487 3767 p.
501 3682 573 3759 798,
588 3683 619 3746 3.
640 3678 779 3768 φσλέόες
802 3677 837 3746 αἱ
861 3679 1013 3760 λεπίδες·
1037 3675 1074 3748 ἓν
1096 3681 1156 3750 τοῖ’

36 3773 122 3855 λεπίς
141 3777 336 3867 ὑπερθέσει
354 3781 456 3860 πολές
473 3780 533 3848 καὶ
551 3779 736 3867 μεταθέσει
756 3785 814 3848 τοῦ
831 3770 1068 3870 &poscam
1081 3781 1153 3848 798.

38 3875 81 3939 tui
99 3903 165 3946 non
195 3905 285 3969 opus
310 3883 426 3948 fuisset
447 3883 491 3947 ad
514 3883 777 3949 commenticium
801 3879 903 3960 πσλίς
925 3882 1101 3968 confugere
1125 3881 1153 3946 si

35 3981 196 4064 cognitum
223 3983 394 4050 habuisset
421 4007 542 4050 nomen
570 3983 688 4074 λοφίς,
721 3986 811 4072 quod
837 3985 957 4070 legitur
983 3984 1018 4050 in
1042 3981 1154 4050 Schol.

35 4077 99 4146 llic.
121 4085 228 4151 Ther.
253 4086 325 4151 154.
353 4087 390 4154 τὸ
418 4085 518 4163 λεπίς
544 4081 711 4174 γράφεται
734 4085 769 4154 ἔν
790 4095 859 4153 τισιΙ
875 4081 994 4172 λσφίς·
1023 4079 1156 4173 εἴρηται

35 4181 64 4247 δέ
90 4191 338 4276 μεταφορικῶς
367 4180 436 4254 ἀπὸ
466 4190 533 4254 τῶν
564 4183 707 4268 ἰχθύων,
743 4188 803 4254 sed
831 4186 886 4253 hic
915 4184 1026 4272 potius
1057 4183 1157 4274 φολές

35 4284 166 4372 scripsit.
221 4289 405 4375 Utriusque
434 4287 525 4355 vocis
557 4287 670 4355 similis
699 4289 834 4376 quidem
866 4287 1063 4375 significatio
1097 4286 1156 4354 sed

74 4390 216 4439 resecr,
236 4392 326 4432 ratior.
900 4392 942 4456 33
