2825 4809
248 335 321 414 100
500 350 504 359 ’
611 331 937 404 DISSERTATIO
965 337 993 401 1.

234 543 334 604 ‘mum
350 515 569 605 Ἀνεὸάρόονε
590 513 787 603 iaspidem·
813 519 984 608 ὀαρδαλνει
1007 519 1070 604 γὰρ
1087 518 1214 604 polim
1241 537 1270 590 et
1286 551 1334 593 suo

245 625 320 688 loeo
342 621 526 702 Δαρόνλνει
545 619 679 702 μολύνει
701 625 784 688 Hes.
808 623 898 707 qnod
921 623 949 686 si
970 621 1256 708 solumlegeretur,
1281 628 1334 692 for·

246 737 334 791 tasse
351 721 470 806 menis
487 737 549 807 pro
567 716 720 805 ἆοδαλνει
738 724 943 811 subrepsisse
958 723 1096 799 dioeset3
1116 746 1199 788 nune
1217 726 1334 792 dubitari

245 845 316 894 non
335 833 448 912 potest
473 823 552 907 quin
574 823 616 888 ab
630 819 740 908 ’Ἀρέα
761 823 935 906 μολυσμός
961 823 1141 890 derivatum
1164 825 1218 903 sit,
1247 830 1291 892 oui
1308 831 1336 892 in

247 925 349 994 latino
379 943 529 989 sermone
556 924 638 988 aliae
667 947 832 992 oonsonae
860 925 1038 990 aeoessisse
1064 926 1210 990 videntur
1235 933 1335 1003 merda

246 1030 394 1099 woodo,
423 1027 597 1103 macerae.
642 1027 774 1114 Γνόφος
796 1038 829 1092 et
851 1023 976 1114 ὁνόφος
998 1047 1071 1089 oum
1101 1027 1197 1113 νέφος
1220 1041 1337 1112 cognata

247 1149 320 1195 esse
331 1126 528 1193 Heraclidae
551 1127 745 1192 assentimur
764 1129 858 1194 Euat.
872 1126 966 1203 1722,
979 1128 1031 1191 ts.
1054 1127 1214 1211 hujusque
1232 1127 1337 1212 signifi-

246 1229 409 1295 cationem
427 1226 526 1291 refert
548 1223 718 1313 ἷοένεῳές,
740 1251 815 1294 nam
836 1228 931 1294 flocci
952 1228 1045 1292 lanae
1059 1229 1221 1313 quandam
1237 1227 1337 1292 habent

229 1353 321 1397 ,eum
343 1328 471 1394 nebulis
494 1327 737 1393 similitudinem
760 1353 841 1415 quas
862 1329 974 1394 Latini
1003 1332 1119 1395 vellera
1142 1328 1249 1394 dieunt
1256 1353 1264 1405 ;
1290 1331 1337 1392 sed

247 1432 399 1500 siiorma
428 1439 608 1515 spectatur,
636 1452 710 1494 oum
740 1429 865 1515 δνόφος
893 1429 1044 1515 congruit
1072 1441 1106 1495 et
1134 1429 1235 1516 magis
1262 1430 1339 1492 etiam

239 1531 437 1618 Ἁλιδνοφές
465 1527 623 1615 ἁλουργές
643 1533 726 1596 Hes.
770 1532 842 1596 Neo
863 1531 928 1595 fide
957 1530 1099 1594 alienum
1120 1528 1250 1616 Λρόοος
1270 1531 1337 1613 (ros)

245 1632 341 1718 rcapti
362 1631 402 1696 τὸ
425 1632 490 1718 ῥέεν
512 1629 592 1695 ΕΜ.
616 1633 675 1695 sed
699 1632 876 1698 Grimmius
901 1631 1007 1698 Gescb.
1026 1634 1056 1697 d.
1076 1633 1211 1696 deulscb.
1229 1630 1339 1712 Spall.

247 1733 339 1799 1026.
363 1731 506 1795 deflectit
531 1730 727 1796 adverbum
748 1731 916 1818 gothicum
937 1735 1072 1798 driuson
1101 1732 1138 1795 id
1166 1743 1214 1795 est
1235 1731 1341 1796 cadere.

246 1831 382 1920 Δελφός
403 1833 431 1897 si
454 1853 529 1896 eum
547 1832 650 1897 latino
666 1837 761 1899 volvo
779 1831 995 1919 oomponitur‚
1015 1833 1166 1918 protinus
1187 1833 1221 1896 in
1238 1833 1342 1916 eogita-

244 1937 367 2003 tionem
394 1933 483 1997 venit
510 1944 684 2017 utrumque
719 1931 761 1996 ab
797 1930 898 2000 εἱλεῖν
924 1932 1088 1998 involvere
1119 1933 1345 1998 denominatum

245 2057 318 2102 esse
339 2055 380 2098 ao
401 2034 536 2120 proprie
556 2033 741 2120 significare
765 2033 801 2098 τὸ
826 2031 962 2120 ἔλυτρον
983 2039 1048 2100 τῶν
1068 2040 1218 2122 βρεφῶν.

330 2137 391 2202 IV.
417 2135 517 2201 Ζειαί
544 2133 579 2201 oi
602 2130 723 2218 ὀλύραι
736 2136 991 2220 -πλεονοσμῴ
1013 2139 1073 2200 τοῦ
1091 2122 1127 2216 ἶ·
1152 2133 1221 2202 sini
1241 2134 1297 2220 γὰρ
1317 2129 1344 2197 ni

244 2235 388 2324 τροφαί,
415 2227 487 2300 οἷον
513 2231 647 2300 λύκων
674 2229 748 2321 ἤια
779 2235 980 2301 πέλονται
1006 2235 1086 2299 ΕΜ.
1110 2236 1193 2313 410,
1227 2236 1273 2299 12.
1299 2234 1344 2316 qui
1380 2245 1381 2252 ’

243 2356 305 2425 pro
329 2335 393 2399 hoo
413 2334 559 2402 Homeri
574 2335 649 2400 loeo
670 2335 913 2400 11.X111.103.
934 2335 1043 2420 aptius
1055 2336 1220 2401 attulisset
1229 2337 1348 2402 alterum
1380 2321 1381 2326 ἵ

246 2439 421 2524 Odysseae
446 2436 503 2500 ubi
529 2435 576 2526 ᾖα
605 2437 782 2522 καρφαλέον
811 2447 1048 2513 memorantur,
1077 2436 1142 2502 hoe
1170 2449 1221 2503 est
1248 2433 1347 2520 ἄχυρα,

244 2560 329 2626 quae
350 2538 448 2602 etiam
470 2535 538 2604 siai
562 2548 596 2602 et
617 2531 683 2604 εἷοι
704 2536 815 2602 vocari
831 2537 1020 2622 Hesychius
1044 2539 1153 2617 tradit,
1176 2560 1282 2624 neque
1297 2537 1348 2600 in-

243 2639 415 2730 probabile
441 2648 492 2702 est
512 2660 581 2702 non
605 2637 705 2704 modo
729 2638 841 2723 paleas
871 2639 930 2702 sed
960 2639 1059 2703 etiam
1086 2640 1255 2726 legumina
1278 2639 1349 2724 ipsa,

242 2761 318 2808 reas
340 2742 469 2825 aliaque
489 2740 577 2803 tarra
603 2739 651 2803 sie
675 2750 791 2802 vocata
819 2761 901 2804 esse.
946 2738 1098 2824 Ζάγκλον
1120 2739 1154 2807 oi
1173 2742 1303 2807 Σικελοὶ
1318 2739 1348 2802 νο

244 2847 410 2936 δρέπανον
439 2843 577 2908 καλοῦσι
612 2839 729 2926 steph.
767 2842 859 2924 eujus
885 2839 1056 2904 manifesta
1091 2852 1142 2905 est
1170 2842 1214 2908 ab
1245 2837 1352 2926 ἆγκλός

242 2940 379 3021 σκολιός
400 2944 482 3006 Hes.
515 2951 548 3006 et
572 2936 716 3026 ἀγκύλος
743 2941 911 3006 derivatio.
955 2943 1009 3008 De
1036 2941 1137 3008 verbo
1160 2940 1249 3010 Ζάει
1278 2946 1353 3012 πνεῖ,

242 3047 386 3122 zelasse
417 3045 574 3122 πνέοντες
610 3041 760 3128 quaestio
796 3053 847 3107 est
883 3044 1065 3129 simplexne
1102 3044 1146 3108 sit
1181 3066 1243 3130 pro
1269 3038 1352 3106 ’Ἀειν

241 3148 355 3213 πνέειν
376 3169 418 3210 an
439 3146 658 3231 compositum
679 3152 717 3207 ut
740 3143 915 3226 ζαβάλλειν
937 3167 967 3209 v.
981 3145 1083 3210 Proll.
1103 3145 1177 3212 141.
1203 3144 1265 3210 sed
1284 3139 1356 3205 illul

240 3245 489 3334 praeferendum
506 3247 636 3311 videtur
654 3246 706 3310 vel
730 3243 772 3309 ob
791 3242 877 3310 hane
898 3268 1031 3312 causam
1049 3247 1140 3330 quod
1157 3241 1354 3334 praepositio

244 3344 283 3428 ξά
305 3367 373 3410 non
393 3347 555 3432 reperitur
582 3368 656 3410 eum
678 3346 785 3412 vocali
806 3346 898 3413 verbi
924 3349 1092 3414 confluens
1118 3347 1184 3411 nisi
1214 3347 1298 3411 forte
1326 3341 1357 3406 in

242 3467 392 3515 sermone
421 3448 553 3535 plebejo
581 3460 619 3513 ut
647 3445 742 3535 palus
769 3459 906 3513 vocatur
940 3447 1041 3537 ζύνρα
1074 3448 1160 3516 κατὰ
1190 3444 1356 3529 ἰδιωτικὴν

240 3548 485 3637 παραφθοράν,
508 3550 595 3637 ὅπερ
614 3545 712 3616 οὐδὲν
733 3543 808 3616 ἀλλ’
832 3547 854 3636 ἢ
877 3549 997 3636 διύγρα
1018 3547 1069 3626 τίς
1088 3549 1159 3616 ἐστι
1177 3543 1357 3620 Eunoen,

239 3653 292 3720 27.
323 3653 383 3718 sed
414 3653 555 3716 nominis
585 3651 686 3716 divini
716 3651 940 3736 interpretatio
969 3648 1120 3736 Ζαγρεύς
1153 3645 1172 3716 ὁ
1207 3647 1356 3734 μεγάλως

240 3750 391 3840 ἀγρεύων
416 3753 505 3820 ouo.
534 3754 615 3830 227,
644 3753 698 3817 20.
729 3765 762 3817 et
789 3754 880 3837 qued
911 3751 1053 3837 Cyrillus
1079 3751 1267 3816 Titunanni
1291 3749 1358 3816 CV.

240 3855 399 3945 proponit
425 3854 584 3939 ζάγνολον
604 3855 643 3921 τὸ
666 3855 740 3920 λίαν
763 3849 914 3940 ἀγκύλον,
937 3853 977 3918 ab
1001 3853 1197 3938 etymologis
1220 3849 1361 3918 manavit

241 3959 351 4025 omnia
372 3956 626 4043 experientibus.
670 3956 792 4041 Neque
813 3955 940 4020 ierendi
964 3965 1039 4019 sunt
1059 3955 1133 4040 qni,
1158 3965 1196 4019 ut
1222 3953 1363 4036 ζάνοτος

240 4056 391 4126 dicituro
407 4057 646 4142 μεγαλόκοτος,
666 4057 714 4122 sio
729 4056 797 4139 ζέον
807 4057 881 4122 vivo
896 4058 1147 4144 interpretantur
1161 4053 1258 4122 πάνυ
1272 4053 1360 4122 πνέω

238 4161 496 4249 Epim.1.181.
541 4160 645 4242 Quod
668 4157 863 4225 Eustathius
890 4159 969 4223 dieit
996 4157 1059 4223 936
1066 4205 1076 4234 ‚
1106 4159 1138 4223 3.
1163 4159 1306 4246 uspiam
1334 4165 1364 4218 et

243 4262 393 4350 ζοέοδειν
412 4261 597 4346 significare
625 4261 664 4327 τὸ
685 4256 769 4344 ἷίγον
788 4262 942 4344 βλέπειν,
978 4259 1093 4324 harioli
1119 4258 1236 4326 neseio
1273 4258 1367 4341 eujus
