2825 4809
163 338 167 351 ’
244 380 294 455 tr
608 360 929 437 mssnamrro
961 360 990 427 1.

181 610 185 617 -
238 557 384 647 ’lipsiae
407 556 473 623 duo
499 555 599 621 verba
622 555 657 621 iri
684 552 825 620 confinio
855 548 955 615 habet
978 543 1088 636 ριίικω
1111 557 1145 609 et
1166 543 1264 633 ῥέπει.
1301 546 1339 611 lit

244 662 283 727 ab
307 656 442 749 ῥήσσειν
462 656 521 726 καὶ
542 657 681 744 ἐρείκειν
697 655 837 740 λέγεται,
857 650 911 719 διὸ
930 650 988 716 καὶ
1005 648 1064 716 τὸν
1077 646 1216 735 ῥαγέντα
1232 650 1340 729 χιτῶνα

245 757 439 847 ἕρείκεσθαι
461 758 548 843 λέγει
563 759 669 825 'Euat
691 755 770 835 941,
792 755 845 821 31.
870 774 936 840 quo
959 747 1087 816 accedit
1111 746 1257 831 ἐρέχθειν
1272 741 1340 811 ΕΜ

245 859 387 941 371,15.
410 859 537 929 Techn.
550 860 602 925 97.
623 859 818 942 tertiumque
838 854 918 943 ἕρᾷν
935 850 1092 940 (ἒξερᾷν)
1113 858 1188 915 sunt
1207 844 1264 931 qui
1281 866 1342 911 eum

196 1014 199 1025 .
244 962 314 1050 ρει]
340 973 516 1049 cognatum
542 970 660 1047 putent
683 982 715 1025 v.
738 958 784 1023 ad
803 958 861 1044 Aj.
882 978 918 1046 p.
938 952 991 1019 96.
1005 946 1152 1037 ’Έθειρα
1177 948 1205 1013 si
1226 947 1344 1035 proprie

245 1063 307 1141 τὰς
322 1063 570 1149 ειγιελονμὲνας
587 1062 703 1149 τρίχας
720 1060 896 1147 significat,
912 1077 981 1122 non
995 1050 1202 1120 incommode
1213 1050 1255 1114 ad
1266 1050 1344 1133 θέρει·

245 1164 285 1230 ab
305 1161 488 1251 θεραπεύω
509 1164 621 1230 referri
643 1156 1029 1251 potestv.Techn.138.
1053 1155 1177 1243 Κηλεῐν
1193 1149 1347 1235 εειὲκηλος

246 1264 368 1331 iactum
399 1286 471 1331 asse
505 1288 573 1332 non
586 1264 721 1332 „eadem
754 1284 820 1349 qua
841 1261 1070 1328 >sumamus
1100 1254 1207 1321 Lexil.
1232 1252 1259 1318 Ι.
1286 1250 1346 1316 145.

247 1366 486 1433 asseveratione
507 1366 673 1445 affirmem,
694 1366 835 1453 primum
854 1363 932 1450 quia
949 1362 1062 1449 κηλεῖν
1075 1380 1146 1424 non
1162 1357 1204 1421 de
1220 1351 1350 1441 quolibet

248 1466 477 1552 tranquillandi
496 1468 595 1534 modo
616 1467 734 1533 dicitur
748 1467 801 1550 ¹¹)
824 1465 884 1531 sed
900 1465 968 1530 iere
990 1462 1038 1529 sic
1060 1471 1098 1525 ut
1119 1457 1253 1541 θέλγειν
1272 1452 1350 1519 devi

249 1567 435 1633 cantionum
462 1576 493 1633 et
519 1569 749 1637 veneficiorum
778 1580 811 1633 et
838 1563 1004 1654 ἀκήλητος
1024 1584 1094 1630 non
1115 1558 1294 1646 inquietum
1315 1555 1352 1621 si-

248 1669 383 1755 gnificat
402 1671 463 1737 sed
483 1670 717 1737 inexorabilem
738 1671 790 1735 vel
815 1666 1043 1742 insanabilem,
1066 1661 1230 1750 ὀύςκηλος
1251 1656 1269 1727 ὃ
1290 1660 1353 1735 <lvc-

248 1769 462 1858 θεράπευιας
482 1771 561 1840 Scis.
573 1772 802 1838 Aesch.Eum.
816 1770 888 1835 789.
911 1779 979 1833 tum
999 1767 1099 1832 etiam
1121 1773 1259 1852 propter
1278 1759 1354 1847 espi-

249 1872 406 1939 rationem
431 1874 599 1959 adjectivi;
626 1896 701 1939 nam
721 1873 852 1939 vocales
880 1870 1042 1957 aspiratae
1064 1866 1197 1933 elisioni
1217 1864 1357 1929 resistunt

249 1974 466 2061 pertinacium
498 1974 693 2062 adjectivum
721 1974 831 2062 ipsum
858 1968 1067 2038 Herodianus
1097 1969 1143 2034 ad
1168 1968 1210 2034 ll.
1231 1968 1272 2035 V.
1296 1964 1357 2052 759.

251 2074 293 2141 ab
310 2072 394 2142 irruis
413 2077 546 2163 repetit,
570 2078 623 2142 elii
643 2098 717 2143 cum
739 2071 878 2153 ἆκαλός,
898 2067 1023 2162 buclae
1045 2078 1265 2159 componunt,
1285 2088 1358 2154 quae

251 2199 271 2243 a
295 2176 535 2262 significatione
562 2177 653 2245 verbi
684 2177 795 2264 κηλεῖν
823 2176 954 2262 longius
984 2175 1173 2240 discedunt.
1198 2207 1238 2223 -·
1258 2171 1361 2237 Ἓθναν

252 2278 386 2365 proprie
417 2279 538 2346 donum
567 2278 667 2358 θάνες
696 2278 895 2365 significare,
924 2278 1141 2363 vocalemque
1172 2275 1361 2343 extrinsecus

251 2378 386 2445 ascitam
405 2378 525 2446 habere
546 2379 793 2468 Wyttcnbachii
814 2380 929 2467 opinio
951 2380 1013 2445 brit
1036 2380 1080 2444 ad
1103 2380 1197 2445 Plut.
1222 2378 1264 2443 de
1283 2374 1362 2442 And.

251 2480 347 2547 Post.
366 2482 439 2548 228.
472 2480 629 2569 Epsilom'
652 2504 719 2567 quo
740 2481 840 2549 verba
861 2483 1035 2569 praeterita
1058 2493 1220 2568 tanquam
1242 2476 1366 2567 propria

251 2592 331 2648 nota
352 2584 604 2672 distinguuntur,
625 2586 761 2671 quando
784 2585 888 2651 omitti
908 2584 1015 2673 possit
1029 2581 1252 2650 (bemmatici
1273 2575 1367 2646 nostri

252 2684 286 2751 in
304 2695 397 2772 parte
418 2685 595 2754 thematica
615 2685 747 2753 abunde
765 2686 995 2753 demonstrant.
1038 2686 1107 2751 Hic
1130 2685 1218 2751 nihil
1238 2682 1369 2772 amplius

254 2786 405 2872 adjiciam
431 2787 496 2854 nisi
525 2788 700 2876 scriptores
727 2788 868 2856 incultos
895 2797 1071 2875 augmento
1096 2788 1253 2875 legitimo
1279 2806 1371 2872 saepe

253 2908 476 2977 superponere
505 2912 781 2979 supervacaneum
810 2890 997 2976 ἒιιροέιαξα
1025 2888 1203 2957 Theodos.
1233 2885 1373 2957 Gramm.

252 2990 306 3069 40,
318 2990 348 3056 8.
364 2990 544 3074 inaestuas
560 2990 672 3059 Sahal.
685 2992 721 3059 in
731 2992 832 3060 Dion.
845 2991 990 3059 Gramm.
1002 2988 1075 3064 650.
1090 2984 1374 3078 παρεσυνεβλὴθγ

254 3092 356 3171 Phot.
378 3092 462 3161 cod.
486 3092 666 3178 CCXXII.
691 3094 765 3161 580.
795 3104 829 3160 et
856 3092 974 3158 similia
1002 3112 1020 3159 e
1049 3092 1203 3159 faecibus
1235 3114 1378 3160 emarce-

254 3195 374 3261 scentis
398 3195 530 3281 linguae
552 3196 697 3264 collecta.
747 3196 793 3261 Et
818 3217 1054 3281 nonnunquam
1077 3194 1178 3261 etiam
1202 3203 1378 3282 augmento

253 3294 427 3386 temporali
440 3299 645 3365 accumulant
658 3297 858 3385 syllabicum‚
875 3318 971 3385 quem
986 3298 1222 3385 pleonasmum
1232 3299 1379 3364 Homero

254 3401 321 3489 ipsi
344 3399 483 3467 obtrusit
504 3398 692 3469 Zenodotus
721 3422 783 3488 pro
804 3397 877 3484 οὐχὶ
894 3397 1012 3483 μεθίει
1033 3398 1072 3463 Il.
1091 3398 1175 3466 XV.
1202 3398 1280 3466 716.
1305 3396 1380 3464 scri-

152 3576 158 3584 ,
253 3502 336 3571 bens
358 3498 417 3571 οὐκ
441 3502 572 3585 ε’μεθίει
595 3505 685 3589 quod
706 3501 874 3569 cavillatur
892 3499 1084 3566 scholiastes
1100 3497 1147 3577 ὡς
1166 3498 1272 3581 εἴτις
1297 3501 1386 3585 λέγει

255 3600 455 3687 &aetatulae
500 3604 576 3671 Hoc
598 3606 706 3692 aptius
730 3604 914 3690 exemplum
941 3612 1010 3667 erat
1033 3600 1260 3683 ἐμεθώὸευσε
1282 3602 1382 3685 Diog.

253 3704 435 3776 Ira—vul.
459 3705 509 3773 82.
555 3705 606 3773 illi
629 3707 782 3775 convenit
803 3705 894 3793 quod
912 3702 1053 3771 Photius
1076 3703 1213 3769 tradita
1232 3708 1386 3792 μεθῆκεν

324 3906 371 3980 11)
383 3904 538 3981 Hesychius
550 3902 702 3978 Κηλῆιειρα
719 3898 891 3975 ἡαυχᾶσιριιι
900 3897 1075 3956 Hesiodeum
1093 3895 1286 3975 εὖκηλήιιιρα
1303 3898 1386 3954 ἱαιεκΙ

255 3994 360 4071 pretari
379 3993 491 4050 ridetur
510 3996 587 4067 quod
606 3993 635 4047 in
648 3991 714 4047 ΕΜ.
732 3991 832 4046 eodem
849 3989 934 4043 modo
954 3984 1120 4057 explicatur,
1139 3982 1171 4038 id
1192 3986 1386 4059 compositum

176 4077 183 4082 ”
256 4098 318 4139 ease
335 4085 423 4137 ratus.
458 4080 584 4135 Verbum
602 4077 728 4149 εὐκηλεϊν
746 4094 802 4132 non
820 4073 923 4145 legitur
940 4072 994 4128 uisi
1014 4072 1177 4144 copulatum
1201 4075 1386 4143 κατευκηλεῖι

256 4177 285 4227 st
301 4170 486 4244 παρευκηλεῖν
501 4164 692 4237 tranquillare.
730 4162 795 4218 Hoc
808 4161 888 4217 nullo
905 4162 991 4215 modo
1005 4160 1040 4213 da
1053 4157 1205 4213 Sirembus
1219 4157 1285 4213 dici
1299 4166 1386 4231 potes

258 4255 310 4309 sad
326 4257 433 4324 κηλεῖν,
453 4254 529 4308 unde
548 4255 687 4321 Κηὶέσιης
709 4244 838 4305 &uerear
856 4247 935 4303 said.
954 4254 984 4303 et
1001 4240 1158 4315 Κηληδόνες
1176 4244 1386 4305 incantatrice¹

259 4339 387 4397 Sirenum
408 4350 436 4395 et
454 4342 572 4413 Iyngum
591 4339 703 4395 similes.
798 4333 800 4338 ’
1280 4370 1288 4375 -
