2825 4809
1031 125 1044 158 h

258 351 333 430 582
610 345 931 418 DISSERTATIO
958 347 1001 418 V.

259 535 347 621 σνχί,
372 531 491 605 docueri
514 545 574 602 etc.
618 535 759 602 Articuli
787 535 934 600 feminini
959 536 1101 622 generis¹
1117 559 1185 602 cum
1208 538 1326 605 adverbio

252 641 359 728 juncti
382 638 568 726 exemplum
594 639 726 703 unicum
749 648 799 703 est
819 635 1003 726 σηνάλλισς,
1039 641 1130 724 cujus
1157 640 1201 704 vis
1227 641 1329 727 propria

259 753 396 832 apparet
423 741 459 806 in
479 740 681 807 Philemonis
704 740 821 805 comici
842 740 916 806 loco
939 741 980 805 Τ.
999 733 1059 807 lV.
1089 765 1122 829 p.
1143 740 1189 805 16.
1216 740 1329 826 περίεισι

257 841 427 932 speltae
448 843 507 909 sed
524 841 654 930 penitus
671 841 863 908 obscuratur
879 841 1095 908 inDemosth.
1110 842 1250 907 Prooem.
1261 844 1330 921 1431,

259 945 290 1011 8.
321 939 379 1026 cdx
406 945 462 1011 ἵνα
489 940 658 1032 τηνάλλσσς
683 939 773 1028 ὑμᾶς
799 944 1001 1028 dediscerent
1029 954 1062 1009 et
1089 943 1160 1008 aliis
1184 943 1330 1008 Atticorum

260 1045 454 1134 scriptorum
475 1046 558 1111 locis
577 1069 607 1110 v.
628 1051 702 1110 Ast.
726 1046 770 1111 ad
791 1045 876 1113 Plat.
895 1047 1003 1133 Legg.
1031 1071 1063 1134 p.
1087 1047 1139 1111 88.
1160 1045 1264 1131 quibus
1282 1067 1331 1110 om·
1381 1082 1383 1085 ν

258 1147 356 1214 nibus
377 1147 547 1214 Bekkerus
571 1157 603 1213 et
625 1148 712 1214 huno
735 1150 865 1235 sequuti
892 1148 1027 1237 hyphen
1048 1159 1241 1225 exemerunt,
1267 1149 1331 1232 quod
1381 1218 1382 1221 ρ

261 1273 360 1339 saepe
382 1249 504 1336 tollitur
522 1249 711 1337 parent-hesi
728 1253 908 1338 particulae
928 1252 988 1340 τήν
1010 1276 1047 1338 ys
1058 1243 1166 1329 άλλως
1174 1274 1203 1314 v.
1215 1250 1331 1316 Boisscn.

261 1351 304 1417 ad
322 1352 504 1418 Herodian.
535 1375 568 1438 p.
595 1353 666 1418 133.
694 1374 803 1438 neque
831 1353 1004 1418 adhibetur
1029 1353 1139 1419 dativo
1175 1356 1220 1442 Τῇ
1245 1344 1330 1430 άλλως,

259 1455 299 1541 τῇ
327 1449 482 1534 ματαίως
507 1455 589 1519 Hes.
618 1453 705 1519 redit
735 1476 812 1521 vero
840 1454 875 1520 in
895 1453 1057 1537 adverbio
1070 1449 1281 1543 Ἀλληνάλλσις
1302 1448 1332 1530 ὥς

260 1547 352 1636 ἔτυχε
377 1553 470 1622 Suid.
494 1563 526 1622 et
548 1555 706 1642 adjectivo
729 1549 936 1646 άλλήναλλσς
957 1549 1150 1640 ἅνθρωπος,
1175 1556 1331 1640 quollusta·

260 1652 347 1718 thius
369 1654 450 1735 618,
474 1657 524 1723 19.
546 1657 747 1724 homericum
773 1651 1046 1743 άλλσπράςαλλσς
1068 1658 1227 1744 exprimit
1259 1657 1332 1721 Plura

261 1755 401 1823 dicenda
429 1770 504 1826 sunt
533 1760 573 1825 de
602 1760 758 1826 societate
787 1782 871 1846 quae
902 1759 987 1827 inter
1016 1758 1173 1824 adverbia
1200 1758 1334 1823 numeralia

263 1868 296 1924 et
316 1859 449 1927 nomina
477 1861 657 1927 intercedit.
702 1863 832 1928 Horum
855 1861 1002 1926 ordinem
1025 1860 1115 1925 ducit
1135 1861 1224 1939 illud,
1244 1860 1334 1944 dequo

260 1961 472 2028 Herodianus
496 1963 642 2050 loquitur
659 1963 694 2028 in
715 1965 809 2030 Mon.
833 1964 886 2029 25.
914 1962 952 2030 σά
981 1949 1134 2042 sassa
1161 1966 1202 2050 τῇ
1223 1959 1337 2041 συντάξει

260 2064 319 2130 τσῦ
350 2059 495 2144 ἅπαντες
526 2064 664 2134 ἐκκλίνει
676 2067 708 2151 ²)
739 2065 797 2131 τὸν
822 2059 917 2131 πόνον
943 2057 1020 2140 dest
1041 2055 1212 2140 dffidvotr&
1236 2058 1338 2141 ἁπαξά-

261 2187 385 2244 παντες
406 2163 468 2252 γάρ
492 2165 638 2254 λέγομεν.
681 2166 889 2253 Phrynichus
910 2167 1002 2251 App.
1022 2163 1073 2228 18.
1097 2160 1194 2244 ἅπαξ
1208 2159 1338 2238 άπάσαις·
1381 2190 1382 2245 g

261 2267 357 2332 τοῦτο
381 2263 416 2331 ἓν
438 2264 473 2332 σί
501 2267 572 2334 ἐστι
593 2267 678 2335 κατὰ
699 2263 910 2354 παράθεσιν·
939 2263 959 2355 ἡ
981 2265 1096 2348 μέντοι
1118 2260 1233 2353 πριάσρ
1252 2263 1341 2329 oolla-
1381 2260 1382 2295 l

261 2363 304 2450 βῆ
327 2363 636 2456 βαρατονηθήσεσαι
659 2366 693 2434 ἕν
715 2368 865 2455 σννθέσῳ
885 2359 982 2452 ισι’νσα
1007 2375 1064 2431 aut
1083 2365 1292 2452 negligentius
1307 2363 1342 2427 lc·

263 2475 382 2550 quntus
406 2477 456 2533 est
477 2479 534 2533 aut
549 2469 746 2557 interposuit
763 2471 855 2556 quod
877 2469 1037 2536 Lehrsius
1062 2467 1174 2555 poscit
1194 2468 1234 2531 ad
1247 2465 1342 2531 Herod

261 2565 283 2632 l.
307 2589 334 2635 c.
357 2562 448 2648 ὠςεί..
487 2571 573 2637 Nam
595 2595 615 2636 a
635 2573 781 2658 synthesi
804 2572 992 2638 adverbium
1003 2567 1098 2649 ἅπαξ
1108 2570 1258 2635 abhorret
1274 2590 1345 2654 quan
1363 2648 1367 2653 ᾖ

262 2667 462 2756 longissime.
507 2672 576 2740 Sed
598 2673 626 2738 si
649 2697 722 2739 cum
753 2671 898 2752 ἅπαντες
926 2696 993 2738 uno
1016 2671 1295 2758 comprehenditur
1310 2680 1344 2732 te

261 2793 351 2850 nore,
372 2772 553 2859 parathesis
580 2775 690 2842 existit
711 2787 747 2841 ut
764 2771 1004 2864 Ἑλλήςπσνσος
1023 2797 1053 2839 v.
1078 2773 1117 2840 C.
1131 2772 1156 2840 l.
1180 2777 1206 2860 ξ.
1220 2775 1247 2839 1.
1266 2793 1347 2856 neque

261 2873 353 2939 aliter
376 2875 571 2941 existimavit
593 2877 703 2944 Schol.
727 2878 814 2943 Plut.
841 2877 912 2942 117.
941 2871 1184 2955 ἁπαξάπαντες
1212 2872 1269 2941 dria
1286 2874 1346 2957 μέρρ

261 2971 440 3060 τοῦλόγου
467 2973 548 3057 εἶσὶ,
576 2975 752 3046 τάττονται
781 2978 819 3044 δὲ
840 2973 900 3066 ὑφ’
932 2974 967 3044 ἓν
993 2977 1051 3044 καὶ
1078 2968 1348 3065 προφέρονταιάς
1381 2980 1382 2993 ’

262 3071 407 3164 δηλαδή,
437 3072 659 3158 ἁπαξαπλῶς.
705 3081 774 3148 Sed
798 3077 878 3145 haec
900 3079 1066 3145 consortio
1091 3077 1277 3142 dissolvitur
1296 3097 1346 3139 rur·

262 3199 318 3240 sus
339 3177 391 3242 vel
420 3178 669 3270 interpositione
693 3178 789 3262 ἅπαξ
815 3182 853 3248 δὲ
886 3178 1001 3259 πάσας
1026 3179 1185 3246 Philostr.
1214 3179 1307 3267 Soph.
1321 3175 1347 3240 ll.

260 3275 313 3356 25,
337 3279 365 3345 1.
386 3302 419 3368 p.
444 3279 517 3347 609.
542 3283 593 3348 vel
619 3282 808 3370 trajectione
830 3282 973 3370 partium
996 3275 1108 3348 πάνθ’
1136 3277 1236 3360 ἅπαξ
1252 3281 1347 3348 σιλλα-

261 3383 369 3466 sosas
391 3382 462 3470 lph.
485 3383 526 3448 Τ.
555 3385 628 3452 531.
671 3387 750 3454 Duo
778 3387 929 3474 proxima
951 3383 1180 3472 complectitur
1201 3385 1276 3449 EM.
1297 3381 1348 3475 761
1381 3396 1382 3465 ρ

169 3546 181 3570 ρ
260 3484 313 3550 37.
337 3493 370 3551 et
389 3485 463 3565 279,
488 3486 537 3552 10.
560 3485 597 3556 τὸ
624 3488 780 3570 διςχίλισι
802 3486 862 3552 καὶ
883 3487 1069 3573 σριςμάριοι
1090 3480 1135 3562 ὡς
1158 3481 1272 3567 ἔχοντα
1290 3480 1349 3549 σάν
1381 3474 1382 3533 l

262 3584 298 3652 ἐν
324 3588 517 3674 παραθέσει
547 3588 631 3657 ἐσσί·
671 3588 710 3657 τὸ
744 3588 782 3655 δὲ
804 3587 856 3667 δίς
876 3586 942 3654 ναὶ
973 3586 1045 3673 τρίς
1076 3585 1111 3652 ἒν
1144 3590 1188 3674 τῇ
1222 3583 1348 3652 cardina

262 3679 449 3772 sinodaliter
471 3689 508 3758 τὸ
531 3679 574 3758 σ“·’
591 3688 814 3780 σεσημείωται
833 3688 872 3756 τὸ
897 3688 1072 3768 διςθανέες
1088 3685 1147 3753 καὶ
1169 3686 1347 3774 epicos-llos,
1381 3748 1382 3763 p

261 3811 327 3874 quo
351 3789 458 3856 edicto
481 3793 542 3857 tria
557 3793 791 3861 vocabulorum
806 3790 1188 3878 generaconeludnntur.
1221 3787 1347 3860 Primum,
1381 3784 1382 3847 l

262 3890 352 3976 quod
381 3913 421 3956 ex
456 3893 608 3961 adverbio
639 3895 797 3961 numerali
830 3904 863 3960 et
892 3892 1024 3990 nomine
1052 3877 1211 3957 cardinali
1239 3898 1348 3963 constat.

261 3992 354 4059 facile
378 3993 511 4080 quidem
531 3996 764 4066 interveniente
787 3997 896 4084 aliqua
921 3994 1081 4084 particula
1107 3993 1267 4060 dirimitur
1290 4015 1348 4057 πεν-

299 4233 357 4371 hl)
371 4230 473 4312 Aptius
487 4239 530 4288 cst
542 4234 669 4306 ἐγκλῖναι,
682 4235 760 4307 quod
770 4232 932 4291 Skrzsczks
943 4240 1038 4290 noster
1048 4232 1095 4290 hic
1105 4232 1295 4306 reponendum
1305 4238 1348 4281 esre

261 4315 299 4374 mi
319 4315 329 4372 i
342 4315 485 4375 indicavit.
