2825 4809
221 350 271 425 44
427 360 430 363 ·
542 337 909 409 'DISSERTATIO
939 338 967 405 1.

215 528 384 599 nouimus
414 536 447 592 et
477 524 511 591 in
543 526 734 613 compositis
757 520 901 617 Ἀδρυᾶς
927 524 1052 609 Dryas,
1076 515 1207 605 ’Ἀδρυα
1233 524 1332 612 μῆλα,

187 658 190 671 ’
214 626 390 716 Zenodoro
409 624 602 715 κοκκύμηλα
616 628 698 692 Hes.
716 625 776 693 sed
792 624 961 711 μονόνητα
980 623 1141 710 significet
1159 622 1194 687 in
1205 616 1334 707 ’Ἀδροα

219 728 261 797 τὰ
287 728 455 811 μονόξυλα
485 726 597 794 lirrtres
622 726 819 814 monoxylee
844 748 930 812 ques
954 724 1072 791 ecdem
1097 724 1250 799 dicuntur
1276 720 1335 791 ci·

220 826 356 910 νόξυλα,
385 838 422 895 ut
449 848 550 916 saepe
578 829 616 895 τὸ
643 825 745 907 αὐτός
774 824 824 907 εἷς
850 827 902 894 rti'
915 823 1020 909 μόνος
1047 821 1336 908 μεταλαμβάνεται

218 930 331 1019 Apoll.
343 930 365 997 l.
377 952 406 997 c.
417 930 571 1017 idemque
581 930 770 1017 Hesychius
785 939 818 995 et
829 927 989 994 Proculus
1006 926 1049 993 ud
1063 928 1146 993 Hes.
1159 925 1335 1015 oppeto.

218 1030 380 1119 αὐτόγυον
406 1027 551 1119 ἄροτρον
576 1034 831 1121 interpretantur
850 1028 1044 1113 μονόβολον.
1086 1028 1236 1095 Eundem
1256 1028 1335 1093 sim-

219 1133 372 1221 plicitetis
394 1133 562 1201 notionem
586 1133 685 1222 ulpho
708 1132 853 1221 impertit
877 1128 1335 1218 multiplicativorum-primo,

115 1292 123 1301 .
217 1237 262 1319 ⁴tle
285 1258 353 1322 quo
379 1234 847 1323 susspiciosum.
871 1233 948 1311 123,
972 1233 1001 1296 1.
1031 1229 1145 1316 ιῧςοερ
1173 1230 1269 1319 παρὰ
1293 1233 1334 1300 τὸ

220 1337 280 1408 δύο
303 1337 359 1405 καὶ
381 1338 473 1407 πέλω
496 1338 620 1422 γίνεται
637 1339 793 1416 διπλοῦς,
814 1335 903 1404 οὕτω
925 1331 1021 1418 παρὰ
1042 1334 1081 1399 τὸ
1101 1327 1196 1421 illuc
1217 1333 1256 1401 ri
1275 1357 1338 1418 op-

218 1446 339 1524 μαῖνον
360 1438 397 1507 τὸ
421 1438 456 1507 ἓν
478 1438 534 1507 καὶ
552 1435 590 1505 ui
613 1440 706 1507 πέλω
728 1436 852 1524 γίνεται
875 1430 1005 1503 ἁπλοῦν
1025 1433 1064 1501 τὸ
1087 1430 1122 1502 ἓν
1142 1435 1254 1512 πέλον,
1276 1432 1339 1500 sed

219 1527 361 1613 errorem
386 1548 539 1605 retractat
565 1536 975 1607 Choeroboscuscan.1.
999 1535 1073 1603 245.
1101 1536 1243 1615 διπλοῦς
1264 1562 1339 1621 τρι-

219 1646 327 1723 atoue
348 1639 408 1713 οὐκ
431 1638 497 1711 eloi
523 1638 670 1711 σύνθετα
698 1635 776 1711 ἀλλ’
801 1637 894 1709 ἁπλᾶ
921 1635 1249 1735 ποράγωγαζὶᾶφιο
1268 1659 1339 1703 uon

220 1744 326 1811 solum
350 1743 495 1811 motione
517 1738 649 1831 (ἁπλῆ)
672 1742 829 1830 probetur
856 1741 915 1806 sed
937 1739 1034 1807 etiem
1058 1760 1098 1805 eo
1121 1740 1212 1825 quod
1231 1738 1339 1811 Attici

220 1847 396 1917 curlinalio
425 1846 461 1911 iu
494 1845 731 1932 compositione
762 1846 951 1930 incorrupte
982 1851 1112 1907 servant
1140 1842 1338 1920 πεννέποος,

220 1943 410 2027 barcinons,
430 1957 557 2015 mutant
576 1968 653 2014 vero
675 1949 711 2015 in
733 1946 936 2035 simplicibus
954 1940 1216 2021 πονταπλάοιος,
1237 1939 1341 2011 ὀκτα-

220 2049 376 2130 πλάσιος.
419 2049 509 2117 Hinc
530 2061 639 2117 sutem
656 2049 802 2115 derivate
818 2060 894 2114 sunt
907 2045 1046 2113 vestium
1065 2044 1199 2111 nomino
1214 2041 1343 2124 ἁπλοΐς

222 2162 255 2219 et
276 2148 431 2239 ἁπλογίς,
453 2150 572 2237 quibus
594 2151 774 2219 Salmasius
796 2151 840 2216 od
860 2148 997 2235 Vopisc.
1018 2146 1133 2214 Aurel.
1155 2168 1183 2213 e.
1197 2145 1251 2211 46.
1274 2168 1340 2233 op-

221 2253 317 2342 ponit
341 2252 516 2339 synthcton
540 2248 664 2337 ὅβολος
685 2252 803 2333 χλαῖνα
823 2251 955 2318 Anien.
971 2251 1023 2335 ⁴⁵)
1045 2249 1247 2335 latinumque
1268 2252 1343 2315 sio-

220 2359 296 2441 pilio
321 2379 352 2422 v.
374 2356 527 2443 Ducsug.
556 2363 734 2443 praeeunte
759 2354 896 2421 Polluce
924 2352 982 2438 qui
1010 2351 1177 2417 luenuum
1201 2350 1343 2417 nomine

220 2453 396 2535 ἁπλοΐδας,
412 2452 607 2545 iniquior,
625 2455 819 2543 διαληγίδες
841 2465 873 2521 et
890 2455 1020 2538 ὀλβολοι
1043 2455 1214 2539 conjuncte
1230 2454 1343 2520 offert.

218 2556 383 2643 Denique,
405 2557 556 2645 nequod
576 2567 797 2645 praetereatur
813 2556 994 2645 particulos
1014 2555 1204 2643 multijugae
1220 2558 1343 2623 dever-

220 2658 369 2737 ticulum,
396 2660 437 2727 eb
463 2661 580 2729 eodem
606 2660 770 2747 principio
795 2660 977 2747 profectum
1002 2657 1131 2724 videtur
1154 2681 1346 2747 pronomen

220 2754 307 2841 ἆμός
331 2750 404 2827 εἰνό
423 2756 510 2845 ἆμός
532 2760 612 2830 sch.
637 2762 705 2828 Od.
729 2761 759 2826 Ι.
781 2761 832 2825 10.
853 2761 942 2828 nude
968 2761 1151 2849 compositu
1175 2772 1252 2827 sunt
1277 2764 1345 2829 ed·

219 2859 332 2929 verbio
359 2857 515 2949 ἁμηγέπη
542 2858 627 2930 καθ’
658 2862 716 2931 ἕνα
743 2860 817 2931 τινὰ
843 2860 989 2946 τρόπον·
1011 2860 1099 2942 ἁμός
1127 2862 1189 2949 γὰρ
1217 2864 1254 2931 τὸ
1287 2864 1349 2944 τίς

219 2963 305 3031 κατὰ
320 2966 473 3049 γλῶσσαν
487 2962 605 3029 Thom.
616 2963 666 3031 M.
679 2956 884 3046 ἆμωςγέοως
897 2961 984 3030 κατά
997 2988 1071 3031 τινα
1085 2962 1212 3050 τρόπον
1221 2965 1346 3053 Apoll.

219 3063 307 3131 on.
329 3063 402 3142 666,
423 3065 456 3131 4.
479 3074 540 3131 etc.
584 3064 670 3131 Nem
691 3064 784 3130 utin
804 3074 917 3131 nostru
935 3063 1049 3151 lingue
1069 3065 1207 3152 aliisque
1229 3068 1347 3133 cerdi-

119 3234 122 3241 ,
218 3164 341 3239 nulium
372 3165 512 3253 primum
543 3176 582 3232 et»
606 3188 789 3253 pronomen
818 3164 1023 3232 indefinitum
1051 3168 1190 3233 eundem
1218 3180 1352 3256 gerunt

220 3266 366 3354 speciem
387 3278 421 3335 et
443 3288 527 3336 unus
550 3291 682 3354 quoque
702 3267 868 3333 interdum
891 3267 1025 3355 ponitur
1047 3291 1109 3357 pro
1134 3272 1262 3354 uliquis,
1290 3263 1350 3349 εἷς

221 3390 282 3457 pro
299 3368 349 3448 τίς
369 3392 399 3435 v.
411 3368 580 3436 Heinrich.
597 3370 640 3435 sd
656 3370 745 3437 Mus.
761 3392 791 3435 v.
805 3370 855 3435 14.
879 3369 1032 3435 Boisscn.
1051 3370 1095 3435 sd
1113 3370 1350 3459 Eunep.345.

221 3470 356 3543 Jacobs.
379 3471 422 3536 sd
443 3470 564 3540 Achill.
587 3472 663 3537 Tot.
674 3470 749 3537 398.
771 3470 819 3535 ite
838 3470 909 3539 lieri
929 3471 1038 3558 potuit
1057 3481 1096 3537 ut
1117 3472 1158 3538 eb
1181 3472 1352 3541 adverbio

219 3571 352 3639 unitatis
385 3572 619 3661 produceretur
650 3593 832 3659 pronomen
863 3572 1033 3640 inlinitum.
1092 3577 1168 3640 Hes
1194 3575 1359 3644 sirecte

221 3672 402 3741 subductae
433 3684 508 3741 sunt
536 3674 693 3753 rationes,
724 3672 807 3739 nihil
836 3697 921 3761 opus
950 3684 1000 3741 est
1029 3674 1111 3741 duas
1140 3676 1353 3745 constituere

221 3774 323 3862 ulpho
350 3775 527 3865 copuletivi
554 3776 697 3865 species,
731 3798 814 3863 ques
844 3775 1054 3843 Theodosius
1079 3776 1279 3864 imaginun
1306 3779 1356 3848 in

220 3949 555 3961 mm

289 4049 337 4118 45)
350 4048 450 4113 Aruer,
464 4051 542 4121 quod
556 4046 631 4105 idern
643 4048 680 4105 sd
693 4047 783 4121 Cepit.
796 4045 998 4105 Monxnoo.
1011 4045 1052 4106 sic
1065 4058 1096 4105 ut
1107 4042 1187 4122 ξηρός
1196 4069 1247 4123 pro
1258 4048 1356 4107 solus

219 4128 306 4205 μόνος
323 4134 379 4191 dici
396 4137 511 4206 probet,
522 4134 671 4206 Menugius
686 4135 767 4207 Orig.
777 4135 860 4207 Ling.
871 4135 946 4191 Gall.
959 4155 988 4208 p.
995 4138 1036 4189 53.
1050 4136 1088 4192 sd
1103 4154 1206 4193 nomen
1221 4136 1356 4193 unitatis

157 4212 162 4220 ⁴
220 4235 256 4273 as
274 4221 378 4287 refert,
395 4223 451 4277 hcc
469 4238 537 4277 vero
556 4220 604 4277 ille
623 4223 659 4277 od
673 4220 745 4293 ch.
757 4222 840 4277 Proc.
858 4240 885 4295 p.
900 4221 960 4275 760.
975 4220 1003 4275 1).
1021 4221 1054 4277 Τ.
1068 4222 1106 4278 II.
1123 4240 1161 4279 ex
1176 4220 1277 4279 dorico
1298 4226 1359 4286 αἷς

220 4301 280 4359 sive
298 4300 331 4367 ἅς
348 4314 440 4364 ortum
461 4304 565 4363 statuit
601 4307 693 4381 Hujus
709 4307 791 4364 testis
811 4314 957 4382 comperet
974 4307 1079 4365 nullus.
