2825 4809
125 327 183 402 ns
199 324 466 396 oscannum
483 325 545 396 nr
565 322 841 400 sommum.
871 325 910 398 o.
923 325 988 398 111.
1007 328 1072 418 §.a
1099 329 1174 416 sos

81 517 116 583 cl.
132 514 268 602 Symbol.
287 515 368 582 liter.
386 517 501 582 Batav.
524 515 565 582 Τ.
578 517 673 585 vm.
694 541 728 605 p.
739 517 855 600 45.ίῆ
897 518 989 585 Inter
1006 519 1072 586 duo
1095 542 1174 586 con.-

81 619 184 684 trsriae
205 618 376 703 potestatis
397 618 551 685 adverbia
577 613 644 701 ὀψέ
666 629 699 685 et
720 617 813 707 πρωί
839 619 903 686 hoo
930 621 1064 687 interest
1085 621 1175 707 quod

78 721 149 786 illud
168 720 200 783 in
221 720 365 805 synthesi
386 721 522 787 formam
544 720 702 787 aeolioam
725 715 789 812 opt
809 721 929 801 induit,
954 724 1043 788 unde
1063 725 1173 789 Hero·

79 823 182 888 dianus
201 833 440 908 argumentatur
462 816 529 914 ὀψὲ
545 821 631 890 δύων
647 821 744 909 παρὰ
759 826 807 910 τῷ
826 828 952 915 ποιητῇ
970 825 1028 892 καὶ
1043 819 1174 913 Ἀράτῳ

77 923 106 990 ἐι
127 922 197 991 δυσὶ
220 925 337 1010 μέρεσι
359 923 477 1011 λόγου·
500 921 530 990 εἰ
552 924 614 1010 γὰρ
638 918 677 1013 ἢν
698 922 860 992 σύνθετοι
882 927 939 992 διὰ
961 931 1020 994 τοῦ
1036 917 1062 992 ἶ
1077 925 1174 1012 ἐγρά-

75 1048 147 1112 φετο
171 1019 215 1102 ὡς
240 1017 437 1114 ὀψιμαθής,
469 1020 685 1114 ὂψιτέλεοτος
713 1025 807 1090 Mon.
833 1025 890 1103 26,
913 1026 944 1092 5.
971 1037 1004 1091 et
1032 1025 1110 1095 Sch
1133 1027 1173 1092 Il.

73 1125 162 1190 XXI.
184 1126 257 1191 232.
301 1126 354 1190 Ita
374 1127 409 1192 in
429 1127 470 1192 P.
494 1127 608 1194 Silent.
630 1127 736 1214 Soph.
759 1127 832 1192 844.
855 1128 916 1212 (H.
938 1128 1029 1208 438.)
1052 1126 1174 1194 scribe-

73 1226 158 1292 batur
179 1222 247 1319 ἀψὲ
269 1227 389 1296 δύοντα
411 1226 565 1315 Βοώτην,
592 1230 682 1315 quod
708 1251 810 1313 quum
837 1228 880 1295 ob
909 1251 1078 1294 caesuram
1106 1229 1174 1294 dis·

72 1330 210 1415 plicaret,
233 1331 385 1402 Graefius
411 1353 479 1398 non
506 1324 693 1417 ὀψιδύοιτοι
717 1331 777 1398 scd
798 1324 986 1416 spectans
1008 1332 1173 1419 praetulit.

69 1432 215 1498 Attamen
251 1433 314 1499 illis
349 1433 514 1521 perfectae
549 1432 712 1518 synthesis
745 1432 904 1518 exemplis
938 1455 1006 1499 non
1039 1457 1173 1521 prorsus

71 1532 171 1599 similis
193 1545 245 1600 est
267 1536 515 1624 participiorum
542 1556 616 1600 oum
641 1535 714 1600 aliis
742 1535 900 1602 orationis
922 1536 1070 1623 partibus
1093 1561 1173 1607 oon·

61 1635 188 1717 junctio.
234 1637 311 1703 Hac
333 1638 418 1703 enim
439 1660 603 1705 consonae
622 1638 765 1723 quidem,
788 1661 873 1724 quac
889 1640 1006 1704 mutari
1023 1651 1173 1727 possunt,

66 1748 221 1804 mutantur
255 1739 570 1825 παλιμπλαγχθιίς,
604 1733 838 1826 ἀγακτίμενος,
869 1743 1079 1828 βαθυῤῥείωτ
1111 1754 1173 1810 etc.

65 1841 116 1904 scd
137 1841 261 1907 vocalis
275 1840 476 1927 :incorrupta
496 1851 605 1907 manet
629 1840 664 1904 in
685 1836 871 1928 ὑψιμέδων,
893 1835 1058 1930 timidior,
1082 1855 1173 1910 extra

64 1941 145 2026 quod
166 1944 294 2009 nullum
319 1944 415 2029 hujus
436 1943 559 2010 formae
586 1942 774 2008 adverbium
801 1942 1071 2033 oumlparticipio
1093 1967 1173 2014 oon·

56 2045 198 2127 junctum
226 2045 419 2134 reperimus.
441 2083 483 2094 -
518 2045 766 2130 Adjeotivorum
790 2043 967 2110 verbalium
992 2068 1067 2112 cum
1095 2039 1173 2135 ὅρτι

62 2147 286 2232 copulatorum
309 2148 374 2214 duo
398 2158 473 2214 sunt
494 2169 633 2234 geners3
662 2169 779 2225 unum,
806 2147 884 2232 quia
904 2147 1052 2236 simplice
1072 2160 1172 2230 caret,

58 2248 229 2316 insolubile
247 2243 498 2334 ἀρτικόιιιστος,
513 2245 802 2335 ἀριιστράτεοτος,
819 2243 1034 2334 ἆρτιδάϊκτος
1046 2252 1171 2336 (omiss.

57 2349 88 2414 in
107 2352 228 2438 Thes.)
261 2352 371 2418 Noun.
393 2351 471 2416 XL.
501 2350 572 2414 102.
603 2349 741 2416 alterum
773 2349 945 2417 solutionis
978 2374 1083 2440 capax
1110 2377 1172 2422 neo

56 2463 158 2520 tamen
188 2454 400 2532 solvendum,
430 2451 549 2540 partim
582 2462 718 2540 propter
746 2463 916 2518 accentum
943 2446 1188 2540 ἆρτίχριοτος,’

55 2549 325 2644 ἀρτισύλληιιτος
351 2554 476 2640 (omiss.
498 2553 533 2618 in
555 2553 671 2638 Thes.)
700 2555 816 2620 Dioso.
838 2557 926 2641 Eup.
948 2555 995 2620 Π.
1018 2555 1076 2633 77,
1097 2557 1171 2624 289.

54 2651 295 2744 ἆρτίγνωοτος,
313 2657 403 2743 quod
415 2654 746 2742 Schweighauescrus
759 2656 793 2721 in
803 2656 952 2742 Appian.
965 2656 1171 2727 civ.111.12.

54 2780 90 2822 ex
105 2761 200 2846 Aug.
224 2781 288 2846 pro
309 2755 384 2846 ἄρτι
407 2757 552 2842 γνιιοτός
571 2758 705 2847 recepit,
729 2759 847 2846 partim
869 2758 948 2844 quia
968 2759 1003 2823 in
1023 2781 1172 2826 sermone

52 2861 156 2926 soluto
187 2859 323 2947 generis
350 2859 530 2925 communis
557 2870 631 2924 sunt
659 2854 860 2946 ἀρτίκαοτος
883 2861 979 2928 aovin
1001 2859 1170 2949 Theophr.

50 2962 115 3030 Sed
145 2965 184 3030 in
215 2961 321 3028 Anth.
347 2962 444 3030 VIII.
474 2963 545 3028 122.
574 2955 848 3048 ἆρτιγενειάοκωτ
875 2955 1063 3050 Εὖφήμιος,
1094 2955 1172 3046 ἄρτι

49 3061 77 3130 d'
103 3065 239 3153 ἔρωτας
261 3065 389 3133 καλέων
411 3062 600 3129 adverbium
625 3086 644 3128 a
666 3062 843 3152 participio
865 3062 1036 3159 commode
1063 3063 1172 3129 divelli

48 3177 167 3254 potest.
216 3167 298 3234 Non
324 3165 402 3232 item
430 3166 464 3232 in
492 3189 587 3231 versu
616 3165 722 3251 ignoti
749 3166 868 3251 poetae
892 3160 1020 3249 μύροος
1040 3166 1170 3231 παλαι-

47 3271 203 3356 φοιμένης
227 3263 344 3354 dynato
365 3267 444 3334 EM.
467 3267 547 3345 595,
570 3268 622 3333 33.
648 3267 694 3332 sic
719 3266 805 3332 enim
825 3266 880 3330 ille
902 3265 1031 3331 vitioem
1053 3268 1169 3353 appel·

44 3370 129 3437 lasse
149 3371 287 3450 videtur
304 3384 439 3459 propter
453 3370 597 3457 priscum
615 3370 685 3454 ejus
704 3379 737 3433 ct
754 3368 930 3433 solemnem
953 3366 988 3432 in
1006 3367 1169 3434 Thesmo-
1298 3439 1303 3442 ,
1380 3458 1385 3478 ‚

45 3471 173 3558 phoriis
199 3495 300 3560 usum
322 3482 354 3538 et
380 3472 415 3536 id
438 3472 570 3558 quidem
592 3471 726 3560 hyphen
751 3482 789 3535 ut
814 3490 1018 3556 synonymon
1041 3470 1170 3540 παλαί-

43 3599 173 3663 φατος,
212 3575 306 3660 quod
338 3585 389 3640 est
416 3574 584 3663 epitheton
616 3573 684 3659 fagi
715 3571 883 3637 hominum
915 3568 1059 3636 altricis·
1093 3571 1171 3638 Hoc

42 3687 153 3744 autem
189 3699 236 3744 ne
268 3677 434 3742 dirimatur
462 3676 571 3742 obstat
598 3674 762 3763 participii
791 3673 948 3761 simplicis
975 3669 1169 3760 significatio

40 3781 161 3847 activa.
211 3782 363 3847 Duarum
376 3779 568 3844 Thessaliae
590 3777 720 3844 urbium
738 3777 970 3863 cognominum
990 3775 1171 3862 Φάροαλος

39 3881 182 3948 παλαιὰ
222 3881 281 3947 καὶ
312 3881 369 3948 νέοι
402 3881 502 3946 altera
531 3876 551 3972 ἦ
582 3879 693 3946 πάλαι
725 3878 908 3963 cassatos
936 3887 968 3942 et
995 3899 1062 3942 uns
1088 3897 1169 3941 voce

36 3977 347 4070 Παλαιφᾶρσαλος
370 3980 486 4048 dieitur
506 3993 542 4048 ut
563 4001 669 4070 nuper
695 3981 818 4046 editum
841 3991 890 4046 est
917 3981 951 4045 in
974 3977 1080 4047 strab.
1102 3977 1167 4046 IX.

107 4224 158 4292 lh)
178 4222 221 4277 cf.
237 4219 311 4277 Diss.
325 4220 348 4277 I.
362 4239 385 4277 c.
399 4218 423 4276 1.
440 4221 464 4290 ξ.
475 4223 500 4277 d.
527 4221 596 4278 Cum
611 4216 739 4296 αὖερύιιν
751 4216 869 4279 Guistss
887 4219 925 4273 sd
940 4217 1010 4274 Hes.
1022 4218 1101 4272 haud
1117 4215 1168 4272 im·

31 4317 164 4383 portune
188 4310 306 4364 confert
323 4305 476 4380 Αὐχάιιιιν
495 4308 652 4384 ἀναχωρεῖν
675 4310 734 4366 sive
751 4305 945 4381 ἀναχάζισθιιι.

84 4401 104 4442 L
113 4411 127 4440 ο
135 4399 151 4438 b
160 4409 173 4438 e
183 4397 239 4443 ok,
258 4397 348 4437 Pathol.
916 4392 958 4460 38
