2825 4809
161 366 443 438 cosmocrat
464 366 609 435 ouius
631 364 854 436 voonnrs.
887 367 927 434 o.
942 368 970 433 1.
997 372 1023 455 a.
1040 371 1069 435 1.
1101 376 1177 447 stc

32 608 33 611 ,
99 552 158 624 ὀάι.
191 548 386 639 Ἡρωδιανὸς
406 551 487 636 περὶ
510 554 635 617 παθῶν
656 550 746 617 Gud.
767 551 841 630 294,
864 552 918 618 48.
960 552 1040 619 Hoc
1064 552 1176 641 κλήσω

91 654 211 727 ,dubitari
236 661 341 739 potest
369 660 478 722 uuum
504 675 525 718 a
553 652 637 719 ιιλέω
668 645 866 719 declinatum
897 676 940 719 an
972 674 1014 719 ex
1043 654 1175 722 καλέσω

95 766 243 825 comatum
270 754 312 821 sit
337 764 382 821 et*
402 750 554 831 ταλάσω,
584 748 760 839 τλήσομαι.
811 755 879 820 Pro
907 756 980 838 βιῶ
1009 765 1177 821 autemst

93 857 186 923 ceteris
209 854 451 940 monosyllabis,
482 876 566 939 quae
586 853 633 923 illi
655 866 863 941 proponunt,
891 858 974 938 τιμῶ,
998 861 1083 935 dari,
1104 859 1177 939 βιῶ

96 954 255 1042 (βλάστοι),
285 956 510 1023 substituimus
534 955 708 1021 themauca
735 954 842 1041 κάμω,
864 951 972 1034 θάνω,
995 953 1091 1054 mailoc
1112 967 1176 1055 etc.

91 1061 164 1123 Haeo
181 1078 252 1123 vero
274 1058 382 1123 omnia
402 1058 437 1123 in
456 1057 558 1143 stirpe
578 1055 700 1125 habent
720 1057 868 1121 vocalem
888 1054 1021 1121 brevem
1042 1084 1064 1123 α
1086 1058 1138 1123 vel
1159 1083 1175 1123 ε

89 1160 128 1223 rel
142 1147 164 1225 o
180 1168 214 1223 et.
229 1158 448 1244 circumjectas
464 1158 569 1223 vocali
589 1179 749 1223 consonas
773 1156 909 1243 syllepsi
931 1166 1025 1243 aptas
1040 1144 1100 1241 Bt]
1115 1148 1176 1241 dp]

90 1251 128 1325 ai
146 1259 304 1327 similesne.
355 1262 433 1328 Jam
462 1259 490 1325 si
519 1258 679 1327 accedunt
711 1256 856 1342 syllabae
886 1256 1084 1323 derivativae
1106 1246 1176 1338 1ιῖιῖ

90 1348 134 1439 aa]
146 1350 199 1439 a'rs‘,
216 1348 273 1445 pta,
296 1360 446 1447 protinus
466 1360 576 1425 existit
594 1382 705 1446 pugna
728 1359 961 1425 elementorum
974 1358 1175 1425 discordium

33 1508 34 1511 ,
89 1470 112 1523 st
128 1461 339 1529 resultantium
360 1448 420 1547 ιΤγ,
436 1448 571 1547 fisa-o-
585 1471 644 1527 etc.
690 1460 803 1542 Quare
823 1459 860 1525 lit
880 1468 918 1524 ιιι
938 1461 1060 1535 vocalis
1082 1460 1174 1527 verbi

87 1584 233 1640 consonae,
257 1564 311 1628 cui
329 1574 447 1629 natura
463 1563 639 1643 antecedit,
660 1572 879 1650 postponatur
895 1561 1174 1649 additotempore

90 1662 133 1727 hoc
160 1674 204 1729 est
232 1664 332 1751 alpha
365 1675 398 1729 et
427 1664 532 1752 epsilo
562 1665 599 1731 iu
626 1675 678 1730 eta
708 1673 848 1741 mutato,
871 1649 961 1729 oin
981 1651 1024 1729 ᾗ
1075 1666 1173 1729 Hanc

87 1763 274 1835 mutationem
294 1768 515 1833 Buttmannus
538 1765 681 1831 Gramm.
705 1768 733 1847 t.
757 1766 829 1831 110.
854 1765 943 1830 Adn
967 1764 1019 1829 15.
1046 1764 1176 1831 dubitet

89 1872 167 1929 utrum
194 1866 390 1933 metathesin
422 1866 580 1954 appellari
614 1875 763 1952 oporteat
795 1888 838 1930 an
870 1886 1049 1951 syncopen.
1104 1865 1175 1933 Sed

89 1966 243 2033 metathesis
265 1968 417 2036 ordinem
438 1968 537 2033 modo
559 1967 723 2033 literarum
742 1966 890 2031 immutat
909 1987 992 2031 sono
1012 1987 1081 2031 non
1100 1988 1174 2031 rnn-

92 2060 311 2154 ιιιιάταριτος,
333 2065 516 2157 cadavera,
540 2065 695 2157 ἕδραισι.
738 2067 857 2152 Itaque
877 2088 1047 2152 syncopen
1062 2066 1174 2153 potius

96 2164 200 2233 dicemus
229 2170 290 2235 sed
317 2171 498 2235 naturalem
523 2180 555 2235 ct
580 2169 775 2237 ordinariam
804 2167 882 2252 quia
907 2178 1057 2255 tempora
1084 2168 1175 2233 verbi

90 2274 111 2328 et
124 2267 267 2338 vocabula
292 2269 371 2337 hinc
398 2270 559 2338 declinata
584 2270 655 2337 sine
675 2294 715 2335 ea
735 2270 818 2356 fingi
841 2269 974 2336 omnino
1000 2292 1069 2335 non
1094 2292 1174 2357 pos-

33 2430 34 2439 ,
86 2378 146 2433 sunt
178 2370 289 2453 Quare
310 2394 352 2437 ne
369 2382 578 2441 numerantur
594 2371 726 2456 quidem
741 2371 777 2435 in
793 2372 928 2437 affectis
961 2371 1174 2438 Voluntariae

33 2468 34 2473 ’
83 2478 166 2535 artem
181 2473 264 2539 duae
281 2482 360 2537 sunt
379 2474 519 2559 species,
538 2494 605 2539 una
623 2494 696 2539 cum
714 2472 887 2537 metathesi
905 2473 1088 2556 conjuncta,
1111 2494 1176 2556 qua

33 2658 34 2661 ρ
82 2568 197 2651 syllabae
231 2574 360 2661 primae
396 2575 519 2641 vocalis
555 2556 661 2639 hrevis
697 2575 889 2641 manaiertur
923 2575 958 2639 in
993 2574 1176 2659 proximam

81 2670 170 2737 addito
198 2675 367 2759 pondere:
397 2673 559 2761 θράττειι
588 2666 660 2740 οἷον
685 2673 862 2762 ταράττειν
891 2674 976 2743 κατὰ
1004 2670 1176 2761 συγκοπήιι

32 2796 33 2801 ’
78 2768 177 2856 Phryn.
204 2777 301 2863 App.
325 2776 378 2842 43.
412 2776 465 2843 cui
495 2775 735 2861 adstipulantur
762 2777 872 2863 upim,
899 2776 928 2843 Ι.
954 2776 1029 2842 203.
1063 2774 1175 2843 Schol.

32 2904 33 2921 ι
78 2872 176 2939 Aesch.
201 2876 319 2943 Prom.
340 2877 414 2945 628.
448 2886 480 2945 ct
512 2878 567 2943 alii
597 2898 681 2961 quos
708 2876 925 2943 Ruhnkenius
955 2876 1105 2941 nominat
1133 2875 1177 2939 ad

78 2968 144 3038 Tim·
168 2976 218 3047 93·
273 2979 352 3045 Hoc
382 2976 540 3065 ταράσσω
569 2976 829 3044 terminationem
857 2976 1051 3062 bisyllabarn
1078 2974 1178 3039 habet

32 3120 33 3127 ι
76 3080 104 3133 ut
119 3075 315 3162 σιταράσσω,
340 3074 523 3167 meleiaco),
546 3080 682 3167 stirpem
704 3078 964 3165 monosyllabum
983 3075 1060 3162 τάρ,
1087 3097 1177 3141 mm·

75 3193 124 3253 quc
147 3179 306 3262 gutturali
333 3179 447 3247 fultam
475 3202 561 3265 quae
591 3191 759 3267 comparet
777 3180 825 3246 in
849 3175 953 3266 τάρχη
984 3174 1005 3265 ἡ
1038 3170 1179 3262 τάραξις

75 3272 139 3339 Hes.
158 3279 322 3365 τάργανον
343 3284 382 3346 τὸ
404 3278 570 3366 ταρακτάτ
594 3282 675 3347 ΕΜ.
696 3279 887 3367 ταργαίιιιτ
906 3278 1036 3343 turbare
1056 3300 1088 3341 v,
1109 3276 1178 3342 Pa·

74 3376 413 3466 rall.403.necprocu1
429 3381 553 3447 distant
572 3378 746 3467 ταρβάλιιξ
763 3376 781 3448 ὁ
799 3376 1000 3467 ταραττικάς
1012 3377 1178 3448 Ohceroh.

75 3472 185 3564 (lami.
209 3480 265 3547 82.
286 3478 392 3565 τύρβη
414 3480 669 3567 τάραξιςὸιιίᾶ.
707 3479 826 3564 Τάρχω
848 3502 916 3547 non
935 3480 1099 3567 reperitur
1119 3480 1180 3545 sed

74 3576 171 3661 τράκτα,
194 3604 264 3665 quo
287 3580 454 3647 Nicander
475 3595 554 3650 usus
578 3592 628 3651 est
648 3604 710 3669 pro
732 3578 937 3666 τραχάιομαι
952 3581 1003 3666 ¹),
1024 3591 1059 3645 et
1077 3580 1179 3645 usita-

74 3672 124 3741 tius
145 3678 289 3765 θράσσει
312 3680 426 3767 alpha,
454 3692 491 3749 ut
511 3682 654 3761 videtur,
687 3682 862 3771 producto⁴
909 3682 1068 3748 Alterum·
1082 3681 1180 3766 hujm

74 3781 326 3865 transpositivas,
355 3792 393 3847 ut
422 3783 469 3849 sic
490 3785 679 3872 appellem,
706 3807 876 3871 syncopae
906 3785 1092 3871 exemplum
1120 3784 1180 3849 sed

130 3965 156 4033 l)
175 3966 334 4029 Terracina
351 3970 386 4021 ab
405 3966 508 4023 Ovidio
529 3976 648 4025 vocatur
669 3966 803 4025 Tramas
825 3968 1019 4026 consentiente
1039 3967 1180 4022 Strabone

74 4042 164 4103 11233.
188 4054 350 4127 Ταῤῥακίνα
368 4054 436 4122 (scr.
456 4056 615 4129 Ταριρακῖνα
634 4071 660 4108 ι.
674 4052 764 4107 Proll.
779 4054 853 4123 222.)
873 4052 889 4123 ἡ
905 4045 1042 4125 πρότερον
1059 4042 1181 4120 Τραχι-νὴ

75 4130 129 4197 (scr.
147 4138 283 4205 Τράχινη)
299 4141 459 4212 καλουμένη
475 4136 530 4193 ἀπὸ
548 4142 597 4193 τοῦ
615 4136 818 4211 συμβεβηκότος
836 4142 892 4193 hoc
912 4147 955 4191 est
972 4138 1007 4190 ab
1027 4134 1181 4206 asperitate

75 4216 131 4281 8911,
149 4222 223 4301 unde
244 4221 328 4277 etiam
348 4210 640 4295 lapidoerrachla
660 4224 805 4280 nominata
822 4231 867 4278 est
883 4223 987 4278 Senec.
1003 4220 1106 4276 Trach.
1121 4221 1181 4273 819.

78 4307 101 4353 et
116 4306 311 4377 appellativum
328 4304 439 4383 τραχιάν
456 4317 619 4381 αιρττιιιιιι.
