2825 4809
149 370 201 435 ss
219 361 426 432 smoorn
447 360 593 429 unius
615 335 839 430 vocius.
874 362 914 430 0.
925 364 972 430 11.
988 368 1014 451 s.
1025 367 1058 431 4.
1087 364 1163 463 2⁴?

91 556 214 636 1πιιιμιιι,
245 570 306 634 quo
338 548 554 634 elegantiores
584 546 761 635 scriptores
792 546 974 627 obstinent3
1009 550 1053 614 sul
1087 572 1164 638 per·

90 658 178 721 lectum
202 671 271 715 vero
299 650 491 733 πέπιαμοι,
521 650 611 735 quod
638 650 806 715 ordinario
829 653 1045 736 πιπέτασμαι
1067 674 1164 739 prae·

90 759 175 821 iemnt.

148 859 168 941 t.
190 855 218 919 4.
257 854 311 919 De
343 872 490 939 syncope
521 851 664 938 syllabae
697 852 861 917 secundae
894 862 927 917 et
958 855 1166 943 sequentium

87 955 226 1042 antiquitus
243 954 359 1019 tradite
374 954 455 1020 hsee
471 964 563 1019 suntr
585 953 681 1039 παρὰ
703 954 742 1019 τὰ
762 947 888 1039 ἄφενος
909 951 1034 1040 γίνεται
1056 949 1165 1040 ἅφνος

86 1059 147 1125 sorti
160 1055 326 1144 auricomis,
351 1046 390 1123 οὗ
413 1051 432 1144 ἢ
456 1058 574 1145 domm]
592 1059 641 1141 τῷ
664 1047 764 1141 ὄφνει
788 1054 882 1139 παρὰ
904 1053 1066 1144 Πινδάρῳ
1082 1058 1163 1123 ΕΜ.

86 1160 141 1237 118,
161 1159 204 1223 10.
234 1158 413 1243 eademque
444 1156 581 1234 vocalis,
613 1178 697 1240 quse
730 1167 874 1223 servetur
906 1156 942 1221 in
971 1159 1164 1246 compositis

84 1256 228 1349 ιῧηιμενής,
263 1258 445 1348 properie,
469 1260 576 1324 uisset
608 1259 761 1325 derivatis
794 1254 954 1343 ἀιμνιιός,
991 1256 1163 1349 ἀμνήμων.

84 1362 147 1427 Miro
161 1360 252 1427 modo
264 1364 482 1429 Butt'rnanuus
502 1361 536 1425 in
550 1362 634 1426 Lex.
646 1360 674 1426 I.
690 1362 744 1428 47.
761 1361 935 1428 arbitratur
949 1382 989 1428 ex
1006 1354 1165 1446 ἄφθονος

83 1464 173 1529 laetrrm
186 1485 254 1529 esse
272 1458 382 1548 ἇφνός
399 1474 432 1528 et
448 1462 525 1528 hine
542 1475 649 1529 ostem
663 1465 769 1529 vocali
784 1464 885 1530 modo
902 1472 1047 1527 assumta
1063 1462 1164 1529 modo

83 1566 233 1651 repudium
264 1564 467 1651 Apollonius
498 1565 532 1631 in
560 1566 643 1633 Lex.
673 1589 747 1631 oum
780 1564 853 1643 ἔνος
878 1564 932 1629 vel
961 1586 1037 1629 eum
1064 1564 1165 1631 πενία

83 1667 264 1753 oompositum
292 1677 418 1745 censet,
449 1668 508 1733 sed
532 1690 647 1734 vereor
673 1691 716 1734 ne
744 1669 843 1754 etymi
871 1666 1058 1733 inveniendi
1086 1683 1164 1752 spes

83 1767 302 1854 inperpetuum
333 1767 517 1852 sbjieiende
545 1771 595 1837 sit.
643 1770 783 1838 vitiosis
810 1769 901 1835 libris
929 1790 1009 1835 usus
1036 1768 1166 1833 videtur

82 1869 235 1935 llustetlrius
246 1871 324 1948 481,
338 1872 391 1937 37.
409 1872 490 1953 ιάχα
511 1868 591 1938 καθ’
615 1868 799 1960 ὁμοιότητα
817 1876 877 1937 τοῦ
896 1864 1045 1955 ὄπτηιόν
1059 1865 1166 1933 ὀπτόν

84 1968 177 2055 εἴρηται
199 1966 285 2057 παρ’
305 1968 528 2056 Ἀριστοτέλει
553 1974 608 2041 καὶ
631 1969 756 2056 ἓρπιόν
774 1972 812 2039 τὸ
834 1969 985 2058 ἑρπετόν,
1006 1993 1083 2035 nem
1102 1970 1168 2035 hoe

85 2074 367 2160 pervulgatissimum
388 2094 509 2140 nomen
532 2073 574 2140 sb
591 2074 771 2139 Aristotele
789 2073 991 2137 immutatum
1011 2092 1085 2137 esse
1106 2072 1166 2136 ed-

88 2173 180 2238 nolum
205 2176 401 2243 incredibile
429 2186 478 2241 est
507 2188 540 2241 et
566 2188 736 2263 praeterea
760 2196 926 2240 oonsonse
956 2160 1028 2258 ᾆῖιῖ
1047 2194 1167 2239 eonve-

84 2273 148 2339 riunt
169 2276 200 2341 in
225 2300 297 2344 uno
327 2262 433 2364 eoque
463 2278 598 2344 desueto
626 2276 789 2343 vocabulo
817 2277 972 2362 μάρπτιο.
1014 2274 1168 2365 ·Snpperl

80 2375 223 2462 scripturae
241 2380 366 2445 mendo
389 2380 546 2467 deceptus
562 2380 729 2467 Reisigius
745 2379 893 2466 Oonjeet.
908 2378 943 2442 in
954 2379 1057 2445 Arist.
1072 2376 1166 2465 prs.

78 2476 191 2545 Graecos
216 2480 380 2567 πάρθνος
402 2504 464 2569 pro
491 2484 664 2565 παρθένος
689 2482 813 2546 dixisse
839 2481 987 2545 affirmat.
1021 2474 1169 2556 ’Ἀεπτος

76 2577 140 2643 siid
166 2583 253 2666 quod
283 2583 384 2669 vulgo
414 2584 551 2649 sumitur
580 2583 760 2671 significet,
793 2604 861 2647 non
891 2604 932 2646 ex
961 2577 1105 2657 ἂέπιιος
1131 2591 1169 2643 ut

75 2679 160 2747 Sehol.
178 2686 302 2777 Agsm.
327 2686 398 2751 139.
421 2696 621 2753 contractum
645 2686 704 2750 sed
729 2685 782 2749 vis
803 2683 953 2771 proxime
974 2680 1015 2746 sb
1038 2680 1169 2765 ἕπομαι

75 2780 243 2863 declinatum
273 2797 325 2851 est
350 2796 388 2851 ut
413 2782 569 2865 ἄελπτος.
593 2826 635 2835 -
669 2785 808 2875 Ποιμήν
837 2785 1012 2867 ποιμένιος
1038 2781 1109 2847 καὶ·
1128 2779 1166 2848 vl

74 2879 219 2972 οὐδέτερον
243 2890 423 2968 ποιμένιον
445 2889 500 2955 roi
522 2886 682 2973 ποίμνιον
705 2888 793 2954 κατὰ
816 2884 987 2973 ουγνιοπήν
1006 2882 1117 2970 Epim.
1139 2884 1168 2947 I.

72 2982 125 3050 101.
149 2986 183 3053 ἐκ
210 2994 274 3057 τοῦ
303 2990 463 3071 ποιμένος
492 2989 613 3073 γίνεται
645 2987 788 3073 ποιμὲνη
820 2987 877 3052 rori
908 2986 1083 3067 ποιμένιον
1112 2985 1170 3050 καὶ

72 3094 200 3178 ονμιοπῇ
223 3086 355 3176 ποίμνη
378 3086 534 3170 ποίμνιον
555 3092 636 3156 ΕΜ.
651 3091 726 3167 678,
745 3089 797 3155 53.
833 3087 986 3174 Ποιμένο
1007 3108 1171 3170 nusquam

69 3184 174 3271 legitur,
195 3203 351 3256 neutrum
373 3192 546 3272 ποιμένιον
568 3214 608 3257 ex
627 3216 693 3258 uno
716 3190 930 3276 eognovimus
945 3189 1106 3275 Oppisno
1129 3210 1169 3255 eo

69 3310 160 3355 sersus
179 3294 255 3360 loeo
281 3294 475 3359 collocatum
500 3316 567 3378 quo
589 3295 748 3378 ποίμνιον
769 3314 836 3358 non
858 3292 1025 3369 convenit,
1056 3302 1088 3356 et
1110 3290 1169 3355 ed·

69 3392 191 3459 verbium
209 3418 229 3460 s
245 3394 425 3463 Theodoto
440 3406 634 3483 usurpatum
651 3395 836 3478 ποιμενόθι
850 3395 913 3479 ¹⁸).
939 3395 1052 3476 Quare
1067 3416 1169 3483 epen-

70 3492 150 3560 thesis
171 3499 321 3585 suspioio
344 3498 480 3585 propior
502 3520 599 3583 quem
623 3517 808 3583 synoopee3
833 3506 866 3561 et
888 3507 925 3560 ut
946 3520 966 3560 s
989 3494 1089 3579 κρύος
1111 3496 1169 3561 de·

68 3595 184 3664 rivatum
211 3610 265 3665 est
293 3600 437 3686 κρομνός
464 3600 542 3685 (nisi
568 3600 729 3685 scriptura
750 3597 846 3681 tellit)
873 3618 893 3661 s
915 3604 972 3681 κρῖ
992 3594 1169 3686 κρίμνονῆ
1275 3626 1280 3643 ·

70 3699 160 3790 κριθή·
177 3703 276 3771 Suid.
294 3702 334 3767 sb
357 3698 443 3785 ἒρύιο
466 3704 610 3787 (ἔρυμα)
631 3700 787 3786 ἕρομνιῖς,
812 3701 859 3765 its
881 3698 922 3763 ab
945 3708 1053 3782 etymo
1080 3698 1171 3783 quotl
1222 3738 1226 3742 ·

67 3798 93 3862 in
114 3810 186 3871 πῶυ
215 3816 356 3893 sppsret
382 3805 530 3892 proxime
560 3802 652 3868 sbest
679 3802 823 3889 ruolprp,
852 3801 905 3867 eui
934 3800 1051 3864 similis
1080 3802 1173 3866 offert

66 3994 191 4058 prreseuti
211 3992 375 4065 sppliostur
395 4010 420 4047 s.
441 4009 465 4045 c.
481 3988 601 4045 Ἀποίσω
621 3987 772 4061 ἀποφέροι,
786 3986 910 4052 'Rusio
930 3990 1076 4053 ἐκτελέσω,
1099 4002 1170 4039 nuu-

70 4091 136 4142 qnam
153 4080 296 4149 perlecto.

124 4166 165 4232 16)
175 4164 368 4236 Ἐμποίμινον
379 4182 432 4237 pro
447 4164 605 4231 ἔμποιμνον
616 4164 758 4234 praebent
769 4161 874 4216 Suidee
887 4158 974 4216 Editt.
984 4167 1052 4214 vett.
1066 4166 1170 4212 utrum·

68 4264 113 4315 que
133 4252 238 4321 pariter
262 4250 399 4322 ignotum.
436 4242 630 4321 Ποιμενιῖμχης
650 4251 726 4320 apud
749 4249 901 4321 scriptores
924 4246 1090 4300 christianos
1114 4264 1173 4300 non

68 4333 153 4391 ducem
172 4338 273 4409 gregis
292 4338 450 4409 significare
468 4337 580 4391 videtur
600 4339 650 4391 sed
668 4336 716 4391 τὸν
733 4334 928 4406 ἀρχιποιμένιι.
