2825 4809
130 400 197 466 nn
219 390 490 462 Pnosnr-nrsr
510 386 573 457 sn
594 368 860 453 sennaser.
883 384 982 453 ere
997 386 1067 471 se.
1099 385 1175 462 ooo

65 580 304 670 inosssoio⁸'¹),
327 566 589 661 ἅποδαρθάνοιν,
610 564 794 658 ἇφυπνοῦν,
816 567 877 637 sed
898 568 962 635 lsoo
983 566 1080 633 etiam
1095 588 1176 634 oon-

65 687 195 753 trarium
212 683 301 749 velet
325 674 521 765 ἇποβρίζιιν
542 674 719 740 obdormire
739 670 824 737 sient
844 672 1057 757 elimeraesrs
1076 669 1177 734 modo

64 790 250 875 ingressum
278 779 414 849 fervoris
443 773 567 841 indicat
595 770 692 841 modo
720 772 829 838 finem.
879 771 1004 839 Verum
1028 770 1111 835 haee
1136 770 1179 836 de

69 886 330 978 propositionum
358 876 612 966 compositarum
638 871 873 960 signifieatione
898 870 1049 967 quaestio
1073 870 1179 957 impe·

70 991 165 1057 ditior
193 995 246 1055 est
275 1005 374 1071 quem
398 989 434 1045 ut
457 999 558 1065 opere
579 972 747 1041 subseciva
767 974 896 1041 traetari
918 972 1034 1061 possit.
1076 971 1182 1038 Aliud

68 1092 164 1179 alpha
188 1084 339 1176 privativi
360 1079 622 1168 supplementum
643 1074 777 1163 praebet
797 1075 956 1163 partionis
971 1074 1183 1161 abnegativa:

69 1190 105 1259 oi
133 1188 358 1278 διαφέρουσιν
385 1174 535 1269 ἀλλήλων
566 1176 588 1265 ἥ
616 1200 653 1245 τε
679 1170 857 1265 ἀπόφασις
888 1176 937 1257 (id
963 1186 1013 1243 est
1039 1170 1095 1261 oli)
1126 1174 1185 1241 καὶ

70 1289 228 1378 στέρησις
251 1274 291 1365 α,
313 1280 394 1352 ὅσον
413 1278 500 1349 κατὰ
520 1277 558 1347 τὸ
580 1272 664 1346 εἶναι
686 1272 863 1366 ἆμφότιρα
884 1270 1091 1363 ἀναιρετικοί,
1116 1270 1185 1341 si'ae

72 1390 119 1474 (si
143 1389 218 1471 καὶ)
251 1380 326 1452 κατ’
358 1376 612 1464 ἄλλοντρόπον
641 1377 873 1467 διαφέρουσιν,
907 1369 993 1443 καθ’
1024 1367 1047 1443 8
1074 1370 1096 1464 ἦ
1124 1373 1186 1459 μὲν

73 1489 230 1579 στέρησις
252 1478 491 1570 ἐπιβάλλονεός
512 1480 601 1549 ἐστιν
622 1475 755 1561 ἆεονξιά
778 1477 825 1563 ὥς
851 1476 985 1569 ἂέεχνος
1011 1486 1136 1581 ῥήιωρ,
1161 1486 1187 1593 p‘

76 1592 109 1660 δὲ
141 1583 326 1676 ἀπόφασις
361 1578 407 1663 ὦς
439 1580 531 1663 ἐίἰιχο
565 1576 777 1665 λαμβάνεται.
825 1579 959 1670 Ἀμέλει
992 1584 1089 1677 ἡνίκα
1116 1588 1136 1683 ἧ
1165 1624 1188 1663 α

76 1689 230 1779 στέρησις
257 1684 303 1773 μὴ
332 1680 487 1773 σημαίνει
516 1677 755 1766 ἐπιβάλλοντος
780 1676 979 1768 ἀποτυχίαν,
1012 1687 1088 1760 τότε
1116 1690 1189 1763 ἀντὶ

78 1785 286 1879 ἀποφάσεως
311 1781 411 1871 αὐτὴν
432 1784 584 1869 λέγουσιν
605 1774 651 1859 ὡς
672 1774 859 1866 ἀθάνατος,
881 1779 1003 1875 ὄλογος
1023 1790 1188 1862 Choerob.

81 1893 156 1959 Cen.
168 1890 247 1957 361.
268 1898 302 1953 et
321 1887 356 1951 in
374 1884 455 1951 EM.
469 1883 542 1961 639,
553 1882 605 1948 50.
618 1884 670 1967 ³²)
700 1885 735 1948 A
757 1884 938 1970 privatione
961 1890 1040 1956 dioit
1061 1892 1191 1962 differre

81 1992 288 2079 negationem
315 2010 354 2053 eo
380 1984 472 2070 quod
497 1984 553 2049 illa
584 1980 743 2050 defectum
768 1986 944 2073 significet,
976 1990 1059 2058 haee
1083 2005 1193 2061 sutem

86 2094 268 2183 promiscue
290 2098 445 2177 ponatur:
477 2080 495 2152 ὁ
530 2080 639 2175 ῥήτωρ
665 2078 798 2168 ἄτεχνος
818 2091 984 2168 καλεῖται,
1013 2087 1094 2161 ὅδὲ
1115 2087 1194 2176 ὄνος
1313 2158 1318 2163 .

91 2190 143 2277 οὐχ
165 2192 286 2269 οὕτως,
317 2182 390 2257 ἀλλ’
420 2181 458 2253 οὗ
481 2181 635 2269 τεχνικός.
678 2187 748 2254 Sed
769 2188 942 2256 discrimen
963 2192 1075 2279 potius
1097 2194 1131 2259 in
1153 2218 1193 2263 eo

88 2296 222 2362 cernitur
244 2291 336 2378 quod
357 2288 490 2374 negatio
510 2285 591 2351 nihil
611 2287 698 2353 aliud
720 2297 771 2353 est
796 2312 895 2375 quam
912 2292 1052 2361 sublatio
1069 2318 1195 2384 propo·

87 2398 150 2476 siti,
179 2394 321 2483 privatio
349 2402 457 2455 autem
485 2410 606 2475 perse
634 2400 760 2456 constat
792 2402 825 2456 et
850 2415 950 2480 saepe
979 2395 1135 2483 simplicis
1165 2410 1199 2469 et

86 2498 243 2585 positivae
265 2493 356 2560 voois
377 2492 486 2557 loeum
508 2490 634 2576 explet,
656 2490 744 2555 velut
764 2491 792 2555 si
814 2493 895 2577 quid
915 2488 953 2559 οὗ
975 2492 1079 2563 κακόν
1098 2520 1197 2565 voea-

85 2612 134 2665 tur
154 2599 224 2664 sive
248 2596 396 2660 animans
414 2592 482 2657 sive
502 2591 727 2670 inanimatum,
750 2592 832 2657 nihil
852 2594 991 2680 amplius
1007 2618 1105 2680 quem
1119 2598 1199 2665 vitio

84 2722 193 2765 osrere
216 2678 335 2763 dicitnr
357 2694 416 2759 sed
438 2684 564 2771 ἄκακος
585 2704 634 2757 est
655 2692 820 2759 attributio
843 2694 983 2762 hominis
1005 2710 1121 2765 natura
1142 2722 1202 2767 sus

85 2824 107 2863 a
120 2798 244 2864 malitia
262 2796 377 2861 alieni:
402 2786 562 2869 ἶν’νακοςὸ
581 2793 709 2882 χρηστὰ
729 2788 799 2883 ἤθη
823 2790 905 2877 ἔχων
925 2791 1003 2864 ἀλλ’
1025 2792 1083 2865 ἐπ’
1106 2796 1202 2869 etor-

86 2924 142 2967 ιον
163 2898 296 2965 Aneed.
318 2894 423 2961 Bekk.
447 2892 521 2959 370.
540 2886 611 2957 Ἐπ’
634 2892 769 2962 ἔλαττον
796 2896 875 2960 dicit
895 2896 972 2982 quia
993 2890 1120 2977 ἔνανος
1141 2901 1203 2965 mi-

86 3023 154 3064 nus.
170 3010 219 3065 est
242 3020 342 3083 quam
361 2989 503 3083 χρηστός
527 2994 594 3059 eive
617 2986 758 3083 ἀγαθός.
801 2998 925 3064 Verum
945 2998 1026 3064 haee
1047 3000 1205 3086 multipli-

86 3102 166 3166 eiter
194 3097 456 3173 confunduntur,
489 3095 629 3181 primum
663 3097 742 3182 quia
772 3100 913 3164 oratoria
944 3099 1124 3166 elevatione
1154 3101 1207 3167 vel

87 3202 230 3287 optimus
261 3198 379 3283 aliquis
405 3206 541 3261 vocatur
567 3190 605 3263 οὗ
633 3194 737 3276 κακός
757 3208 790 3264 et
809 3221 876 3266 νιοο
896 3203 989 3267 stulte
1006 3200 1125 3267 dicitur
1145 3225 1208 3291 pro

88 3302 307 3387 perscienter,
338 3310 407 3363 tum
436 3297 514 3382 quia
539 3297 640 3361 multa
666 3309 742 3362 sunt
766 3299 942 3380 voeabula,
970 3302 1089 3386 quibus
1111 3302 1211 3390 alpha

87 3402 285 3489 privativum
323 3422 391 3463 non
431 3397 538 3483 possit
569 3400 730 3484 praeponi
763 3412 821 3466 aut
850 3404 1077 3492 praepositum
1107 3414 1211 3471 mutet

163 3652 206 3721 31)
224 3652 307 3706 Idem
325 3647 610 3719 significeturverbis
629 3648 836 3707 contrarietatis
854 3650 1060 3723 ἀπογενέσθαι,
1078 3653 1216 3722 densae&

91 3734 209 3793 oboriri
233 3744 264 3792 et
285 3732 458 3790 decessionis
477 3730 681 3804 ἀποθνήσκειν,
705 3733 836 3801 demon,
860 3738 996 3810 ἰννῆψαι,
1020 3738 1122 3811 quibus
1140 3759 1214 3814 quas

40 3828 41 3831 ’
90 3819 230 3891 adjnnots
247 3828 292 3875 est
309 3818 483 3893 praepositio
502 3820 660 3874 aestatum
676 3820 808 3893 refertor,
827 3824 903 3879 unde
922 3822 984 3894 quis
1002 3824 1156 3897 egreditur.

41 3888 44 3955 l
168 3907 212 3976 22)
229 3907 366 3979 Apollon.
384 3905 458 3961 Aer.
477 3907 537 3959 544.
560 3904 591 3960 ἐν
614 3910 671 3966 τοῖς
692 3900 880 3989 ἔπιρῤἧμασφ
900 3903 975 3963 tow
997 3909 1143 3976 ἐπινοῆσαι
1168 3911 1216 3963 καὶ

89 3989 255 4061 παράθεσιν
273 3996 319 4063 τῆς
336 3987 370 4049 οὔ
388 3987 560 4063 ιῖνιοφᾶοεας
576 3990 631 4048 aoi‘
641 3988 776 4046 σύνθεσιν
794 3994 839 4060 τῆς
856 4014 874 4047 α
892 3990 1057 4066 στερήσεως,
1076 3993 1110 4048 οὗ
1128 3996 1219 4064 φίλους

91 4078 221 4147 ἄφιλος,
238 4077 269 4133 οὐ
288 4082 398 4149 σεμνῶς
415 4076 551 4141 ἄσεμνος.
586 4075 662 4132 Hine
680 4074 818 4147 suspicari
834 4095 982 4150 possumus
995 4077 1161 4133 Oieeronem
1180 4077 1220 4131 ‹le

91 4164 214 4217 Invent.
226 4164 248 4219 1.
262 4166 305 4219 28.
325 4164 522 4236 disparatam
541 4168 585 4217 est
603 4161 683 4231 φαοά
701 4160 740 4218 ab
758 4162 861 4233 οἱίφιιο
879 4182 912 4217 re
922 4182 983 4237 per
999 4167 1222 4237 oppositam

91 4252 269 4314 uenationis
286 4254 443 4321 soporatur
461 4246 517 4301 llos·
533 4246 633 4310 modo,
650 4263 759 4321 sapere
776 4265 835 4302 ιιοιι
852 4266 970 4323 sapere,
988 4266 1041 4321 pro
1057 4250 1226 4323 oppositio·

94 4346 183 4387 nem
199 4332 335 4404 scripsisse
354 4336 585 4407 oppositionem.
621 4330 698 4387 Alibi
718 4341 819 4388 neutro
836 4334 924 4387 utitur
941 4333 1062 4389 nomine.

165 4414 288 4468 Μυσοὶ,
302 4420 392 4462 Psthol.
972 4420 1014 4485 14
