2825 4809
296 326 361 391 nu
382 322 660 395 τοιαῦται.
705 326 745 394 α
770 328 801 395 1.
833 333 858 415 ι.
880 330 911 394 2.
974 302 989 317 '
1088 336 1161 406 ιιι

83 537 139 592 usn
155 524 187 577 ut
204 510 289 575 urhis
304 507 402 576 31th
421 512 531 577 inuols
554 512 678 598 duplici
698 513 799 578 modo
826 513 1010 599 appellatur
1028 513 1165 593 Ἀδαῖος

73 630 105 702 ¹et
119 610 265 691 Ἁλαιεύς,
293 612 370 677 item
399 635 420 677 a
440 618 546 698 Sipus
569 616 715 698 Σιφαῖος
735 614 792 679 καὶ
813 612 979 699 &patrie
999 611 1045 691 ὡς
1068 621 1164 702 Κρη·

82 723 153 793 τοῖος
176 713 353 800 Κρηταιαῖς
373 714 496 779 M.
519 714 572 778 27.
601 714 718 781 eodem
739 714 840 780 modo
862 714 1064 801 gentilicium
1084 720 1163 780 Hc-

79 813 200 899 τροιιιίς,
221 816 309 900 quod
331 816 451 883 Suidas
477 816 587 891 affert,
620 816 663 879 ad
687 837 894 902 paragogum
923 816 1086 903 Πατραία
1112 817 1164 883 vel

80 922 224 1000 Ποτοοῐος
243 918 354 982 referri
375 928 485 1005 potest
507 917 567 983 etsi
591 927 742 983 neutrum
763 918 932 1004 reperitur.
981 921 1059 983 Hoc
1085 941 1162 984 vero

78 1019 151 1083 ctiam
178 1019 326 1083 convenit
363 1020 405 1083 ad
432 1020 665 1107 appellativum
694 1012 884 1103 ἀκταιωρός
911 1019 1006 1104 παρὰ
1033 1021 1072 1084 cd
1103 1021 1164 1108 τὴν

78 1116 153 1205 dcclv
183 1116 289 1203 οὐρεῖν
321 1118 340 1186 ii
375 1119 447 1187 ἐστι
479 1116 657 1209 φυλάττειν
688 1119 769 1183 ΕΜ.
801 1142 877 1185 num
904 1121 997 1207 regio
1026 1121 1162 1187 litoralis

76 1216 286 1286 etianc'ruscs‘c
305 1232 440 1287 vocatur
460 1221 624 1287 intellecto
646 1218 859 1285 substantivo.
892 1222 962 1289 scd
983 1246 1044 1309 pro
1068 1226 1162 1291 δικο-

76 1319 150 1385 δοοία
169 1321 254 1406 apud
273 1322 449 1408 Polybium
465 1334 553 1389 recte
573 1323 744 1409 reponitur
766 1321 990 1400 denusodous'c,
1009 1346 1072 1389 neo
1090 1345 1161 1389 ere·

74 1420 148 1485 dibile
174 1432 222 1487 est
246 1444 310 1509 pro
338 1426 511 1512 dsuclcyla
536 1446 683 1509 uuquam
711 1423 833 1488 dictum
855 1444 928 1488 esse
949 1424 1162 1508 δικαιολογία

74 1523 116 1586 etsi
133 1524 243 1590 Graeci
269 1547 505 1612 nonnunquam
529 1526 644 1591 eadem
664 1524 827 1591 vocabula
853 1546 929 1590 eum
950 1525 1160 1591 substantivis

73 1636 95 1689 et
110 1626 263 1711 adjectivis
288 1623 493 1715 compoirunt'
512 1626 583 1692 sine
603 1627 670 1692 ullo
698 1628 948 1714 significationis
975 1627 1161 1693 discrimine

73 1724 220 1814 δολόφριον
238 1726 446 1817 δολιόφρων,
469 1729 635 1811 νυκτίβιος
652 1727 864 1815 ιαιτερόβιος
881 1740 920 1794 ut
940 1752 1160 1818 νιοιτεροφογ-

71 1825 123 1913 pir,
149 1826 326 1913 λιγύπνοος
356 1838 388 1894 et
414 1830 581 1916 poeticum
605 1840 644 1894 ut
667 1829 790 1897 Pollux
818 1832 899 1896 dicit
927 1830 1160 1916 λιγυρόττνοος,

36 1963 39 1972 =
69 1926 226 2017 χλοηφόρος
245 1928 510 2019 χλοεροτρόφος,
534 1926 734 2018 dcccdccc
759 1928 1007 2018 ἄνδραδθιιμος
1037 1942 1071 1997 et
1096 1932 1161 1996 ulia

47 2020 99 2091 'ad
122 2030 193 2096 Phr.
221 2032 298 2097 642.
328 2032 426 2097 allata
451 2054 590 2118 quorum
616 2054 719 2098 uuum
739 2028 1004 2119 ιἰγελαιοτροφία
1028 2043 1062 2099 et
1084 2033 1161 2099 huic

69 2130 153 2197 cilinia
171 2156 190 2197 a
207 2134 352 2199 Platone
372 2133 579 2219 frequentate
598 2158 665 2200 non
687 2158 763 2201 cum
788 2130 891 2223 ἀγέλη
906 2136 1023 2219 juncta
1043 2133 1160 2199 viden·

68 2240 108 2294 tur
124 2235 172 2299 sed
192 2257 271 2301 cum
291 2235 432 2311 nomine,
456 2258 522 2320 quo
544 2237 730 2301 animalium
751 2236 1033 2323 congregabilium
1054 2258 1160 2321 genus

66 2334 220 2403 uniueisum
243 2336 464 2424 significatur,
493 2336 535 2404 τὰ
555 2334 705 2423 ἀγελαῖα.
748 2338 895 2425 Propius
917 2338 961 2401 ed
982 2339 1160 2423 purcotssis

65 2438 180 2521 speciem
207 2440 339 2505 accedis
368 2441 572 2527 διραιοιτέδη
600 2440 635 2504 iu
656 2439 760 2505 Anth.
788 2440 934 2526 positum
962 2461 1024 2525 pro
1047 2442 1159 2523 δαρο-

64 2539 144 2625 addc,
166 2540 242 2625 quia
269 2544 405 2625 διραῖος
424 2564 493 2607 nou
513 2551 602 2606 extat
623 2542 682 2607 sed
703 2540 804 2607 modo
832 2544 984 2623 διιραῖος
1005 2541 1160 2607 collinum
1284 2606 1288 2612 .

64 2638 239 2723 significans,
277 2643 340 2707 uisi
372 2642 456 2708 forte
485 2643 568 2707 illud
600 2664 640 2708 ex
667 2642 798 2709 duobus
822 2640 1032 2707 substantivis
1061 2642 1159 2706 rectis

63 2740 172 2827 διὀοιιοι
192 2755 226 2809 et
246 2746 336 2833 πέδη
356 2745 574 2831 compositum
597 2753 648 2809 est
668 2754 705 2809 ut
725 2741 961 2830 δισμόβροχος.
1004 2740 1075 2810 Sed
1096 2742 1160 2808 hoc

62 2863 110 2907 nou
135 2846 289 2912 conuenit
315 2846 474 2931 adjectivo
500 2848 704 2927 δτραιοδχος.
755 2844 951 2926 Ματαιδζω
974 2866 994 2908 s
1016 2840 1160 2927 μάταιος

61 2942 214 3013 derivatum
244 2958 312 3027 est,
345 2946 482 3029 ματάζιο
505 2966 581 3011 vero
604 2946 632 3011 si
657 2947 727 3012 sine
748 2946 819 3011 iota
836 2946 1003 3023 scribitur,
1030 2967 1051 3009 a
1068 2941 1159 3030 μδτη

61 3056 86 3108 ut
104 3049 251 3135 δηλάζιο,
278 3046 437 3134 repudio,
461 3049 526 3127 siu,
545 3059 582 3113 ut
602 3048 817 3113 Herodianus
836 3048 956 3123 voluit,
980 3066 1056 3111 cum
1079 3046 1159 3122 ictu,

61 3168 89 3210 ex
109 3152 258 3233 Ιιιοιταΐζιο
280 3160 482 3217 contractum
512 3172 585 3215 esse
616 3160 756 3236 oportet.
784 3144 961 3234 ’Ἐκραινον
986 3147 1045 3212 καὶ
1073 3144 1161 3212 md

62 3252 249 3333 τλεοδασμδι
289 3257 350 3339 τῆς
374 3242 425 3319 Ῑιῖ
448 3250 638 3336 ἒκραδαινον
667 3250 779 3338 Epim.
808 3250 836 3315 Ι.
866 3250 940 3315 239.
973 3246 1097 3335 pariter
1122 3258 1161 3311 ut

60 3352 191 3419 soriatum
221 3350 366 3443 κρήηνον
392 3353 428 3417 iu
455 3352 614 3439 exemplis
642 3351 795 3417 disclusis
823 3350 930 3416 retuli.
982 3350 1038 3416 De
1059 3350 1160 3413 ultera

61 3451 249 3543 diphthongo
281 3454 364 3519 nihil
391 3464 605 3541 praeceptum
637 3464 701 3531 ταῖς
734 3452 799 3539 κήξ
834 3462 867 3518 et
897 3449 1006 3540 καύηξ
1026 3452 1097 3535 jam
1124 3451 1162 3515 iu
1287 3517 1289 3520 ,

59 3556 142 3637 prima
152 3568 250 3645 parte
263 3558 413 3643 judicare
427 3556 591 3640 recusavi3
615 3550 812 3638 Καυάζοντα
828 3548 1065 3635 ἀποσκδζοιτα
1075 3554 1159 3617 Hes.

60 3660 131 3739 quod
151 3662 240 3727 varie
263 3660 451 3747 corrigitur,
474 3659 617 3724 animum
640 3665 773 3723 revocat
800 3655 844 3720 ad
864 3650 1013 3738 Σιιιμβδς
1041 3651 1160 3734 paldo,

58 3760 219 3845 Σκιμβάζει
253 3764 409 3845 ludicrica,
439 3756 684 3848 Σιιαμβηρδζατ
711 3752 939 3832 dirodoinus»,
972 3776 1057 3839 quae
1086 3775 1161 3819 curn

58 3860 225 3945 Κιμβάζτιν
247 3861 304 3930 καὶ
326 3858 522 3944 ὀκᾳιβάζειν
544 3860 582 3926 τὸ
605 3859 869 3945 στραγγειῖεσθαι
886 3878 1036 3922 connexa
1045 3855 1161 3918 vitlen-

57 3970 97 4023 tur
112 3988 139 4029 v.
158 3965 263 4031 Proll.
288 3964 359 4031 142.
383 3960 574 4031 Schneider.
598 3962 642 4026 ud
662 3961 736 4026 Nic.
760 3960 825 4026 Th.
847 3982 881 4047 p.
906 3957 978 4024 142.
999 3956 1160 4021 namHe-

56 4064 169 4145 sychius
192 4065 389 4154 uspcyyedcs
409 4064 544 4151 exponit
561 4058 620 4129 οὐκ
636 4056 739 4139 εὐθὺς
759 4056 958 4143 πορεύεται,
982 4057 1163 4142 διατρίβει,

56 4166 195 4233 elatine
220 4171 400 4237 claudicare
428 4166 546 4234 dicitur
575 4186 635 4250 pro
664 4163 842 4239 haesitare,
869 4182 979 4245 neque
1001 4160 1085 4225 adso
1105 4159 1157 4222 in-

54 4266 191 4334 credibile
216 4268 333 4334 ducam
355 4268 557 4337 Graecorum
580 4266 708 4351 aliquos
727 4286 788 4349 pro
805 4262 1036 4346 σκαμβδςιίνθ
1051 4264 1161 4329 usui·
1245 4357 1258 4383 Ι
