2825 4809
145 329 202 396 DE
223 322 435 392 SYNOOPE
454 323 601 392 UNIUS
622 323 846 394 VOOALIS.
873 324 985 396 C.IV
1002 329 1066 413 §.2
1094 333 1170 406 299

84 505 241 597 μεσάβοιον
259 509 327 574 sive
346 503 528 592 μεσόβοιον
545 508 608 576 hoc
628 519 681 575 est
696 509 804 575 lorum
820 531 887 595 quo
900 510 1020 598 jugum
1037 522 1070 578 et
1082 522 1169 580 temo

85 613 304 696 conjunguntur,
321 609 460 676 dnorum
476 635 517 676 oo
531 610 687 698 primitivi
702 619 784 697 psov
803 610 992 678 alterutrum
1008 612 1170 700 erepsisse

85 722 199 800 oportet.
242 713 393 836 Agmen
403 711 562 778 claudunt
587 712 674 778 duae
702 713 899 800 particulae.
925 711 965 781 τὸ
993 707 1072 802 ἠΰτε
1099 709 1167 782 ὑπὸ

82 810 225 902 opsoniis
245 813 351 880 πεσὸν
370 809 497 900 ἥνωται
517 812 577 881 καὶ
598 814 639 880 τὸ
659 812 694 881 τί
713 837 799 882 ποτε
820 812 856 880 ἐν
877 815 924 902 τῷ
948 811 1045 881 τίπτε
1059 815 1168 901 Apol·

81 915 131 979 lou
142 913 222 978 Adv.
232 913 306 980 559.
348 915 404 980 De
419 913 477 980 illo
494 913 573 980 alibi
590 913 732 992 dicatum
754 911 853 980 τίπτε
868 912 936 979 ab
927 914 1076 1001 smpetu'
1066 938 1102 979 m
1103 925 1168 980 ter·

79 1014 194 1100 rogandi
218 1015 401 1102 profectum
428 1026 495 1094 est,
525 1015 686 1113 cujusvis
709 1016 752 1081 ad
774 1015 879 1080 simile
903 1019 970 1082 ποῦ
992 1037 1077 1082 ποτε
1099 1036 1168 1081 non

79 1117 262 1235 permanavit.
295 1109 389 1194 Ἕςτε
414 1115 511 1202 παρὰ
536 1116 597 1206 τὴν
626 1142 661 1196 ες
684 1117 745 1183 acl
764 1141 803 1182 ao
791 1114 861 1182 τέ
881 1117 1167 1202 παραπληρωμα

78 1214 165 1295 τικὸν,
190 1216 242 1283 διὸ
270 1241 330 1284 και
321 1210 559 1338 apuleiam
540 1220 691 1295 masaia.
734 1220 881 1300 Δωριεῖς
909 1214 947 1282 66
970 1214 1168 1284 δασόνουσιν

78 1309 132 1381 ἀπὸ
147 1340 200 1382 coo
185 1315 282 1395 ἕως
301 1341 339 1382 τε
355 1315 442 1383 κατὰ
460 1314 630 1405 omnam
647 1311 734 1384 εἶναι
750 1310 1101 1405 ἦγούμενοιΕΜ.382,
1116 1315 1167 1382 10.

78 1415 120 1499 qui
133 1417 216 1501 qnod
232 1417 274 1482 de
293 1417 496 1503 aspiratione
513 1417 602 1495 dicit,
621 1416 761 1482 fortasse
776 1439 888 1482 verum
905 1427 955 1482 est
971 1440 1002 1483 v.
1020 1417 1164 1484 Abrens.

76 1516 139 1583 Dor.
156 1518 205 1584 37.
227 1519 289 1584 sed
308 1519 352 1584 dc
371 1541 471 1586 causa
490 1518 581 1584 haud
603 1517 702 1583 dubie
730 1517 868 1594 fellitum
897 1541 974 1583 nam
1000 1515 1071 1598 ἕςιι
1099 1541 1167 1586 non

78 1640 108 1683 ex
126 1617 181 1697 ἕως
196 1643 247 1698 ra,
270 1621 365 1706 cujus
386 1629 485 1686 testes
508 1619 587 1686 certi
609 1620 745 1697 desunt,
778 1618 838 1684 sed
864 1641 906 1684 ex
927 1619 963 1697 ἐς
984 1616 1003 1688 3
1025 1645 1062 1687 aa
1087 1642 1165 1687 coa-

77 1718 153 1784 luisse
171 1720 269 1786 hodie
288 1743 358 1786 non
379 1720 515 1786 dubium
535 1719 673 1787 habetur
693 1742 724 1786 v.
743 1720 886 1787 Ellendt.
909 1721 953 1786 ad
974 1721 1104 1787 Arrian.
1118 1723 1166 1790 11.

79 1819 115 1897 11,
129 1821 157 1887 4.
194 1821 388 1888 Pronomen
412 1821 552 1908 simplex
572 1821 637 1887 hoc
657 1821 758 1888 modo
781 1821 896 1887 elisum
920 1843 992 1888 esse
1018 1844 1083 1888 uno
1107 1823 1163 1889 illo

78 1922 197 2008 exemplo
224 1923 333 1989 Anth.
361 1923 441 1991 VII.
471 1923 544 1989 724„
574 1919 646 2001 ἔςκε
671 1919 762 2011 θάνῃ
789 1944 851 2010 pro
881 1918 931 1999 εἷς
952 1918 973 1989 6'
993 1945 1166 2009 asperum

78 2024 270 2090 confirmatum
303 2035 353 2090 cst
380 2022 550 2109 facilisque
578 2023 736 2090 eorrectio
765 2023 979 2090 aDindorfio
1007 2023 1041 2089 in
1064 2024 1165 2091 Thes.

80 2127 217 2211 proposita
236 2123 322 2204 ἕςτε.
353 2127 525 2192 Hactenus
547 2123 590 2190 (le
611 2123 738 2210 syllaba
757 2124 872 2210 prima.

139 2231 159 2312 l.
178 2229 208 2293 2.
249 2222 308 2292 'Ea
334 2230 396 2294 coir
423 2222 524 2304 ὀλοός
549 2218 714 2311 rivarotta}
738 2223 873 2312 κλητικὴ
900 2220 980 2292 ὄλοέ
1000 2223 1060 2293 καὶ
1080 2225 1167 2294 κατὰ

76 2327 215 2416 ιιιγιοπὴν
232 2321 296 2396 ὀλέ
309 2328 354 2411 ⁶).
385 2321 462 2394 ’aar
480 2325 518 2394 66
539 2319 619 2403 6664·
639 2319 659 2412 ἦ
682 2319 813 2403 εὐθεῖα,
836 2319 956 2409 γένοιτ’
981 2320 1062 2412 3νὴ
1088 2329 1167 2414 κλη-

74 2426 129 2511 urc}
147 2420 200 2496 666
224 2426 290 2494 καὶ
314 2423 375 2496 οὒκ
397 2419 654 2511 ἐδτισυγκοπή.
697 2423 787 2511 Περὶ
809 2427 935 2491 παθῶν
957 2419 1167 2511 Ἡρωδιανός

72 2523 133 2590 ΕΜ.
148 2526 225 2604 622,
246 2527 306 2593 46.
348 2527 438 2593 Hinc
463 2526 694 2612 cognoscimus
719 2523 957 2592 Grammaticos
985 2525 1166 2610 bisyllabae

73 2628 141 2692 vocis
158 2629 261 2694 solum
277 2629 463 2694 vocativum
483 2627 645 2714 reperisse
661 2647 771 2710 neque
791 2625 995 2710 exploratum
1012 2626 1167 2692 habuisse

73 2737 157 2795 annm
179 2730 347 2816 antiquius
372 2729 431 2807 sit,
462 2723 540 2805 ὂλός
561 2750 604 2793 an
625 2724 739 2804 ὀλοάς,
767 2725 803 2790 id
827 2725 918 2810 quod
943 2749 1005 2792 nos
1032 2747 1166 2814 qnoque

74 2828 225 2911 dijudicare
258 2830 436 2897 nescimus.
499 2830 632 2895 Etenim
664 2827 839 2894 verborum
871 2849 956 2912 quae
990 2851 1064 2894 oum
1095 2821 1166 2896 ὅλω

73 2922 204 3017 (illvm)
231 2931 416 3018 comparari
437 2940 591 3017 possunt,
620 2953 722 2995 unum
743 2928 840 3017 θόρω
869 2951 910 2995 ex
933 2952 968 2996 se
990 2928 1167 3016 progenuit

73 3031 241 3114 adjectivum
270 3036 418 3120 θοῦρος,
453 3031 508 3097 cui
537 3033 689 3098 convenit
717 3023 825 3108 οὖλος.
877 3028 967 3096 Huic
999 3039 1107 3094 autem
1137 3030 1166 3095 si

71 3133 186 3201 nativam
212 3132 362 3200 vocalem
389 3132 605 3211 restituimus,
640 3125 721 3209 ὅλος
750 3131 860 3218 potius
892 3130 1036 3197 nascitur
1066 3153 1167 3217 qnam

72 3226 144 3312 6669,
175 3237 270 3322 cujus
295 3244 466 3300 accentum
490 3255 658 3320 syncopae
684 3231 783 3297 tribui
810 3232 1008 3298 conuarium
1034 3243 1085 3298 est
1113 3253 1165 3298 re-

72 3333 288 3422 galeamque
309 3337 451 3422 pertinet
471 3335 514 3400 ad
536 3335 713 3410 diastolem
740 3357 816 3400 nam
836 3335 1067 3422 appellativum
1087 3327 1167 3411 ὀλός

72 3430 126 3499 le.
145 3436 249 3516 θολός
275 3438 398 3524 pariter
423 3447 591 3522 oxytonon
613 3446 673 3501 est.
723 3435 764 3500 In
787 3436 864 3514 ολος
884 3459 985 3502 unum
1010 3436 1077 3501 exit
1105 3433 1165 3498 ad-

69 3532 197 3612 jectivum
218 3538 419 3625 primitivum
438 3534 539 3616 κόλος
557 3536 656 3622 etymi
678 3557 817 3623 expers.
849 3537 892 3602 In
911 3562 970 3616 οος
911 3525 1168 3623 compluria

73 3635 116 3698 scd
143 3640 265 3705 nullum
300 3661 467 3725 syncopae
503 3648 726 3725 opportunum
762 3647 855 3723 praet
856 3660 890 3703 er
922 3637 1168 3725 multiplicative

72 3739 218 3817 quaedam.
261 3741 332 3808 Pro
355 3733 451 3808 otns'
474 3738 557 3825 ἐρέω
581 3740 616 3804 in
636 3737 831 3825 Empedocl.
853 3764 883 3806 v.
906 3741 959 3806 34.
982 3740 1034 3806 cd.
1057 3741 1166 3808 stura.

71 3839 144 3902 n88
169 3843 282 3908 Karst.
312 3863 381 3906 noa
412 3840 601 3926 refragabor
630 3841 658 3904 si
686 3839 760 3925 quis
792 3837 882 3906 6r'oo'
911 3838 994 3925 ἐρέω
1024 3841 1168 3925 corrigat

72 3938 110 4002 vel
132 3943 223 4008 etiam
252 3941 406 4009 6srsl6’
389 3940 473 4029 ape'w
498 3940 639 4006 verbo
629 3965 665 4006 m
692 3940 889 4026 bisyllabum
918 3949 1041 4007 coacte.
1096 3937 1167 4006 Sed

86 4259 108 4310 al
122 4177 208 4315 ἓ)
161 4179 252 4251 Ερίιιι.
265 4179 289 4234 1.
302 4181 362 4233 442.
375 4199 405 4234 ιο
395 4176 469 4234 ὀλέ
478 4174 604 4248 armum
615 4178 705 4247 (κλητι
706 4174 769 4246 κόν)
783 4176 814 4232 ἐκ
828 4195 875 4232 του
863 4170 953 4230 ὄλοό
940 4193 968 4236 ς
981 4171 1168 4244 συγκέκοπται

73 4273 86 4307 ²
133 4282 207 4318 mov
192 4263 291 4335 ῦήλεέ
304 4263 361 4334 ἧλέ.
