2825 4809
277 316 351 390 130
642 305 964 374 DISSERTATIO
998 307 1026 372 1.

275 494 295 566 ὃ
323 489 471 581 coeris,
497 487 686 576 Σμύσσειαι
715 485 949 575 (inaudesceret
965 493 1031 572 ⁵⁴),
1059 491 1146 576 quod
1168 493 1286 560 uerbum
1306 501 1351 564 etsi

276 592 520 684 angustioribus
552 616 652 678 quam
685 596 772 682 σμξιν
805 593 872 658 sive
904 589 1040 680 σμήχειν
1069 594 1166 679 septis
1193 596 1350 677 continetur,

277 712 385 764 tamen
412 695 543 779 utrique
566 695 747 760 communis
769 705 820 759 est
839 694 930 760 notio
957 694 1156 780 detergendi.
1195 695 1350 765 Athenaeus

276 799 356 867 VII.
379 797 454 864 312.
491 793 530 862 C.
548 790 752 880 Ἐπίχαρμσς
774 796 830 864 καί
849 791 999 883 Σώφρων
1021 795 1121 878 χωρὶς
1141 799 1198 862 τοῦ
1217 785 1240 862 d
1257 795 1352 882 μυραί-

275 928 335 982 νας
367 903 479 978 καλεῖ,
509 893 652 960 Πλάτων
690 895 727 961 δὲ
759 889 926 981 σμύραινα
958 895 994 960 in
1026 893 1119 980 Com.
1148 895 1200 960 hh.
1229 895 1271 962 11.
1297 897 1350 962 666.

268 1001 461 1087 Aeschylus
483 1019 560 1064 vero
581 1007 615 1060 et
633 995 875 1082 Aristophanes
895 995 931 1060 in
951 996 1025 1063 loco
1048 997 1167 1084 tragice
1189 989 1350 1084 exaggerato

274 1104 433 1190 μύραινα,
455 1110 597 1198 ceterum
617 1097 690 1162 sine
708 1097 775 1162 ullo
798 1097 892 1164 metri
914 1099 1131 1164 emolumento
1153 1098 1198 1164 sic
1213 1108 1245 1161 ut
1261 1109 1351 1184 poetae

275 1205 361 1270 hono
382 1202 575 1289 scripturam
596 1210 732 1286 propter
754 1199 856 1264 solam
870 1199 1034 1265 raritatem
1049 1198 1233 1288 praetulisse
1245 1198 1350 1264 videsn-

275 1318 344 1383 tur3
366 1305 426 1372 sed
447 1301 619 1368 Aristoteli
634 1302 710 1385 jure
737 1300 928 1385 relinquitur
950 1297 1116 1384 σμύραινα
1138 1299 1272 1385 quamvis
1288 1299 1350 1364 uari·

273 1407 406 1474 antibus
428 1403 520 1470 libris
547 1404 593 1468 H.
620 1403 711 1468 Ann.
735 1404 777 1468 V.
805 1402 854 1478 10,
875 1401 948 1468 543.
971 1401 1084 1468 Latini
1104 1422 1249 1468 muroena
1268 1401 1352 1466 dicunt

274 1531 343 1574 non
372 1527 543 1572 smumens
573 1503 634 1568 sed
658 1523 785 1586 staurus
809 1513 846 1567 ut
870 1502 989 1570 Graeci
1015 1515 1049 1569 et
1072 1523 1188 1587 murm.
1216 1496 1349 1590 ,Μιλῤῥσὴ

271 1606 402 1692 σμύρνα
435 1601 519 1690 παρ’
554 1601 740 1670 Αἰολεῦσιν
773 1601 857 1686 ἐπεὶ,
880 1605 922 1672 τὰ
960 1605 1071 1672 πολλὰ
1096 1609 1160 1671 τῶν
1186 1599 1286 1686 μύρων
1310 1599 1351 1666 διὰ

272 1704 419 1797 σμύρνης
440 1702 634 1785 ἐσκευάζετο
655 1703 736 1768 Ath.
758 1703 837 1770 XV.
860 1704 933 1772 688.
957 1706 996 1771 C.
1019 1706 1081 1771 sed
1102 1715 1134 1770 et
1153 1704 1294 1770 Alcaeum
1310 1722 1350 1766 co-

272 1809 394 1876 micum
418 1805 606 1874 Meinckius
634 1805 689 1872 Fr.
720 1805 766 1870 Π.
798 1805 870 1870 831.
900 1805 1063 1891 σμυρίσαι
1093 1805 1252 1892 scripsisse
1274 1813 1350 1890 putat,

272 1935 340 1979 non
361 1906 514 1996 μυρίσαι.
561 1902 710 1989 rutum
729 1904 770 1970 ab
796 1906 913 1972 eodem
933 1906 1049 1984 verbo,
1076 1907 1163 1972 unde
1185 1926 1350 1991 synonymon

270 2009 431 2096 σμώδινξ,
450 2007 630 2075 derivatum
651 2029 723 2072 esse
742 2006 805 2072 hoc
823 2008 930 2074 minus
946 2008 1080 2074 credere
1096 2029 1269 2074 recusamus
1283 2005 1351 2089 quod

270 2113 450 2182 Erotianus
477 2106 646 2194 σμωδικόν
666 2108 899 2195 interpretatur
917 2111 1125 2192 μωλωνιιιιιίν
1149 2110 1185 2174 cd
1212 2107 1285 2194 πρὸς
1307 2106 1351 2182 νὰς

270 2211 445 2296 σμώόικας
477 2210 562 2293 ὅπερ
594 2209 664 2276 ἐστὶ
691 2210 865 2293 μώλωπας
892 2207 1038 2296 ἁρμόζον
1065 2223 1098 2276 et
1123 2209 1228 2295 μώδιξ
1243 2209 1352 2296 plumis

271 2313 404 2379 affertur
425 2311 466 2376 ab
485 2310 665 2396 Hesychio.
702 2311 797 2376 Idem
817 2307 1014 2396 Σμόρὸωνες
1037 2307 1281 2397 ὑπσκσρισιινόν
1298 2301 1351 2373 ἀπὸ
1381 2303 1382 2377 l

270 2419 335 2482 τῶν
355 2410 484 2500 μσριίσν
510 2409 555 2490 ὡς
579 2409 767 2490 πόσθωνες,
794 2412 853 2476 sed
874 2411 979 2497 magis
998 2433 1074 2476 cum
1091 2415 1204 2479 -mcrdu
1226 2407 1352 2481 convenit,

269 2515 359 2581 unde
381 2516 521 2580 mentulis
543 2515 717 2580 smerdalca
738 2536 767 2578 r.
785 2513 943 2598 Scaliger.
962 2513 1005 2576 ad
1020 2513 1135 2600 Priop.
1147 2508 1270 2578 LXIX.
1287 2509 1353 2574 Hinc

271 2616 335 2683 ulia
363 2614 463 2682 series
494 2614 611 2691 oritur,
641 2636 739 2698 quam
765 2614 892 2680 inducit
914 2616 1060 2682 Thomas
1091 2620 1207 2700 σιὲγσς
1234 2613 1307 2696 λέγε·
1326 2607 1355 2672 td

271 2719 308 2784 de*
331 2717 426 2800 τέγος
447 2712 633 2799 ποιητικόν,
657 2715 754 2780 nimis
770 2715 824 2780 ifle
840 2717 990 2783 universe
1006 2719 1181 2804 loquutus3
1206 2736 1274 2780 nam
1288 2708 1354 2798 apud
1380 2751 1381 2810 .

268 2819 453 2884 Homerum
479 2815 614 2900 quidem
641 2828 674 2882 et
696 2814 877 2882 Pindarum
905 2819 1011 2884 solum
1039 2823 1133 2904 τέγος
1156 2817 1279 2902 legitur,
1306 2831 1352 2895 quo
1380 2811 1381 2835 ¹

270 2920 326 2986 ille
365 2927 487 2984 tectum
520 2915 682 3002 siguificat
718 2917 769 2982 vel
803 2929 930 3003 partem
967 2922 1083 2986 domus
1118 2918 1304 3008 superiorem
1328 2911 1353 2976 ιλ

268 3017 426 3108 ὑπεράνω
449 3022 507 3087 τσῦ
529 3013 660 3105 deduco
680 3019 767 3084 Poll.
797 3018 850 3085 hic
876 3022 1059 3088 universam
1079 3024 1225 3098 domum,
1250 3010 1355 3099 Tragici

267 3146 346 3189 vero
371 3132 491 3209 poetae
511 3119 596 3186 hanc
618 3120 733 3205 στέγος
754 3121 931 3207 appellant,
954 3125 1055 3190 altero
1075 3125 1285 3195 abstinentem
1309 3135 1354 3202 po·
1379 3139 1380 3192 4

268 3223 422 3290 steriores
439 3222 607 3308 epicorum
624 3231 765 3307 utroque
782 3233 917 3288 utuntur
934 3227 993 3292 sed
1015 3228 1056 3294 de
1078 3227 1173 3292 tectis
1186 3221 1279 3288 modo
1292 3235 1355 3302 quae
1379 3213 1380 3293 l

267 3322 403 3414 proprie
420 3323 468 3386 ita
486 3335 645 3387 vocantur
664 3346 695 3386 v.
717 3324 822 3390 Nack.
848 3327 964 3392 Hecal.
989 3351 1023 3416 p.
1044 3329 1116 3394 101.
1140 3339 1177 3392 ut
1193 3319 1357 3408 Xenophon

268 3447 404 3514 quoque
429 3434 463 3489 ct
489 3422 703 3507 Thucydides
733 3446 807 3490 oum
825 3427 1049 3514 Aristophane
1074 3431 1215 3513 'aliisque
1241 3419 1355 3513 popule·

267 3529 347 3593 riter
377 3524 599 3611 loquentiunn,
630 3522 784 3610 idemque
811 3528 993 3596 Plutarcho
1025 3531 1259 3597 restituendum
1286 3530 1379 3612 putat}

266 3625 446 3700 ‚Jacobsius
466 3624 511 3690 sd
530 3624 605 3691 Ael.
631 3625 705 3690 221.
722 3663 763 3676 —-
784 3630 935 3716 Στέρφσς
954 3631 1044 3698 idem
1066 3644 1117 3698 est
1137 3631 1228 3719 qnod
1239 3627 1358 3712 στρέψας
1378 3629 1379 3690 l

266 3729 305 3798 id
333 3739 384 3794 cst
410 3727 561 3814 στρέμμα
589 3737 623 3790 et
650 3750 711 3814 per
740 3751 945 3816 consequens
975 3733 1081 3823 δέρμα
1109 3758 1139 3800 v.
1161 3731 1309 3802 Valokcn
1327 3693 1379 3788 till

266 3829 395 3900 Cnllim.
415 3827 513 3914 Eleg.
534 3851 569 3914 p.
592 3827 733 3914 288.⁵⁵)
766 3854 828 3898 nec
850 3831 1014 3898 diversum
1032 3836 1156 3924 νὲρφσς
1178 3835 1201 3899 i.
1224 3856 1254 3918 q.
1276 3829 1359 3896 ltro

335 4000 383 4068 ts)
391 3991 514 4069 Σμιρειῗς
523 4001 629 4068 μέιρσν
640 3993 745 4053 σλνικὸν
757 3999 831 4056 idem
840 4001 954 4056 ridetur
964 4020 998 4058 sc
1009 3999 1094 4078 μάρις
1107 4007 1184 4060 σῐνσσ
1196 3987 1357 4074 μίνρονΡοΙλ
1377 4067 1378 4072 1

333 4085 381 4154 55)
394 4083 490 4138 Schol.
504 4081 567 4137 Nic.
580 4083 627 4137 Al.
640 4087 702 4138 2⁴8.
718 4083 748 4139 ri
765 4087 856 4158 δέρμα
873 4090 901 4141 οἱ
912 4083 1005 4150 Ἴωνες
1022 4095 1122 4162 πέρασς
1138 4095 1255 4161 λέγουσι,
1272 4079 1310 4136 διὸ
1323 4075 1359 4129 καὶ
1377 4097 1378 4142 j

262 4175 406 4248 ιιρρόσιιι
421 4173 544 4242 λέγομεν
560 4170 593 4223 ἓν
610 4172 641 4243 πῇ
658 4177 809 4240 συνηθείᾳ,
831 4189 905 4242 quse
924 4172 1114 4230 Schneiderns
1131 4175 1160 4228 in
1176 4174 1278 4227 Adnot
1294 4164 1360 4218 diter
1377 4151 1378 4211 l

263 4259 369 4332 scripte
385 4255 502 4312 exhibet
519 4258 640 4328 ωέρφσς
655 4259 704 4308 nt
722 4259 890 4329 στερρόσιιι.
