2825 4809
250 360 324 430 tos
614 337 935 424 mssnumrro
970 355 998 420 1.

242 563 277 607 v.
299 539 338 608 C.
361 541 403 606 V.
425 542 451 623 ξ.
473 540 504 602 2.
550 539 619 605 Sed
639 539 800 624 Hesychii
832 539 956 604 notatio
983 541 1093 604 Τυπεῖ
1115 547 1217 624 ψοφεῖ
1238 550 1334 610 κτυπεῖ

244 646 362 729 κροτεῖ
384 651 417 705 et
437 640 528 726 quod
548 640 688 706 Nonnus
711 640 800 703 dixit
814 639 897 704 XX.
920 639 993 703 351.
1018 635 1173 723 αἰθερίου
1194 638 1335 723 πατάγου

245 741 356 821 τόπος
389 748 565 827 βρονταῖος
601 741 742 807 ostentui
776 752 827 805 est
857 741 969 825 kappa
997 739 1032 802 in
1055 739 1170 802 iisdem
1195 739 1336 806 vocabulis
1377 737 1378 798 J

250 843 322 908 sine
350 841 419 908 ullo
453 841 699 927 significationis
734 841 872 907 dissidio
906 841 1024 904 adesse
1057 850 1089 904 et
1117 840 1235 905 deesse.
1281 842 1337 906 Nec
1377 855 1378 862 ’

248 944 356 1009 minus
375 943 520 1028 Libyum
547 945 716 1032 epitheton
746 943 835 1030 apud
856 941 1059 1026 Aeschylum
1087 937 1278 1026 ἡλιόκτυπον
1298 944 1339 1025 ys'·
1377 943 1378 950 '

251 1068 307 1122 νος
327 1044 392 1109 hoc
414 1055 464 1110 est
485 1043 693 1134 ἡλιόβλητον.
738 1045 816 1109 Alia
838 1040 968 1125 subjicit
987 1042 1161 1106 Helladius
1177 1041 1266 1106 Phot.
1282 1042 1338 1106 866.

251 1145 309 1212 καλ
335 1145 373 1212 τὸ
407 1146 540 1213 καίνυτο
567 1145 731 1232 περισσόν
753 1141 819 1228 ἔχει
838 1143 877 1210 τό
901 1131 1000 1210 {ani
1024 1142 1060 1208 τό
1085 1147 1223 1226 κοῦρος·
1241 1147 1340 1229 ναόρος

251 1242 315 1330 γάρ
339 1239 521 1312 ἔστινοῖον
543 1242 561 1312 ό
585 1247 669 1313 κατὰ
691 1249 769 1312 νοῦν
791 1242 948 1330 ἐλαφρός.
987 1245 1041 1309 De
1059 1243 1175 1328 primo,
1198 1243 1279 1326 quod
1293 1265 1339 1306 no·

251 1345 309 1409 stri
333 1345 542 1411 Grammatici
564 1348 630 1412 alio
652 1349 796 1426 trahunt,
828 1346 990 1414 consentit
1010 1345 1090 1411 EM.
1114 1344 1187 1422 126,
1205 1345 1254 1408 4οι
1273 1339 1341 1410 dao-

142 1511 155 1525 ,
253 1443 410 1526 καίνυμαι
439 1446 477 1510 τό
510 1452 592 1512 νικῶ
613 1450 709 1534 παρὰ
729 1449 766 1518 τό
791 1449 952 1517 oliuo-‘lon
980 1447 1035 1512 καὶ
1058 1443 1234 1528 λαμβάνειν
1256 1437 1342 1510 δόλον
1378 1487 1379 1538 p

251 1543 331 1622 τοὺς
368 1549 527 1623 νικῶντας
568 1548 816 1629 πλεονάσαντος
857 1554 917 1616 τοῦ
957 1536 992 1627 a,
1029 1547 1131 1631 idque
1165 1545 1343 1611 confirmatur
1378 1551 1379 1620 Ῑ

190 1701 193 1704 ,
252 1645 413 1710 consimili
431 1668 495 1709 usu
512 1646 609 1743 verbi.
626 1646 733 1734 αἱρεῖν
756 1650 805 1735 (id
828 1661 878 1715 est
899 1644 1073 1736 όρνυοδαὶ
1090 1649 1159 1713 sive
1184 1645 1342 1730 αἶ’νυυδαι),
1378 1637 1379 1642 ¹

254 1747 297 1811 de
328 1769 393 1830 quo
415 1747 573 1815 Scholion
594 1749 732 1815 Aristid.
756 1774 775 1815 a
797 1749 1053 1836 Wyttenbachio
1076 1749 1118 1813 ad
1141 1746 1295 1814 Plutarch.
1314 1747 1345 1810 de

254 1847 290 1913 S.
313 1848 355 1912 N.
376 1849 419 1914 V.
442 1871 475 1934 p.
499 1849 529 1913 8.
554 1851 750 1937 evulgatum,
773 1876 793 1916 a
812 1852 986 1918 Dindorfio
1009 1874 1043 1937 p.
1066 1850 1142 1914 472.
1165 1848 1345 1936 praetermis·

254 1971 341 2012 sum:
367 1944 519 2029 Εόπολις
540 1952 620 2040 περὶ
643 1957 704 2020 τοῦ
725 1955 931 2040 Περικλέους
954 1952 1056 2040 φησὶν
1077 1946 1139 2014 Ἕκ
1167 1953 1264 2018 δέκα
1288 1973 1348 2015 πο·

255 2051 336 2114 δῶν
366 2049 463 2139 ᾔρει
493 2054 623 2137 λέγων
656 2054 755 2132 τοὺς
787 2051 971 2141 ῥήτορας
1007 2051 1169 2136 (Meinelr.
1201 2051 1246 2116 II.
1275 2049 1347 2132 458.)

254 2147 360 2233 αἱρῶν
382 2144 453 2216 ἀντὶ
474 2156 535 2219 τοῦ
555 2157 654 2219 νικῶν
679 2165 740 2220 etc.
758 2166 789 2220 et
804 2153 1047 2242 comparatione
1063 2163 1184 2238 poetae
1198 2152 1240 2215 ad
1248 2151 1348 2216 Buttm.

171 2257 173 2260 ’
256 2249 400 2315 Gramm.
429 2251 502 2316 210.
531 2253 661 2318 excitati
679 2253 810 2334 πάντας
831 2252 1073 2330 κλεπτοσόναυς
1097 2253 1245 2331 ἐξαίνυτο
1263 2251 1295 2314 id
1313 2259 1350 2313 est

256 2349 357 2416 ε’νίκα.
401 2351 442 2415 In
462 2353 576 2418 Photii
597 2355 671 2420 loco
692 2356 863 2422 Beklrerus
887 2347 990 2441 οὖρος
1010 2377 1027 2420 e
1047 2354 1121 2419 cod.
1140 2354 1218 2419 Par.
1244 2351 1352 2438 scripsit
1379 2417 1380 2424 χ

257 2472 317 2535 pro
339 2457 471 2537 κοῦρος,
495 2454 547 2519 cui
570 2457 679 2542 aptior
698 2459 832 2543 quidem
854 2470 904 2524 est
922 2457 1147 2542 interpretatio
1167 2457 1231 2520 ista
1251 2451 1352 2520 όκοτά

253 2557 331 2617 νοῦν
360 2552 509 2642 ἐλαφρός
538 2558 650 2644 (quasi
680 2558 837 2646 νόαυρος)
866 2560 926 2624 sed
953 2567 1140 2644 repugnant
1169 2579 1253 2642 quae
1279 2563 1353 2620 ante-

255 2652 385 2731 cedunt,
407 2655 471 2719 nisi
492 2658 666 2724 Helladius
688 2661 724 2725 in
746 2685 846 2748 opere
864 2661 992 2746 integro
1009 2681 1077 2724 non
1096 2653 1205 2724 solum
1222 2658 1261 2721 de
1277 2656 1353 2741 pleo-

254 2777 367 2820 nasmo
389 2755 501 2823 literae
522 2759 635 2848 kappa
658 2764 718 2827 sed
739 2764 835 2827 etiam
859 2762 899 2828 de
921 2761 1019 2845 hujus
1039 2780 1206 2824 consonae
1224 2779 1282 2844 pro
1299 2755 1355 2818 aliis

255 2858 485 2942 suppositione
514 2861 669 2947 loquutus
699 2874 763 2940 est3
793 2868 915 2948 κοῦρος
947 2873 1077 2950 praeter
1102 2861 1279 2947 ancipitem
1298 2858 1356 2920 He-

255 2956 359 3042 sychii
382 2961 526 3045 glossam
548 2969 669 3052 Ναῦρα
691 2961 711 3052 ἢ
734 2960 856 3052 νουρόν
883 2957 997 3050 όγκος,
1026 2984 1094 3026 non
1118 2961 1241 3048 legitur
1268 2959 1322 3024 sed
1345 2979 1359 3018 a

254 3063 476 3144 grammatico,
500 3063 557 3150 qui
580 3071 667 3132 νοεῖν
688 3075 722 3130 et
743 3071 833 3131 κυεῖν
854 3064 943 3128 idem
965 3082 1037 3129 esse
1059 3063 1271 3138 meminisset,
1292 3057 1359 3142 fingi

239 3162 364 3248 §potuit
385 3163 428 3227 ad
451 3167 681 3252 explicandum
695 3169 829 3250 κοῦρος,
852 3166 942 3251 quod
958 3163 1193 3250 glossographi
1211 3181 1360 3228 consensu

255 3261 509 3349 interpretantur
543 3266 657 3347 κακός.
710 3267 828 3352 Neque
861 3267 997 3330 alterum
1032 3275 1169 3330 testatur
1201 3266 1361 3351 quisquam

141 3418 144 3428 .
255 3374 385 3448 praeter
412 3368 617 3451 Hesychium
645 3361 762 3452 Αὖροι
791 3368 889 3452 λαγοί
917 3365 1069 3454 ἴσαυροι,
1092 3367 1184 3450 quod
1204 3387 1316 3431 vereor
1334 3373 1363 3425 ut

257 3464 381 3531 Coraes
403 3467 447 3532 ad
468 3470 602 3534 Heliod.
625 3468 698 3534 345.
721 3479 809 3534 recte
830 3468 865 3534 in
881 3472 1001 3551 euripos
1021 3468 1207 3545 mutaverit;
1229 3489 1303 3538 nam
1317 3463 1362 3527 ille

256 3567 321 3633 hoe
341 3569 451 3636 dicere
471 3571 600 3637 videtur
618 3571 750 3658 lepores
773 3592 833 3658 per
849 3568 1147 3636 denominationem
1166 3564 1295 3655 αόρους
1314 3587 1364 3630 νο-

255 3671 322 3735 cari
349 3671 444 3756 quasi
476 3669 635 3760 ἶσαόρους
661 3673 713 3738 vel
742 3669 919 3757 ἰσονόμους
945 3680 982 3735 ut
1002 3671 1168 3736 Nicander
1193 3665 1365 3757 ἠνεμόεντα

254 3772 387 3857 λαγωόν
408 3773 491 3838 dixit
512 3773 612 3839 Ther.
633 3774 709 3840 454.
752 3774 847 3840 Idem
862 3768 1079 3858 Αδρυβάτος·
1103 3768 1313 3853 όΑὶοχόλος
1333 3764 1365 3831 τό

255 3868 375 3960 αἴν’ριον
402 3876 468 3961 (vel
494 3867 586 3962 αδρν)
620 3874 679 3944 ἐπὶ
706 3879 766 3944 τοῦ
787 3876 910 3958 ταχέως
932 3884 965 3938 et
985 3871 1165 3959 Πόδαυρος
1187 3870 1367 3960 ε’ῥρωμὲνος

255 3976 333 4055 τοὺς
366 3975 478 4056 πόδας
503 3978 641 4044 fortasse
674 3977 716 4043 ab
746 3977 861 4042 eadem
887 3975 998 4062 stirpe.
1029 4013 1070 4022 -
1097 3973 1311 4039 Herodianus
1340 3969 1369 4032 in

255 4222 304 4269 aut
321 4215 437 4286 indigne
454 4215 611 4270 alucinatus
629 4220 678 4268 aut
695 4212 808 4284 ignotos
827 4211 908 4267 nobis
927 4217 1056 4266 auctores
1076 4217 1209 4282 sequutus
1227 4215 1290 4276 τοῖς
1310 4222 1370 4259 nam

255 4304 332 4372 apud
341 4318 398 4367 eos,
406 4302 454 4371 qui
465 4301 551 4358 hodie
560 4301 700 4371 leguntur,
712 4315 817 4353 summa
829 4305 871 4352 est
880 4299 980 4352 horum
989 4297 1191 4352 vocabulorum
1201 4291 1370 4350 differentia.
