2825 4809
165 431 168 436 ,
247 366 324 440 ιυυ
426 392 432 405 ·
613 357 936 426 nrssnummo
968 357 997 423 1.

245 543 343 609 minis
365 540 485 625 {croac
500 553 671 609 concretus
696 543 860 629 θατέρου,
882 539 1019 628 θατέρῳ
1043 547 1104 603 eto.
1128 537 1290 604 nonnullos
1308 565 1339 607 eo

247 633 386 711 abduxit
406 652 443 707 ut
461 643 496 706 in
516 643 622 730 prima
643 643 809 730 positione
829 639 847 708 ύ
867 639 1016 726 θύυερος
1037 639 1196 714 dicerent,
1216 643 1298 724 quod
1317 657 1342 708 et
1385 655 1386 706 1

242 743 458 811 Grarnmatici
471 763 547 809 cum
563 765 689 809 summa
703 743 801 828 hujus
819 740 989 807 barbariae
1016 739 1229 804 detestatione
1249 741 1341 808 decla-

245 856 318 910 rant
338 855 371 908 et
392 844 497 909 crebri
519 845 726 912 librariorum
746 845 860 931 lapsus
883 847 923 932 τῇ
946 841 1078 928 θατέρᾳ
1095 839 1228 929 Heliod.
1244 841 1301 908 III.
1317 845 1342 921 4,

247 947 320 1014 113.
348 955 410 1012 etc.
438 983 480 993 -·
508 941 607 1024 Ὁλύς
635 942 654 1012 ri
685 951 746 1034 τῆς
771 943 915 1032 σηπιάς,
944 934 985 1006 lb
1006 940 1064 1010 καὶ
1085 937 1193 1010 θολύν
1213 945 1342 1022 καλοῦσι,

245 1048 410 1132 maiorisue
428 1045 485 1114 rui
504 1041 672 1126 ἀξύνετοι·
694 1045 732 1112 τὸ
755 1042 817 1130 γὰρ
841 1042 1052 1128 περιεκτικόν
1073 1047 1139 1108 ιιῦν
1159 1041 1344 1128 θρεμμάτων

247 1142 426 1217 δασύνεται
453 1145 510 1213 καὶ
527 1145 707 1230 βαρύνεται
731 1144 843 1214 Schol.
867 1145 910 1208 ad
930 1144 1071 1210 Dosiad.
1098 1145 1158 1208 Ar.
1180 1166 1209 1207 v.
1232 1144 1258 1208 1.
1280 1138 1343 1208 ἀνα-

60 1302 62 1310 .
126 1240 129 1248 ’
245 1247 443 1314 θολοῦσθαι
463 1244 560 1342 neggi
582 1245 641 1313 τὸν
661 1243 768 1314 θόλον
783 1247 860 1332 (εἰσ)
875 1250 934 1331 τῆς
954 1243 1090 1332 σηπίας,
1109 1237 1150 1309 ὃν
1172 1241 1204 1310 ολ
1220 1238 1346 1310 Ἀττικοὶ

244 1345 304 1413 καὶ
323 1344 426 1430 χωρὶς
445 1349 505 1416 τοῦ
527 1357 556 1414 θ
575 1346 656 1414 ὅλον
676 1347 810 1431 λέγουσι
831 1346 955 1432 Phryn.
978 1347 1075 1432 App.
1095 1345 1145 1410 12.
1177 1343 1231 1408 Ab
1247 1344 1344 1409 horum

117 1441 125 1466 ‘
247 1447 402 1512 societate
429 1468 496 1510 non
528 1447 675 1530 sejuncta
703 1449 855 1514 videntur
876 1442 1039 1530 ἀλαρῦνοι
1057 1468 1088 1510 v.
1113 1444 1216 1510 Proll.
1236 1444 1302 1510 262.
1322 1457 1347 1508 et
1386 1519 1387 1524 γ

243 1549 398 1631 μολῦναι,
420 1548 509 1614 unde
530 1550 751 1634 conjecturam
774 1548 922 1624 ducimus
942 1547 1032 1612 theta
1048 1545 1125 1610 huic
1141 1545 1279 1610 familiae
1293 1568 1347 1609 nou

245 1660 364 1716 natura
389 1649 616 1736 ingeneratum
642 1672 727 1716 esee.
771 1650 936 1734 Quartum
957 1648 1050 1712 affert
1073 1646 1194 1713 Orion.
1218 1647 1285 1722 124,
1304 1645 1347 1710 26.

244 1746 395 1834 θαλερόν
422 1749 503 1835 (scr.
532 1749 724 1838 θαλυκρύν)
753 1747 898 1834 ἁλυκρύν
920 1745 1078 1838 ἀποβολῇ
1099 1753 1158 1814 τοῦ
1173 1737 1218 1814 ’θ’
1232 1757 1263 1811 et
1281 1747 1348 1812 EM.

247 1850 298 1928 71,
315 1851 368 1916 29.
390 1846 534 1937 ύλυκρύν
557 1846 629 1918 ἀντὶ
646 1857 706 1920 τοῦ
728 1848 909 1936 θαλυκρύν,
933 1843 1005 1918 οἷον
1027 1843 1049 1914 ἀ
1072 1844 1176 1916 πάνυ
1185 1875 1209 1936 η
1230 1844 1349 1914 πάντα

244 1950 465 2040 θαλυκρύς
487 1951 581 2036 ἐγώ·
608 1947 681 2019 εἶτα
704 1951 824 2035 γέντο
848 1946 880 2018 d'
903 1946 1085 2036 ἀλυκρά,
1108 1959 1281 2034 utrumque
1300 1969 1349 2034 pro

244 2052 339 2118 metri
359 2052 556 2119 necessitate
576 2051 618 2117 ab
645 2052 762 2118 eodem
783 2065 891 2139 poeta,
915 2049 1114 2117 Callimacho
1137 2052 1165 2116 si
1187 2052 1279 2129 forte,
1300 2073 1352 2137 po·

246 2153 309 2218 sita
330 2152 477 2218 similiter
498 2153 696 2219 variantibus
722 2154 870 2242 cognatis
898 2149 980 2220 ἀλέα
1005 2163 1037 2216 et
1058 2149 1187 2219 θύλπια
1211 2176 1241 2218 v.
1263 2153 1352 2218 Proll.

243 2254 319 2321 345.
360 2254 415 2320 Ι)ο
442 2254 559 2341 spiritu
593 2278 661 2320 non
691 2257 857 2332 convenit3
889 2255 924 2320 in
955 2254 1077 2322 Suidae
1106 2255 1192 2320 Lex.
1224 2249 1353 2340 ἀλυκρύς

244 2355 364 2440 legitur
378 2365 414 2420 ut
432 2349 525 2433 ἀλέα,
545 2350 698 2433 ἀλεαένιο,
721 2352 878 2436 ἀλειινύς,
902 2379 986 2442 quae
1003 2357 1218 2422 Grammatici
1235 2357 1355 2442 quidem

246 2455 287 2523 ab
317 2456 438 2522 Atticis
467 2456 606 2543 aspirari
638 2457 750 2522 dicunt
779 2458 838 2522 sed
865 2458 1116 2547 Aristophanis,
1147 2460 1299 2526 Platonis
1329 2471 1355 2522 et

242 2555 480 2644 Xenophontis
512 2558 586 2624 libri
619 2557 712 2624 aliter
744 2560 866 2646 scripta
897 2560 1066 2646 praebent.
1110 2560 1216 2642 Quod
1250 2562 1292 2626 ad
1322 2560 1356 2624 ll.

243 2659 346 2726 XlX.
368 2659 441 2724 393.
465 2653 554 2746 ἀμφὶ
576 2659 613 2728 dd
639 2659 725 2726 καλὰ
747 2656 885 2728 λέπαδν’
913 2659 991 2730 ἔσαν
1009 2662 1204 2728 adnotatum
1228 2662 1356 2748 legimus

242 2760 351 2826 θέσαν
374 2754 446 2826 ἀντὶ
466 2765 527 2826 τοῦ
550 2760 629 2828 {bur
649 2759 736 2827 κατὰ
760 2761 962 2849 παράληψιν
981 2768 1041 2830 τοῦ
1064 2752 1099 2842 θ,
1125 2763 1154 2826 si
1173 2763 1223 2828 sic
1242 2775 1279 2827 ut
1295 2785 1359 2828 sus·

244 2861 339 2947 picot
361 2860 518 2947 scriptum
539 2861 599 2927 fuit
628 2859 708 2927 έσαν
736 2854 806 2926 ἀντὶ
833 2869 893 2927 τοῦ
916 2865 1022 2931 θέσαν
1045 2862 1130 2932 κατὰ
1152 2863 1359 2948 παράλειψιν

241 2966 302 3029 τοῦ
320 2949 363 3042 θ,
381 2961 479 3028 inane
501 2974 551 3028 est
572 2962 697 3048 ellipsis
720 2972 947 3028 commentum.
993 2963 1062 3031 Sed
1086 2966 1361 3050 quemadmodum

242 3062 351 3148 ῥαιέιν
373 3075 406 3128 et
428 3064 570 3151 θραύειν
591 3064 737 3130 actiones
761 3063 945 3130 consimiles
969 3065 1169 3150 significant,
1199 3067 1249 3132 sic
1272 3066 1360 3131 etiam

242 3163 342 3228 verba
369 3156 456 3231 εἷναι
485 3177 519 3229 et
546 3173 660 3232 θεῖναι
687 3176 721 3229 et
747 3164 838 3230 vocis
867 3176 900 3230 et
927 3166 1174 3250 significationis
1209 3168 1363 3234 affinitate

243 3265 417 3346 conjuncta
436 3287 507 3329 esse
526 3266 736 3351 cognoscitur
753 3289 793 3332 ex
809 3266 959 3332 derivatis
977 3268 1160 3352 συνιύμεθα
1176 3267 1303 3338 ιαύτὸν
1320 3272 1362 3354 τῷ

243 3359 450 3445 συνθώμεθα
472 3363 582 3431 Schol.
605 3368 644 3431 Il.
672 3368 774 3433 Xlll.
797 3368 870 3432 381.
892 3366 1100 3454 συνημοσύνη
1123 3361 1287 3455 σημαένει
1312 3369 1366 3446 τὰς

243 3459 415 3551 συνθήκας
444 3465 541 3551 παρὰ
566 3465 625 3534 τάν
651 3468 723 3556 ἥσω
749 3471 912 3554 μέλλοντα
938 3469 1050 3537 Schol.
1077 3472 1117 3538 ll.
1144 3472 1272 3538 XXII.
1295 3470 1363 3536 261.

244 3565 416 3649 (omissum
429 3589 449 3630 a
463 3566 642 3654 Bekkero).
675 3569 816 3658 Copiam
828 3572 1051 3657 exemplorum
1067 3585 1234 3638 auxerunt
1251 3571 1366 3637 eruditi

241 3667 449 3732 recentiores.
493 3671 594 3737 Velut
613 3670 789 3737 Pindarica
811 3667 993 3750 ἀλπνιστος
1015 3684 1049 3738 et
1071 3671 1252 3752 ἔπαλπνος
1274 3676 1366 3757 Hey-

240 3768 316 3832 nius
342 3768 385 3831 ad
407 3765 508 3847 έλπιυ,
528 3771 707 3838 Passovius
730 3774 772 3838 ad
794 3770 921 3840 θύλπιο
937 3773 1050 3851 reiert3
1073 3771 1194 3842 θύλλιυ
1207 3777 1368 3860 Wytten-

241 3869 377 3934 bachius
405 3869 448 3933 ad
473 3871 560 3935 Plut.
589 3875 629 3938 de
654 3875 744 3940 Aud.
766 3875 862 3939 Poet.
883 3875 957 3942 234.
982 3874 1023 3941 ab
1049 3873 1198 3960 ἅλλομαι
1223 3869 1262 3940 ¹et
1283 3875 1369 3939 indi·

243 3971 318 4036 dem
336 3969 399 4050 ἅλς
414 3982 444 4036 et
461 3971 620 4040 θάλασσα
635 3976 769 4061 repetit3
792 3972 940 4059 θεμερός
955 3977 1139 4044 Karstenus
1158 3977 1204 4040 ad
1219 3978 1370 4064 Emped.

241 4095 275 4158 p.
299 4069 371 4136 206.
395 4072 482 4136 idem
505 4095 576 4139 esse
598 4078 709 4142 statuit
731 4077 821 4163 quod
842 4075 983 4164 ἥμερος,
1003 4079 1072 4143 ,sed
1089 4077 1288 4163 Hesychius
1318 4101 1370 4146 σε·

240 4169 324 4254 μυύν
350 4171 596 4259 interpretatur,
625 4201 724 4264 quare
753 4178 1026 4264 Wyttenbachius
1047 4181 1069 4245 l.
1093 4203 1121 4246 c.
1148 4179 1256 4246 verbo
1282 4180 1372 4258 σέβαι

243 4270 389 4355 s11bj10st3
417 4276 497 4340 mihi
525 4278 708 4349 καθεῖναι
735 4275 876 4358 sideros
899 4276 1056 4369 εύθήμιυν
1082 4283 1245 4348 accedere
1276 4279 1373 4346 vide-
