2825 4809
152 357 204 423 Dll
221 351 481 420 PROSTHESI
501 348 563 416 ΕΤ
586 347 851 416 APHAERESI.
886 349 1019 419 c.v11.
1074 352 1145 427 tot

81 543 136 608 llll.
157 563 173 604 e
194 536 349 622 Pamphili
374 536 534 621 glossario
563 535 656 598 affert
683 537 867 620 Κμέλιθρα
895 531 926 598 οἳ
958 531 1051 600 δόκοι
1083 533 1146 600 hoo

80 654 115 707 est
134 639 223 704 trabes
249 638 341 714 tecti,
371 657 455 720 quae
485 635 526 700 ab
555 633 628 698 aliis
650 636 810 719 μέλαθρᾶ
833 643 999 699 vocanmr.
1045 635 1147 717 Quod
1235 669 1240 674 ·

79 742 206 807 Diodorus
234 737 343 803 scribit
369 738 430 803 IV.
459 735 511 800 56.
538 735 580 799 ab
604 735 808 820 Argonautis
830 747 961 824 portum
983 739 1147 821 quendam

78 840 246 905 adFormias
270 838 385 903 Italiae
410 837 612 924 appellatum
633 833 706 901 esse
726 831 862 922 Αἰήτην
886 837 943 901 τὸν
961 841 1018 904 νῦν
1040 835 1149 926 Καιή-

78 967 118 1028 op
135 937 458 1025 προςαγορευόμενον,
487 937 524 1001 id
548 951 599 1002 ne'
619 935 775 1004 Straboni
803 937 937 1022 quidem
958 939 1149 1024 persuaderi

77 1041 153 1126 potuit
169 1041 308 1125 quamvis
331 1040 375 1103 ad
395 1038 584 1123 hujusmodi
604 1037 782 1123 mangonia
807 1039 1029 1126 geographiae
1052 1039 1147 1106 labu-

75 1143 138 1204 losae
154 1151 197 1204 sat
218 1140 363 1226 proclivi.
396 1139 499 1226 Παρὰ
527 1137 565 1204 τὸ
595 1133 737 1226 teneto
766 1135 959 1222 ἆρπάλιμος
989 1142 1045 1206 καὶ
1068 1164 1150 1226 καρ-

75 1241 187 1323 ιιάλιμος
205 1244 405 1328 πλεονασμῷ
424 1228 523 1307 τοῦ-ιι
537 1240 607 1306 κοῒ
616 1227 830 1326 τῆςᾶλΕΜ.
847 1240 921 1317 492,
937 1241 990 1305 27.
1020 1241 1148 1308 Aneod.

74 1342 125 1405 Par.
148 1341 183 1406 Τ.
211 1342 255 1406 Π.
284 1341 337 1406 26.
367 1363 452 1426 quae
481 1340 656 1426 originatio
686 1341 896 1405 confirmatur
924 1341 1151 1406 convenientia

74 1443 181 1508 adverbii
199 1444 290 1508 latini
313 1446 432 1525 raptim
452 1443 488 1507 id
510 1454 560 1508 est
581 1438 762 1527 ἁρπαλέως
782 1440 938 1528 verbique
958 1461 1067 1526 corpo,
1090 1443 1151 1508 sed

75 1544 127 1627 qnia
144 1540 327 1629 ἁρπάλιμος
348 1567 416 1608 non
439 1544 615 1630 reperitur,
643 1540 825 1628 prosthesis
848 1543 981 1630 proprie
1003 1543 1069 1609 diei
1090 1567 1149 1610 ne·

73 1647 127 1728 quit
164 1644 304 1732 Καπάνη
326 1645 506 1710 Thessalos
533 1665 712 1730 usurpasse
739 1664 800 1728 pro
822 1638 935 1732 ἀπήνη
956 1641 1150 1710 Athenaeus

74 1745 166 1811 Comici
190 1747 377 1812 testimonio
407 1746 581 1833 approbat.
624 1743 691 1810 Hio
714 1754 822 1807 autem
843 1743 985 1808 inseram
1005 1755 1151 1812 veterum

73 1849 234 1929 quomndam
257 1849 302 1912 de
324 1869 468 1913 consona
489 1846 633 1931 syllabae
658 1864 744 1929 quae
763 1845 881 1910 dieitur
897 1847 1150 1932 reduplicativae

73 1949 235 2026 mutantium,
267 1949 333 2013 etsi
357 1971 425 2013 non
454 1949 497 2012 ad
523 1948 636 2034 kappa
663 1946 770 2010 solum
797 1947 955 2033 pertinet:
992 1949 1151 2036 κέκτημαι

74 2050 137 2131 λέγει
155 2048 169 2114 ὁ
188 2049 463 2134 Ἡρωδιανὸςλῖ)
491 2049 547 2114 ὅτι
579 2047 664 2113 κατὰ
687 2047 900 2130 πλεονασμὸν
917 2053 979 2114 τοῦ
1002 2038 1153 2115 {aloit-

72 2155 129 2227 κῶς·
149 2151 179 2219 ιὰ
212 2153 279 2237 γὰρ
310 2150 422 2219 κοινὸν
449 2148 589 2234 ἔκτημαι
620 2147 704 2223 ἐστὶ,
734 2147 791 2212 καὶ
818 2148 856 2214 τὸ
880 2149 1056 2232 πέπταμαι
1083 2145 1152 2217 ἀπὸ

71 2256 110 2315 rori
124 2249 278 2337 ἔπταμαι·
302 2251 347 2319 τὰ
368 2249 433 2334 γὰρ
456 2245 526 2314 ἀπὸ
557 2251 619 2314 τοῦ
645 2236 688 2312 ἦ
712 2244 773 2314 οὐκ
798 2241 1151 2332 ἆιαδιπλασιάζοντοι,

71 2344 124 2417 olle*
143 2351 180 2420 ari
205 2347 279 2420 ἀπὸ
313 2356 374 2418 τοῦ
400 2339 451 2419 ἶιῖ
469 2351 550 2417 ΕΜ.
572 2350 646 2426 501,
668 2348 720 2413 26.
745 2346 813 2414 dno
836 2353 896 2415 τοῦ
919 2355 993 2416 ποῶ
1016 2350 1153 2419 dhreora

69 2450 107 2515 καλ
125 2454 319 2538 πλεονασμῷ
346 2452 511 2520 πέπτωκα
534 2451 613 2528 662,
633 2450 687 2515 37.
738 2447 807 2516 Sed
834 2448 999 2515 πέπτωκα
1025 2459 1058 2514 et
1092 2453 1154 2519 πέ-

67 2575 165 2635 παμαι
186 2554 346 2619 differunt
368 2575 388 2617 a
410 2556 569 2638 κέκτημαι
596 2573 637 2616 eo
660 2550 752 2636 quod
779 2571 959 2614 consonam
985 2573 1153 2637 nunquam

68 2653 197 2733 amittunt,
226 2656 309 2720 hrrio
332 2665 441 2719 autem
462 2652 575 2738 kappa
594 2673 665 2717 non
686 2671 747 2738 per
768 2651 995 2736 pleonasmum
1017 2653 1154 2739 apposi-

66 2762 113 2816 tum
136 2756 189 2820 sed
215 2779 258 2822 ex
288 2755 389 2820 verbo
409 2757 485 2840 ipso
513 2753 665 2818 iteratum
686 2775 760 2818 esse
781 2753 815 2815 in
838 2752 958 2818 sobolis
980 2753 1154 2820 Gramma-

65 2853 172 2919 ticorum
201 2857 426 2944 posteriorum
452 2877 514 2942 pro
542 2865 630 2920 oerto
660 2853 816 2919 obtinuit:
845 2854 884 2921 ad
909 2853 1075 2941 ἐκτῆσθαι
1097 2851 1156 2922 dr·
1277 2925 1281 2930 ,

63 2954 131 3020 ιικόι
153 2957 219 3025 ἐστι
251 2958 315 3025 καὶ
348 2955 483 3024 ἰωνικὸν
514 2951 770 3042 ἆιιοβληθὲκτος
800 2960 860 3023 τοῦ
887 2953 1070 3042 συμφώνου
1097 2963 1156 3042 τῆς

65 3050 204 3140 uitiosos·
230 3055 285 3139 ὡς
315 3060 354 3126 τὸ
383 3058 483 3143 τυρὸς
511 3055 749 3150 ἕξεγλυμμ-ένος
775 3056 832 3122 καὶ
852 3050 941 3122 dira
960 3057 1055 3121 Επεὶ.
1082 3055 1154 3136 759,

63 3155 100 3219 42.
123 3157 362 3246 λβλαστηκότες
391 3154 547 3246 ἀποβολῇ
577 3160 639 3222 τοῦ
668 3157 795 3239 βΕΜ.
824 3155 905 3235 508,
934 3158 986 3222 30.
1016 3181 1157 3244 quorum

63 3269 204 3344 unumque
220 3260 436 3348 reprehendit
452 3256 705 3324 Choerobosoue
722 3256 806 3324 Can.
824 3257 897 3336 549,
915 3258 967 3324 35.
984 3259 1023 3325 τὸ
1040 3260 1157 3345 λγλυμ-
1205 3277 1214 3282 “

63 3360 134 3436 μένοι
159 3363 215 3429 καὶ
243 3357 488 3448 ε’βλαστηκότες
512 3355 601 3444 παρ’
629 3355 796 3425 Εὐπόλιδι
824 3358 1003 3444 παράλογοί
1029 3361 1100 3428 ἐστι
1123 3381 1156 3426 v.

63 3457 180 3528 Meinek.
197 3463 296 3529 Com.
312 3463 369 3527 Fr.
384 3462 425 3526 P.
444 3462 473 3526 I.
490 3460 551 3526 561
569 3481 619 3544 sq.
659 3458 727 3526 Sed
747 3459 837 3524 idem
858 3459 979 3526 aoristo
1001 3463 1156 3540 seeundo,

63 3561 120 3641 quia
136 3565 233 3650 vulgo
257 3585 328 3629 non
348 3563 549 3650 duplicatur,
579 3560 691 3647 kappa
719 3561 978 3646 praepositivum
1004 3563 1083 3628 addi
1104 3564 1157 3628 di·

63 3671 136 3726 eunt:
158 3665 322 3734 λκάιλοντο
349 3666 407 3730 καλ
430 3660 646 3750 προςελαύσει
670 3668 731 3729 τοῦ
749 3649 775 3726 ἰι
794 3661 974 3729 κεκάδοντο
994 3663 1105 3750 Epim.
1129 3665 1157 3730 Ι.
1176 3697 1185 3704 -

61 3761 116 3828 tlt.
141 3767 216 3832 alibi
245 3787 326 3831 vero
353 3760 593 3843 rettinendum
616 3763 673 3827 καὶ
696 3758 1001 3851 ἂναιλιτιλασιασμῷ
1023 3761 1157 3846 randum

65 3858 232 3952 ὦςλελάχω
256 3869 287 3932 Ι.
310 3867 385 3932 243.
410 3865 452 3930 de
478 3886 545 3949 quo
573 3864 737 3949 posterius
765 3863 902 3929 dicetur.
945 3866 1022 3930 Hae
1051 3876 1161 3930 autem

115 4117 155 4185 17)
173 4121 203 4173 lv
221 4123 260 4190 τῷ
280 4124 343 4190 περὶ
361 4121 463 4173 παθῶν
480 4115 779 4180 redimentium.
799 4116 919 4171 Aeolico
933 4111 1159 4186 πεπτερύγωμαι,

65 4202 126 4266 quod
137 4201 182 4258 ille
197 4222 264 4260 oum
279 4211 418 4277 πέπιομαι
434 4203 552 4268 confert,
568 4201 658 4257 simile
677 4209 720 4255 est
733 4200 987 4270 Ἀναιιεπιοημέναι
999 4219 1051 4271 pro
1064 4198 1161 4256 ἀνιπι.

64 4280 162 4356 lleayel.
