2825 4809
288 353 353 420 DE
370 352 647 424 PARECTASI.
692 354 731 423 Ο.
750 354 811 426 vt.
843 358 870 441 λ.
890 354 920 421 1.
1087 357 1164 441 477

83 543 139 608 570.
157 540 228 608 ΕΜ.
249 540 278 618 9,
300 541 353 606 30.
376 535 394 606 ὃ
417 535 554 619 ἇντικὸς
574 540 825 631 παρακείμενος
845 539 958 608 ἐθέλει
981 540 1069 631 ἕννῇ
1086 544 1163 610 dat·-

82 642 146 730 τέρᾳ
164 640 324 731 καλτρίτῃ
348 644 494 730 συλλαβῇ
519 641 556 708 sd
580 636 865 731 αὐτὸ,σι’μφωνον
885 640 979 725 ἔχειν,
1002 636 1162 730 ἁλήλιφα,

81 738 226 827 ὀμιόμονα,
248 735 370 823 ὄλωλα,
391 743 475 812 ὅθεν
501 741 559 810 καὶ
586 742 624 809 τὸ
648 739 794 832 ἆγήγοχα
820 742 879 810 καὶ
906 740 1053 828 ἐδήδοκα
1081 748 1162 812 συλ-

79 847 148 930 λαβῇ
165 841 453 910 ἐπλεόνασε-καὶ
476 837 635 932 ἀποβολῇ
660 850 723 912 τοῦ
745 832 771 929 J
790 838 928 932 ἇγήοχα.
974 844 1068 912 Sicut
1089 868 1162 912 ver·

79 945 139 1010 bum
156 937 221 1030 dyo
249 945 358 1032 ipsum
383 945 465 1010 nihil
492 945 543 1010 sui
572 946 675 1010 simile
705 944 804 1010 habet
827 969 856 1011 v.
879 944 1004 1010 Techn.
1035 947 1088 1010 49.
1115 947 1162 1012 ita

77 1045 229 1132 perfectum
250 1047 319 1130 ejus
343 1046 424 1112 nulli
452 1046 570 1112 canoni
591 1045 708 1130 subjici
734 1056 853 1134 potest.
897 1045 1082 1113 Verborum
1104 1043 1160 1113 αἶ’-

76 1169 127 1212 νειν
145 1156 174 1210 et
194 1143 317 1233 αἱονᾲν,
340 1144 440 1212 εἱλεῖν
464 1159 496 1212 et
517 1144 665 1213 αἱόλλειν
688 1149 842 1232 (versare,
854 1148 991 1234 variare)
1014 1172 1082 1216 uon
1100 1149 1160 1214 ob·

75 1269 150 1312 scura
168 1248 316 1332 cognatio
339 1249 399 1314 sed
424 1248 551 1334 species
573 1249 702 1314 diversa
726 1260 785 1317 cst.

139 1368 161 1449 ξ.
181 1365 210 1430 3.
253 1366 308 1431 De
329 1366 577 1452 interpositione
601 1366 880 1453 diphthongorum
906 1354 949 1434 οἶ
967 1379 1000 1434 et
1021 1356 1060 1438 ὦ
1080 1369 1162 1434 nihil

73 1465 134 1529 certi
153 1489 339 1552 expromere
361 1489 506 1554 possum.
550 1468 635 1532 Nam
657 1464 775 1553 ὁμοῖος
802 1471 865 1534 etsi
889 1469 1053 1535 interdum
1072 1470 1161 1536 idem

71 1567 138 1632 valet
156 1569 242 1653 quod
266 1564 357 1652 ὁμός,
382 1579 490 1634 tamen
512 1569 590 1654 quia
611 1570 743 1662 saepius
766 1571 884 1647 differt,
907 1571 1084 1658 paragogis
1100 1571 1160 1636 ad·

70 1682 232 1734 numeratur
257 1693 325 1734 una
353 1693 428 1736 eum
455 1664 606 1748 ἀλλοῖος,
643 1666 800 1756 ἑεεροῖος.
854 1671 987 1748 Herba,
1024 1695 1109 1757 quac
1140 1695 1161 1737 a

69 1771 212 1836 Nicandro
236 1768 474 1856 κονλυβάτεια,
504 1769 545 1836 ab
567 1771 638 1836 aliis
665 1768 824 1854 κλύβατις
849 1785 883 1837 et
903 1769 1079 1855 κλιβάδιον
1099 1795 1158 1838 vo·

69 1885 155 1949 catur,
182 1895 249 1937 non
272 1883 399 1938 constat
425 1872 515 1957 quod
536 1892 656 1940 nomen
683 1895 702 1936 a
724 1873 830 1960 primo
852 1874 1044 1961 impositure
1065 1894 1159 1940 acce·

67 1974 144 2058 perit.
180 1968 305 2059 Ὀρούω
334 1974 444 2060 potius
475 1973 693 2038 athematico
722 1969 789 2056 ὄρω
818 1987 1038 2061 propagatum
1060 1998 1160 2060 quam

66 2097 112 2160 per
120 2076 280 2140 traducem
298 2067 385 2160 ὀρύαν
403 2097 477 2140 cum
489 2074 658 2161 epenthesi
674 2073 795 2140 vocalis
807 2075 959 2142 boeotica
978 2089 1015 2140 ut
1025 2074 1159 2161 quidam

65 2176 158 2240 volunt
177 2175 288 2263 Epim.
306 2177 333 2240 1.
357 2175 428 2240 146.
451 2176 603 2262 Longius
629 2176 912 2264 circumspectanti
922 2201 1025 2244 unum
1041 2201 1157 2245 occur·

63 2277 95 2338 rit
112 2277 181 2342 huio
203 2277 308 2342 simile
329 2277 474 2364 Κηνουεί
502 2277 570 2343 ἐκεῖ
595 2279 677 2344 Hes.
712 2279 803 2362 quod
827 2301 902 2344 cum
926 2277 1017 2367 κείνῃ
1045 2279 1081 2343 id
1108 2289 1159 2346 est

62 2375 117 2442 ἐκεῖ
143 2389 174 2443 ct
203 2379 316 2446 dorico
344 2385 435 2466 τηνεὶ
460 2377 611 2444 convenit
638 2379 697 2444 sed
726 2379 922 2446 adscribitur
953 2380 1159 2448 Cretensium

62 2477 194 2545 dialecto.
592 2497 597 2504 ’

503 2815 605 2888 ΟΑΡ.
638 2817 699 2890 VI.

56 2989 97 3063 Dc
118 2997 229 3090 ypsilo
259 3007 296 3068 ct
314 2978 340 3069 o
358 2997 460 3091 longo
469 3047 483 3086 ,
521 2997 569 3068 od
591 2998 741 3068 alternum
766 2994 810 3066 (Ic
834 2993 1020 3090 tirterjectu
1045 2994 1156 3095 syll-

530 3117 658 3190 borum.

125 3284 149 3364 ᾗ.
173 3283 203 3346 1.
252 3277 413 3365 Τύμωλος
432 3276 450 3346 ὁ
471 3282 610 3365 Τμῶλος
628 3279 714 3347 κατὰ
733 3275 911 3365 ποιητικὸν
927 3279 1157 3364 σχηματισμόν

53 3376 155 3466 Steph.
200 3382 291 3448 Illud
314 3383 434 3467 legitur
460 3383 495 3446 in
523 3381 627 3448 Anth.
654 3383 715 3448 VI.
742 3382 815 3446 234.
851 3390 884 3445 et
918 3381 1010 3465 apud
1036 3380 1157 3445 latinos

54 3482 216 3568 scriptores
239 3483 369 3548 interim
391 3484 437 3547 sio
460 3483 625 3568 scriptum,
647 3482 776 3548 interim
799 3504 858 3568 per
871 3482 940 3548 iota
955 3506 984 3546 v.
998 3481 1158 3551 Garaton.

54 3583 88 3656 td.
118 3583 187 3652 Cio.
219 3608 283 3674 pro
315 3585 435 3650 Flacco
468 3585 570 3651 XIX.
600 3585 653 3650 49.
687 3576 777 3660 οἶνος
818 3581 1007 3669 Τιμωλίεης
1039 3584 1156 3660 Galen.

52 3684 86 3748 dc
107 3686 202 3754 Suco.
249 3687 351 3752 XIII.
384 3685 456 3750 802.
491 3685 531 3750 Τ.
564 3687 626 3752 VI.
659 3685 720 3748 sed
749 3684 863 3770 paucis
900 3685 1046 3750 versibus
1078 3696 1156 3772 post

53 3789 217 3876 Τμωλλτης
251 3811 333 3872 quo*
350 3785 427 3852 alibi
461 3787 561 3852 utitur
595 3787 636 3850 de
669 3785 785 3850 Antid.
808 3787 850 3851 V.
882 3786 958 3851 429.
990 3787 1031 3852 Τ.
1055 3788 1153 3855 XIV.
1209 3780 1241 3788 '¹

50 3885 116 3952 Hoc
140 3890 220 3974 quia
241 3891 351 3976 plures
378 3887 477 3953 habet
498 3899 530 3953 et
556 3887 756 3971 antiquiores
778 3897 927 3951 auctores
956 3910 1018 3974 pro
1040 3888 1152 3974 primi·

49 3986 104 4053 tivo
125 3990 275 4056 habetur.
319 3991 485 4055 Particula
505 3984 580 4076 ἠΰτε
603 3989 630 4053 si
653 4011 694 4052 ex
714 3986 874 4071 bisyllabc
896 3979 973 4074 ηὖτε
1000 4000 1076 4052 nata
1105 4000 1161 4068 est

48 4110 99 4172 per
120 4091 292 4170 diastasin,
314 4093 357 4156 a'd
378 4090 595 4156 huno-locum
616 4112 682 4154 non
704 4089 862 4176 pertinet,
885 4087 912 4150 si
934 4108 1010 4150 vero
1033 4108 1073 4150 ex
1098 4085 1155 4172 ὅτε

47 4190 105 4255 sive
127 4185 147 4279 ἥ
168 4218 207 4260 τε
217 4193 264 4256 ‘id
281 4205 333 4258 est
354 4192 401 4270 ὥς
421 4218 474 4270 τε,
509 4188 757 4268 πλεονάσαντος
777 4193 836 4257 τοῦ
858 4177 934 4255 out
955 4186 1154 4273 Apollonius

48 4289 117 4356 dicit
137 4295 230 4359 Adv.
252 4295 323 4360 559.
347 4295 398 4360 vel
419 4294 483 4358 huc
504 4291 709 4358 referendum
731 4301 781 4356 est
799 4291 851 4356 vel
876 4289 920 4354 ad
942 4288 1152 4384 proschcma·
