2825 4809
251 259 337 410 W!
422 394 426 402 ,
499 363 506 373 -
602 319 925 388 DISSERTATIO
954 319 1014 388 IV.

237 507 319 584 277,
343 503 394 570 15.
416 526 444 573 a.
461 496 544 580 Ἰλύς
564 503 686 568 tradita
704 502 748 570 τὰ
777 497 1056 592 ύμφιβυλλύμενα
1077 501 1160 570 κατὰ
1180 504 1231 592 τὴν
1249 500 1320 592 τρύ-

237 630 303 696 την
326 602 492 691 συλλαβὴν
513 600 630 686 ἔχοντα
652 603 687 672 ἐν
711 608 753 694 τῇ
777 605 915 693 δευτέρᾳ
939 602 979 670 τὸ
998 593 1060 692 Ji}
1079 602 1119 672 τὸ
1141 593 1165 670 ὐ
1183 602 1234 672 διὰ
1249 595 1321 672 τοῦτ

243 703 313 789 ἔχει
342 702 402 796 τὴν
429 701 575 791 πρώτην.
628 704 824 772 Mutationis
858 704 999 792 duplicis
1031 705 1221 771 mentionem
1247 705 1324 772 habet
1377 733 1378 736 ¹

243 807 324 874 EM.
350 805 422 883 732,
442 805 496 872 26.
518 800 713 892 συβριύζειν
737 799 811 876 ἀντὶ
830 809 889 876 τοῦ
911 804 1103 894 συβαρίζειν
1115 806 1149 874 ἐν
1163 803 1324 892 ὑπερθέσει,

237 909 288 992 ¹de
313 930 380 994 qno
410 930 479 974 uon
504 917 614 994 potest
642 906 784 975 dubitari
816 907 895 994 quin
927 904 1117 994 συβαρίζειν
1147 907 1225 972 sicut
1251 909 1325 974 ceteri

234 1008 410 1097 'acceperit
435 1005 479 1074 τὰ
504 1013 570 1075 τῶν
598 996 796 1095 Συβαριτῶν
830 1013 942 1076 ποιεῖν
982 1019 1015 1074 et
1044 1009 1109 1076 hoe
1136 1009 1229 1075 modo
1254 1009 1326 1074 etiam
1377 1027 1378 1036 ¹

245 1110 486 1198 Aristophanes
511 1109 610 1175 verbo
632 1104 824 1196 συβριυίζειν
849 1109 913 1194 (sic
940 1110 1026 1175 euim
1054 1109 1153 1178 scribi
1177 1111 1240 1176 vtrit
1260 1111 1325 1175 Mei·
1377 1111 1378 1192 ι

239 1212 362 1296 ,σεΙιίιιε
384 1212 496 1278 Anull.
509 1212 596 1295 118.)
620 1211 771 1295 adjunxit
792 1211 856 1277 alia
877 1211 1043 1278 helinandi
1064 1211 1164 1278 verba
1179 1207 1327 1294 ἑστιᾶσθαι
1377 1279 1378 1296 1

245 1325 279 1379 et
299 1312 518 1398 κοτταβίζειν.
560 1312 602 1378 Id
626 1334 703 1379 vero
725 1335 792 1378 uon
814 1335 834 1378 a
855 1313 991 1400 proprie
1014 1309 1163 1399 Σύβαρις
1184 1311 1326 1379 derivatrn

246 1427 311 1492 est,
341 1416 432 1500 quod
454 1414 746 1500 antepenultimam
766 1413 898 1481 brevem
925 1413 1038 1493 habet,
1070 1415 1132 1480 sed
1159 1414 1327 1482 aecmmuui
1377 1427 1378 1470 t

246 1516 338 1601 quod
358 1516 547 1602 Hesychius
572 1517 695 1582 iudicat
713 1509 823 1601 Σύρας
851 1510 1198 1604 πολυτελεῖς-μήποτε
1218 1511 1325 1603 σύβρυς·
1377 1551 1378 1570 ι

245 1613 420 1700 συβρύζειν
440 1615 503 1702 γὰρ
523 1615 562 1685 τὸ
582 1614 805 1702 θρύπτεσθαι
826 1612 885 1680 καί
905 1617 1036 1704 χλιδᾷν.
1077 1617 1157 1682 Hoc
1176 1617 1324 1682 autenad·
1377 1621 1378 1704 ζ

237 1717 396 1802 jectivum
420 1727 454 1782 et
483 1740 558 1783 eum
588 1714 739 1803 σοβαρός
764 1716 919 1803 componi
949 1727 1060 1804 potest
1086 1727 1121 1783 et
1153 1741 1225 1783 cum
1251 1715 1322 1805 τύρβη

244 1820 313 1884 sive
330 1816 432 1906 τύρβη
455 1819 492 1884 id
513 1829 563 1884 est
589 1815 740 1905 θόρυβος
761 1828 894 1883 auctore
915 1819 1033 1884 eodem
1051 1818 1234 1906 Συβριύζει
1252 1823 1326 1902 συβα-

243 1916 386 2007 ρεύεται,
408 1913 663 2005 Συβριυσμόςὸ
689 1918 724 1987 ἐν
745 1912 867 2007 εὐωχίᾳ
889 1918 1049 2008 θόρυβος.

329 2023 358 2104 ξ.
376 2020 407 2084 6.
452 2021 609 2105 Sequitur
640 2030 677 2084 ut
712 2021 754 2084 de
789 2020 982 2088 confusione
1018 2022 1286 2110 &phthongorum
1309 2029 1330 2082 et
1377 2057 1378 2062 κ

150 2126 152 2130 ’
243 2121 406 2188 vocalium
424 2121 553 2208 loquar.
595 2121 718 2188 Procul
745 2143 822 2186 vero
845 2121 973 2188 videtur
993 2124 1090 2190 illud:
1127 2121 1262 2214 Τρύφων
1279 2114 1329 2186 διὸ
1377 2119 1378 2158 ³

244 2228 303 2290 τοῦ
332 2227 457 2306 βαῦνυς
481 2219 650 2309 βάναυσος
679 2221 769 2309 λέγει
798 2221 883 2288 κατὰ
912 2223 1045 2302 πάθες·
1072 2219 1202 2315 ὤφειλε
1228 2215 1331 2308 ysicius
1375 2229 1376 2232 ’

244 2322 340 2409 παρὰ
359 2321 397 2389 τὸ
418 2324 529 2402 ἵππος
540 2321 725 2403 Ἵππασος,
748 2319 841 2409 κριός
862 2323 1029 2411 Κρίασυς,
1060 2325 1150 2394 οὕτω
1179 2319 1330 2408 βσύνασυς·

239 2422 355 2509 γέγονε
387 2422 426 2490 δὲ
463 2421 547 2492 καθ’
589 2418 773 2510 ὑπέρθεσιν
813 2424 901 2492 Gud.
937 2429 1015 2506 104,
1047 2429 1079 2492 4.
1114 2427 1226 2495 Schol.
1254 2423 1330 2498 Dior.

244 2525 401 2590 (δσιιιιιιιι.1
418 2550 452 2612 p.
475 2525 554 2605 655,
582 2526 614 2590 4.
645 2547 706 2591 nee
736 2526 974 2613 probabiliores
1004 2529 1028 2594 ii
1056 2529 1112 2614 qui
1144 2526 1331 2614 compositus

243 2627 358 2702 dieunt
383 2648 424 2692 ex
445 2631 568 2711 βαῦνυς
591 2637 624 2694 et
651 2619 744 2694 σύειν
770 2629 865 2714 quasi
886 2626 1076 2713 βυύναυσυς
1096 2630 1180 2694 ΕΜ.
1204 2629 1276 2705 187,
1296 2627 1333 2692 40.

240 2929 471 3008 Mauritaniae,
493 2929 528 2996 iu
550 2953 617 3015 qua
632 2930 765 2998 Hiobus
787 2943 882 2998 natus
902 2957 932 2999 v.
946 2933 1100 2999 Bcchart
1125 2934 1249 3020 Ganga.
1267 2933 1336 3001 Sacr.

240 3031 319 3115 vn.
355 3031 385 3098 8.
416 3031 605 3116 Hesychius
638 3055 680 3098 ex
714 3033 797 3099 serie
825 3029 947 3112 Είελος
980 3030 1126 3121 εἴλιγγυς
1158 3058 1221 3122 pro
1253 3028 1338 3108 είίιίς

241 3133 374 3218 scripsit
409 3134 604 3200 mendosum
637 3135 805 3221 exemplar
847 3157 999 3221 sequens.
1040 3129 1231 3215 Ἐσείσιυν,
1267 3133 1338 3220 quod

240 3234 331 3320 apud
363 3234 619 3322 Lycophrouem
652 3236 941 3323 antepenultimam
973 3239 1127 3324 longam,
1171 3245 1338 3323 sequentem

241 3335 373 3400 brevem
394 3335 503 3414 habet,
523 3337 627 3403 nihilo
651 3338 758 3402 secius
781 3339 913 3426 saepius
936 3337 1088 3408 ἐπίστιον
1110 3339 1270 3418 scribitur,
1287 3361 1338 3404 nou

239 3438 287 3502 ita
315 3459 417 3525 saepe
445 3435 595 3519 ἕτίσιον,
624 3449 661 3503 ut
691 3439 944 3508 Choeroboseus
967 3441 1064 3527 jubet
1092 3441 1194 3509 Orth.
1222 3440 1295 3517 205,
1315 3439 1336 3502 5.

239 3560 357 3605 verene
381 3561 425 3604 an
444 3538 526 3604 ialso
553 3539 685 3606 decerni
715 3542 829 3626 nequit
858 3543 937 3628 quia
959 3542 1053 3630 origo
1085 3543 1213 3630 ignota.
1254 3543 1336 3607 Prae·
1377 3553 1378 3610 t

239 3651 329 3708 terea
351 3638 465 3709 ε’ττιδεί
486 3664 547 3730 pre
571 3636 690 3729 ε’τειδή
709 3644 854 3729 positum
874 3645 909 3710 iu
930 3647 1032 3714 Inscr.
1053 3643 1227 3724 bcecticis,
1250 3643 1335 3710 athe

236 3743 395 3816 mer-icum
422 3730 589 3822 δείδεντο,
618 3745 710 3828 quod
739 3767 806 3810 uon
836 3767 877 3812 ex
904 3748 1068 3814 communi
1092 3745 1245 3815 δέδεικτυ
1276 3765 1335 3811 eou-

118 3863 122 3871 “
237 3868 368 3914 versum
393 3844 454 3910 sed
475 3867 536 3932 pro
564 3844 702 3914 δέδεντο
724 3847 787 3913 hoc
814 3857 864 3912 est
889 3846 1061 3927 ἐδεξιοῦτο
1086 3849 1211 3915 dictum
1233 3857 1292 3926 est,
1313 3853 1336 3908 et

236 3971 333 4017 nasus
365 3946 606 4035 pronominales
632 3947 779 4024 τοῖςδεσι
806 3957 840 4012 et
864 3945 1009 4028 τυισίδε,
1044 3948 1178 4038 τηνδεδί
1206 3961 1238 4016 et
1261 3942 1337 4036 τηνδὶ

36 4132 37 4139 ρ
235 4048 288 4133 δέ,
310 4071 395 4136 quae
420 4047 566 4136 speciem
586 4050 686 4114 modo
709 4050 912 4129 metathesis,
940 4061 1091 4116 naturam
1111 4051 1272 4117 diversam
1290 4048 1335 4112 ha·

148 4185 153 4192 ·
233 4151 334 4231 baut,
357 4162 524 4238 postremo
557 4149 639 4217 illud
667 4149 703 4215 in
724 4149 1146 4241 ΕΜ.618,11.παρὰτὸ
1179 4150 1272 4238 οίμυι
1295 4143 1336 4214 υί-
1377 4147 1378 4214 ί

114 4314 115 4317 ,
236 4244 422 4338 μώζιι-ἢ
443 4251 482 4321 ἐκ
504 4257 564 4319 τοῦ
584 4246 673 4336 ύίμυι
693 4247 777 4320 καθ’
800 4249 1068 4342 ὖττερβιβασμόν,
1102 4277 1240 4341 quorum
1261 4249 1335 4340 prius
