2825 4809
235 320 311 395 aas
365 392 370 400 ¹
527 307 847 380 massarium
873 312 919 378 11.
963 309 1004 378 P.
1028 312 1055 380 1.

236 494 455 587 ναπτήσιμος,
476 508 555 563 uta
572 496 666 583 θέρω
693 496 865 582 turonos
892 508 931 565 et
953 494 1128 587 Θρήσοματ
1146 496 1316 588 θερμανθή-

236 624 341 685 αομαι
362 601 444 665 Hes.
466 623 487 663 a
506 595 621 685 βᾶλλω
644 596 782 682 (βέλλω)
805 594 1000 684 αύμβαλμα,
1026 600 1151 677 Relatio
1175 593 1194 665 ὃ
1219 596 1318 687 βλητός

237 704 320 767 Hes.
344 711 377 766 et
398 699 557 789 βέβληκα,
579 722 599 765 a
620 698 747 767 στέλλω
769 720 857 777 vero,
881 700 959 785 quia
977 700 1105 768 οκέλοω
1120 699 1228 765 durius
1244 711 1320 764 sonat

236 826 268 869 v.
298 804 341 868 ad
370 801 493 887 Phryn.
523 801 594 868 115.
626 824 729 867 unum
755 796 917 890 ἄσκληκα,
953 797 1140 891 σκλήσομαι
1167 812 1200 867 et
1226 802 1320 866 eodem

238 914 343 970 tractu
365 900 516 991 σκληρός,
539 905 686 992 σκλῆμα,
710 901 828 989 quibus
851 902 964 969 similis
985 902 1157 969 verborum
1175 903 1322 968 latinomm

195 1080 205 1101 Ι
241 1006 414 1072 declinatio
435 1026 529 1072 cerno
550 1009 644 1082 crevi,
667 1025 782 1090 sperno
803 1008 925 1088 sprevi,
949 1017 1016 1072 tero
1040 1007 1124 1071 trivi.
1165 1003 1247 1069 Hinc
1267 1004 1322 1069 cffi-

200 1193 206 1197 .
240 1108 323 1174 citur
345 1104 478 1194 ἔκρησα,
500 1104 664 1195 κέκρημαι
686 1104 791 1171 ethis
821 1115 1042 1171 consentanea
1061 1107 1188 1192 κρᾶμα,
1218 1107 1322 1190 κρᾶσις,

241 1201 370 1297 τᾶκρας,
391 1204 541 1296 adasate,
559 1202 874 1295 αὐτοκρηήςΡτττΙΙ.
885 1209 959 1274 221.
974 1207 1055 1294 fingi
1066 1204 1212 1294 potuisse
1221 1204 1324 1270 etiamsi

241 1307 401 1395 ἐκέρασα,
425 1309 643 1395 κεκέρασμαι,
665 1308 829 1394 κέρασμα,
856 1309 994 1392 κέρασις
1015 1306 1239 1395 (κατάκρηστς)
1259 1328 1323 1369 nuu-

242 1432 340 1496 quam
357 1418 491 1495 recepta
510 1408 663 1485 luissent,
695 1417 729 1473 ct
752 1405 900 1494 ἄπρατα,
928 1406 1121 1494 πέπραμαι,
1144 1410 1258 1490 πρᾶσις
1273 1430 1324 1472 non
1375 1391 1376 1450 Ῠ

243 1533 284 1576 ex
307 1510 469 1595 ἐπέρασα,
492 1508 723 1593 πεπέρασμαι,
745 1511 891 1598 πέρασις
911 1518 1055 1575 coartata
1076 1508 1138 1573 sed
1151 1506 1228 1572 hacc
1241 1530 1324 1593 aper·
1375 1521 1376 1586 j

241 1612 327 1678 teoto
350 1613 442 1695 περῶ
465 1610 608 1675 derivata
625 1631 708 1687 esse,
728 1609 785 1674 illa
805 1633 826 1675 a
845 1609 1070 1697 semiperfecto
1093 1608 1196 1694 πόρω.
1235 1609 1325 1693 Neque

244 1712 304 1779 erit
321 1711 379 1797 qui
402 1706 589 1799 ἑτερογενής
606 1733 648 1776 ex
665 1707 914 1800 ἑτερογνήςοίτο
932 1707 1106 1797 ἑτερόγνης
1117 1708 1247 1794 (Parall.
1255 1710 1321 1794 231.)
1375 1729 1376 1778 ξ

244 1824 351 1881 ortum
371 1812 467 1889 dicat,
490 1812 581 1897 quod
605 1823 637 1877 et
662 1812 789 1878 diversa
810 1813 985 1878 declinatio
996 1810 1152 1899 prohibet
1169 1821 1201 1875 et
1220 1832 1326 1897 compa·

243 1916 326 1982 ratio
349 1914 501 1981 similium
522 1910 667 2000 γνήσιος,
689 1909 870 2000 διόγνητος,
890 1912 1099 2000 κασίγνητος.
1132 1912 1330 1999 Haec-raptim

245 2016 414 2105 pervagati
444 2016 660 2082 consistamus
686 2015 722 2079 in
749 2038 816 2081 uno
844 2014 945 2081 verbo
974 2015 1085 2093 πέλω,
1117 2036 1186 2078 non
1205 2013 1256 2085 illo
1280 2036 1331 2098 quc

244 2129 362 2206 poetae
391 2098 439 2182 u'ti
463 2140 531 2183 non
558 2116 752 2181 destiterunt
780 2116 840 2181 sed
866 2116 1043 2181 thematico
1070 2116 1191 2180 multas
1215 2115 1332 2181 dissim-

243 2221 358 2305 lcsque
386 2218 641 2304 significationes
669 2217 852 2303 complexo.
896 2218 1045 2283 Primum
1076 2210 1152 2285 οἷπὸ
1185 2220 1239 2283 τοῦ
1258 2215 1332 2282 πέλα

245 2320 372 2408 γίνεται
391 2318 478 2386 κατὰ
501 2316 669 2407 ουγκοπὴν
690 2320 767 2385 πλῶ
786 2319 825 2386 τὸ
848 2318 1037 2407 πληρῶκαὶ
1053 2308 1334 2401 ἄταδιπλασιασμῷ
1375 2379 1376 2382 ,

175 2496 180 2503 ς
244 2423 387 2502 πιμπλῶ
408 2420 488 2486 ΕΜ.
512 2420 585 2498 672,
611 2421 661 2484 14.
698 2421 747 2485 At
767 2421 844 2486 πλῶ
865 2419 949 2484 illud
968 2442 1034 2484 vox
1053 2419 1177 2486 ficticia
1195 2429 1257 2495 est3
1275 2440 1335 2503 syn·

244 2544 329 2611 cope
369 2522 506 2587 accessit
545 2544 619 2587 cum
655 2520 839 2587 secretione
878 2521 1075 2608 syllabarum
1111 2520 1338 2587 derivativorum

245 2622 379 2712 πλήθω,
404 2625 547 2711 πλῆθος,
569 2624 696 2710 πλῆμα,
719 2623 909 2711 πέπλημαι,
936 2624 1026 2688 unde
1047 2622 1160 2709 Epim.
1181 2623 1209 2687 I.
1232 2621 1295 2698 149,
1314 2621 1336 2684 3.
1375 2667 1376 2696 ;

246 2736 279 2791 et
299 2723 351 2789 25.
381 2724 500 2809 repetit
522 2723 683 2809 adjectiva
704 2722 849 2808 πλητός,
883 2716 1032 2811 ἄπλητος
1051 2722 1111 2789 aot
1132 2715 1275 2801 ἄπλετος
1293 2720 1337 2787 tat
1375 2725 1376 2732 ’

244 2828 302 2893 τοῦ
331 2812 357 2889 ’τ’
384 2822 471 2889 κατὰ
502 2821 716 2911 σοστολὴνί).
775 2824 925 2910 Simplex
961 2821 1089 2912 πλητός
1120 2822 1269 2910 ignotum
1293 2831 1338 2897 est,

246 2924 337 3009 ἰσχὺς
358 2916 508 3012 ἄπλητος
527 2926 610 2990 Hes.
633 2925 697 2991 Th.
722 2925 794 2991 153.
823 2927 984 2993 incertum
1004 2935 1112 2989 uuum
1135 2926 1339 3004 δαςπέλαοτον

246 3025 408 3113 significet
429 3048 471 3091 an
493 3018 639 3094 ἄπλετον
659 3024 723 3093 hoo
744 3037 804 3106 cst,
822 3028 851 3092 si
866 3026 1071 3112 Hesychium
1093 3026 1254 3104 audimus,
1274 3019 1340 3105 ἀμέ-

245 3152 363 3214 τρητον
384 3116 457 3195 οἷον
480 3118 668 3215 ἄπλεβρον,
703 3151 768 3214 quo
796 3130 963 3195 intellectu
985 3130 1153 3193 Homerus
1178 3125 1213 3207 ’ῖς
1240 3123 1342 3194 ciuile-
1375 3199 1376 3202 Ἴ

244 3234 331 3313 deoc
360 3228 443 3291 dixit
469 3250 529 3313 pro
558 3220 717 3316 ἄμετρος,
742 3231 852 3320 πολλή
884 3241 922 3295 ut
943 3230 1055 3299 Schol.
1081 3230 1128 3295 ait
1155 3229 1197 3294 Π.
1220 3229 1260 3296 V.
1284 3225 1341 3291 245.

243 3328 312 3393 Pro
336 3319 480 3406 ἄπλετος
500 3328 626 3395 Moeris
648 3341 787 3397 testatur
805 3333 902 3399 attica
924 3332 990 3399 dici
1004 3324 1167 3410 ἄπλατος,
1187 3327 1343 3416 'quodmo-

245 3429 364 3495 nilesto
394 3430 634 3515 praegrandem
663 3434 827 3520 significat
853 3434 888 3500 in
917 3429 1045 3501 Comici
1069 3433 1204 3518 Flagm.
1237 3432 1275 3495 Τ.
1295 3429 1343 3495 IV.

245 3531 319 3596 609.
343 3527 429 3612 ἔχεις
456 3522 610 3600 ἄπλατον
632 3532 668 3600 c'v
689 3542 762 3616 τοῖς
782 3529 846 3602 ὠσὶ
867 3538 1015 3626 κυψέλην
1035 3544 1084 3613 et,
1113 3533 1252 3599 nisime
1273 3530 1344 3605 fallo,

245 3634 281 3699 in
301 3632 402 3699 Rhcs.
424 3631 498 3699 300.
522 3638 665 3721 στρατοῦ
685 3640 793 3725 μῆκος
813 3628 981 3703 ἄπλατον·
1010 3658 1087 3701 nam
1109 3636 1202 3720 quod
1223 3638 1346 3703 Vaterus

246 3734 359 3801 statuit
385 3733 432 3799 sic
461 3734 526 3799 dici
553 3735 590 3801 id
615 3738 708 3823 cujus
734 3760 904 3803 numerum
935 3738 1067 3823 assequi
1094 3760 1241 3824 nequeas
1268 3733 1347 3821 quasi

244 3835 346 3902 menti
364 3834 569 3901 inaccessum
590 3848 622 3903 et
646 3839 849 3927 impervium,
872 3840 1026 3925 equidem
1042 3825 1138 3905 valde
1151 3840 1269 3905 'dubito
1282 3856 1347 3901 num

316 4094 341 4159 l)
355 4086 458 4153 Πλᾶπς
471 4097 499 4145 et
513 4086 624 4158 πλάτας,
643 4106 717 4159 quae
736 4090 893 4163 Hesychius
911 4093 1111 4164 interpretatur
1131 4088 1282 4167 ἄθροισμα,
1300 4091 1348 4145 tor·

244 4184 318 4231 tasse
330 4176 427 4231 dorica
439 4184 504 4231 sunt
515 4194 567 4248 pro
581 4178 675 4244 πλῆπς
686 4174 717 4229 id
730 4184 774 4230 est
786 4180 892 4245 πλῆθος
903 4188 935 4233 ut
946 4168 1003 4250 ἦπς
1012 4170 1081 4249 poti
1093 4178 1161 4234 Hcs.
1172 4180 1250 4250 quod
1258 4174 1347 4232 confir·

244 4268 323 4315 mant
334 4262 464 4333 exempla
476 4261 506 4315 in
517 4261 622 4317 Parall.
638 4263 698 4315 ttt.
713 4261 808 4318 allata.
