2825 4809
218 376 296 449 212
322 441 325 449 ,
529 440 532 445 ,
584 363 903 433 DISSERTATIO
936 365 967 431 1.

215 552 420 635 videtur³⁴).
458 541 733 617 Ἑπταπλασίουα
752 547 1026 618 πολυπλασίονα·
1049 545 1068 617 ό
1092 548 1156 637 γὰρ
1175 547 1264 619 ἑπτά
1282 552 1337 625 tut

207 642 376 741 ’πλήθους
404 644 560 715 τάττεται
587 646 681 716 Suid.
711 672 775 736 quo
804 672 904 717 sensu
929 662 979 718 est
1006 652 1042 717 in
1063 651 1283 740 PlatEpist.
1306 665 1337 720 et

217 755 350 843 saepius
381 752 416 816 in
447 750 562 816 LXX.
589 744 839 836 Ἐννεάκρουσον
878 751 1028 830 πολλοὺς
1069 753 1236 838 κροσσοῦς
1266 751 1338 836 ἔχον

214 860 302 943 'Hes
324 855 483 919 incertum
505 873 570 936 qua
592 852 674 929 fide;
698 852 734 915 in
754 853 826 918 Nic.
852 852 917 919 Th.
946 852 1018 919 781.
1041 852 1209 918 dubitatur
1229 865 1338 919 utrum

219 955 401 1046 οφόνόυλοι
431 950 644 1037 ἑυνεάόεσμοι
666 953 887 1039 significentur
917 952 1010 1019 ἐννέα
1037 955 1174 1037 δεσμοῖς
1203 951 1338 1035 συνεχό-

217 1082 316 1142 μενοι
337 1078 379 1119 an
400 1047 608 1135 πολύδεσμοι
632 1051 686 1119 ἵνα
707 1052 753 1142 μή
778 1048 800 1144 ᾗ
821 1056 898 1140 (ser.
919 1052 974 1121 ἵνα
995 1046 1034 1144 ᾖ)
1057 1051 1337 1144 ἕπιῤῥηματικόν·

219 1156 257 1223 τό
287 1156 350 1243 γάρ
377 1153 470 1221 ἐννέα
492 1150 551 1219 ἐπὶ
573 1150 731 1240 πλήθους
751 1156 913 1223 τέτακται.
958 1156 1339 1244 Πευτηκοντομέσοόμοι

219 1254 421 1341 πολόστεγοι
447 1262 480 1318 et
494 1248 751 1338 Ἕκατόνσεμνον
769 1255 858 1323 πολό
880 1256 966 1343 μέγα
994 1255 1079 1323 Hes.
1108 1256 1168 1322 sed
1187 1280 1253 1344 pro
1277 1257 1339 1323 hoo

217 1369 299 1447 puto
322 1353 529 1425 scribendum
551 1374 623 1419 esse
642 1350 758 1423 ἑκατόν
775 1357 943 1444 (σημαίνει
959 1354 1013 1441 τό)
1033 1353 1150 1439 σεμνόν
1169 1354 1263 1425 πολό
1279 1368 1337 1424 ete.

219 1458 330 1527 schol.
357 1457 397 1521 Π.
426 1455 510 1521 ΧΧ.
540 1455 614 1521 247.
643 1459 720 1543 νηῦς
747 1451 941 1542 ἑκατόζυγος
959 1495 1001 1504 -
1019 1448 1084 1545 ήδη
1112 1450 1171 1525 οῦν
1197 1458 1260 1525 καὶ
1282 1456 1339 1524 ἐπὶ

222 1561 382 1645 Τρτοικιῦν
406 1558 604 1644 τηλικαῦται
633 1548 733 1644 ἦσαν,
758 1551 778 1645 ἢ
803 1555 860 1645 τήν
887 1551 1092 1624 πολόκωπον
1118 1554 1205 1646 (μησί
1232 1568 1268 1623 et
1296 1557 1338 1621 ad

221 1659 289 1727 Od.
310 1657 412 1723 XIX.
436 1657 508 1721 174.
554 1654 666 1745 Κρήτη
692 1653 916 1742 ἑκατόμπολις
936 1654 956 1745 ἦ
977 1656 1107 1735 πολλάς
1126 1654 1252 1739 ἐμουσα
1272 1655 1339 1725 πό-

217 1764 289 1837 λεις
309 1769 347 1825 ut
365 1757 468 1825 Diod.
492 1758 520 1822 I.
542 1757 595 1822 45.
643 1755 754 1845 Θήβας
776 1753 1029 1842 ἓκατομπόλους
1050 1751 1257 1842 ὠνομάσθαι
1277 1784 1338 1823 κα-

218 1859 368 1947 θαπερεὶ
398 1853 688 1942 πολυπόλουςλὸ).
745 1857 802 1924 Sic
836 1862 959 1925 centies.
993 1858 1111 1923 dieitur
1151 1859 1340 1943 vermisque

218 1963 372 2049 multipes
396 1980 484 2025 nuno
502 1963 636 2041 centipes
657 1980 743 2024 nune
763 1962 915 2041 mittente,
939 1958 1060 2026 Graeci
1080 1982 1159 2025 vero
1181 1969 1339 2026 centenu-

218 2065 303 2130 rium
324 2084 493 2128 numerum
510 2082 577 2125 non
597 2060 816 2147 egrediuntur,
837 2083 914 2125 num
929 2071 1099 2128 tercentum
1117 2072 1149 2125 et
1166 2066 1342 2128 sexcenties

104 2172 108 2177 ’
219 2164 357 2253 propria
391 2172 465 2227 sunt
485 2161 680 2226 Latinorum
704 2183 742 2225 ao
762 2160 789 2225 si
814 2157 974 2247 χιλιόμβη
997 2161 1082 2226 siout
1101 2156 1276 2250 ἑκατόμβη
1302 2162 1344 2226 de

219 2266 335 2351 quovis
359 2262 515 2352 ampliore
538 2261 696 2327 sacrificio
722 2262 928 2339 dictumest,
955 2261 1237 2358 adparohaismum
1261 2285 1344 2348 per·
1389 2302 1390 2343 g

219 2368 301 2431 tinet
324 2375 361 2430 ut
391 2368 566 2439 tetrarcha,
597 2366 768 2429 centumvir
793 2372 853 2428 eto.
880 2362 958 2428 item
983 2363 1012 2427 si
1033 2362 1199 2429 Cerberus
1218 2358 1345 2447 μυριό-
1389 2348 1390 2352 “

219 2492 340 2550 κρανος
362 2475 514 2542 vocatur,
535 2487 603 2529 non
626 2488 646 2528 a
665 2458 779 2548 μύριοι
801 2464 1019 2549 compositum
1041 2476 1092 2530 est
1109 2466 1169 2529 sed
1187 2488 1209 2528 ο
1221 2462 1347 2550 μυρίοι

217 2579 254 2632 ut
275 2560 478 2652 μυριόόοξος
507 2574 568 2629 ete.
615 2564 902 2649 Praepositionum
932 2564 961 2628 si
989 2588 1075 2650 quae
1104 2564 1346 2649 adjectivorum

217 2670 284 2735 vim
306 2677 428 2751 augent
453 2676 485 2729 et
505 2664 679 2729 intendunt
702 2676 740 2729 ut
766 2660 955 2752 ἀνάπηρος,
986 2663 1183 2752 όιάπικρος,
1215 2663 1347 2748 ἔκλαμ-

218 2792 321 2855 προς,
345 2760 575 2853 κατάψυχρος,
599 2763 823 2853 περίκομψος,
846 2787 913 2830 non
935 2767 1076 2832 alienam
1105 2766 1168 2831 sibi
1188 2776 1346 2853 potesta-

220 2881 286 2936 tem
313 2868 454 2933 induunt
486 2866 546 2931 sed
575 2888 668 2931 suem
694 2865 850 2942 retinent3
876 2888 984 2951 neque
1013 2867 1120 2931 minus
1140 2859 1212 2933 άπό
1240 2876 1278 2930 et
1300 2865 1346 2944 ἐξ,

219 2972 248 3037 si
277 2994 351 3037 oum
380 2968 480 3054 alpha
510 2968 667 3054 privativo
698 2966 888 3031 commutari
920 2977 1061 3053 possunt
1090 2977 1127 3031 ut
1158 2960 1347 3049 άπότιμος,

220 3069 382 3153 ἐξαίσιος,
413 3068 505 3154 quod
534 3064 687 3145 ἀναίσιος
715 3067 779 3132 dici
807 3077 938 3154 poterut
958 3068 1018 3133 sed
1038 3090 1106 3132 non
1126 3066 1260 3131 libitum
1285 3076 1347 3131 est

288 3288 334 3359 34)
344 3287 401 3343 Alii
411 3288 532 3342 fortusse
544 3289 582 3340 ad
590 3284 697 3341 numeri
710 3285 863 3358 septenarii
872 3286 1047 3340 sanctitatem
1056 3292 1212 3341 traxerunt
1233 3284 1350 3338 Phere-

220 3372 297 3445 cydis
312 3370 470 3440 (subditivi)
484 3371 566 3437 liber,
583 3370 612 3425 in
625 3388 680 3442 quo
695 3372 796 3424 erebra
806 3369 860 3425 tuit
871 3370 976 3426 mentio
987 3368 1088 3443 μόχων
1098 3374 1146 3425 καὶ
1158 3365 1284 3441 ἄντρων,
1305 3368 1349 3421 in-

222 3456 342 3529 scriptus
360 3465 401 3510 est
414 3452 588 3527 Ἑτττόμυχος
604 3450 620 3523 ἢ
637 3460 788 3526 σεοκρατία
806 3456 842 3508 ob
860 3454 1040 3528 nescioquas
1057 3454 1180 3509 rationes
1197 3453 1350 3525 mysticas.

219 3540 276 3595 Pro
291 3535 505 3611 Ἐκμαχατεόειν
525 3544 717 3609 ἐγκεκλεῖσθαι
737 3537 815 3610 παρά
837 3545 943 3610 γείτονι
965 3541 1033 3595 Hes.
1055 3540 1237 3595 scribendum
1256 3537 1351 3592 fuerit

217 3620 424 3699 ἕνμυχατεόειν.

289 3710 335 3777 35)
347 3709 497 3781 Euripides
509 3712 614 3765 Bacch.
626 3711 686 3763 tot.
698 3702 802 3781 Πάρος
812 3705 848 3777 ἣν
860 3705 1038 3778 ἑκατόστομοι
1053 3700 1195 3779 βαρβάρου
1210 3708 1352 3778 ποταμοῦ

148 3849 160 3873 Ι
219 3798 285 3871 ῥοαὶ
303 3798 484 3866 καρπίζουσιν
500 3790 636 3869 ἄνομβροι
649 3795 771 3849 fortasse
783 3794 908 3849 fabulum
920 3794 957 3847 de
969 3794 1060 3864 Iuopo
1075 3791 1136 3847 rivo
1148 3789 1208 3845 Nili
1224 3790 1352 3847 effluvio

219 3899 247 3934 v.
261 3880 367 3935 Potter.
385 3882 423 3933 ad
439 3881 506 3952 Lyo.
521 3883 580 3937 575.
606 3880 728 3935 Siebelis
747 3882 784 3934 ad
799 3878 1012 3949 Paus.11.,s‚2.
1031 3878 1068 3931 ab
1086 3876 1177 3931 insula
1193 3876 1268 3931 Delo
1290 3876 1353 3929 Pa·

218 3968 306 4037 phum
323 3965 447 4021 traduxit
465 3974 551 4036 atque
570 3982 656 4019 unum
676 3983 691 4019 e
711 3963 796 4035 Cypri
814 3963 941 4018 sontibus
959 3960 1098 4032 originem
1117 3960 1215 4016 eNilo
1233 3962 1352 4015 habere

219 4050 359 4117 credidit,
384 4068 467 4123 quem
492 4051 558 4123 quia
581 4050 682 4103 mulus
706 4048 877 4121 propagines
900 4049 1007 4103 habere
1030 4045 1168 4102 creditum
1192 4054 1237 4099 est
1259 4044 1355 4101 licuit

172 4208 179 4217 ῃ
220 4134 378 4191 ceutissuum
398 4136 550 4209 appellare.
580 4136 616 4189 cf.
635 4133 735 4203 Engel.
754 4134 866 4204 Kypros
889 4152 918 4207 p.
935 4135 991 4188 lto.
1022 4131 1141 4186 Centum
1160 4134 1290 4191 πίῦιικας
1312 4133 1354 4183 do

218 4219 291 4273 colle
304 4220 465 4291 Aegaeonis
484 4222 656 4293 profluentes
674 4225 812 4272 memorat
828 4216 940 4274 Arriun.
960 4233 1006 4288 ap.
1019 4216 1097 4269 Eunt.
1112 4217 1169 4280 12³,
1182 4216 1225 4269 to.
1239 4212 1357 4270 ἑκατὸν

217 4296 321 4375 κρήνας
337 4301 458 4383 Εὐρώπη
476 4309 651 4379 μισγομένας
669 4296 855 4359 Callimachus
873 4303 939 4357 Sch.
952 4301 986 4355 Il.
1000 4298 1078 4354 XVI.
1091 4300 1153 4354 234.
