2825 4809
271 375 346 454 518
564 371 944 448 'mssuarrrro
974 379 1035 448 lv.
1132 365 1133 368 ‘

269 565 339 630 vari
357 565 465 652 potuit
485 554 585 651 ῦοροι
607 573 640 630 et
660 565 897 654 metaplastum,
921 577 957 631 ut
978 567 1083 651 ajunt,
1105 557 1193 650 ῦορες
1210 567 1263 633 sive
1276 562 1333 656 δρες

269 669 373 753 idque
403 665 613 732 conlimatur
642 689 824 752 synonymo
858 662 1019 753 συνάορος
1034 668 1109 752 ¹²),
1141 665 1250 753 inquo
1276 671 1334 738 duae

270 768 419 854 ejusdem
437 766 609 872 prr-testatis
629 767 811 855 particulae
829 780 1050 834 convenerunt
1070 777 1107 833 ut
1126 767 1158 832 in
1175 766 1334 852 οννόμεονος.

271 869 341 938 Sed
371 869 448 955 quia
477 895 496 937 ο
522 891 655 955 qnoque
684 869 751 935 vim
780 870 998 957 copulativam
1026 869 1139 946 habet,
1165 869 1236 934 nihil
1259 871 1337 938 obstet

269 971 445 1058 quominus
460 962 562 1058 ῦαρες
578 994 619 1037 ex
635 971 700 1037 hoe
719 982 751 1038 et
770 971 944 1038 thematico
966 966 1039 1060 δι’ρω
1058 980 1199 1038 constare
1215 983 1337 1057 putemus.
1377 973 1378 982 ’

271 1072 450 1158 Quumque
472 1064 573 1159 δἀρες
595 1073 727 1160 saepius
755 1074 900 1159 legatur,
931 1069 1030 1159 ῦορες
1053 1073 1168 1150 semel,
1196 1073 1338 1140 credibilius
1377 1087 1378 1160 1

270 1185 322 1242 est
349 1174 413 1241 hoc
441 1197 483 1240 ex
509 1174 566 1240 illo
596 1174 743 1242 extitisse
772 1198 870 1261 quam
899 1187 1021 1241 contra.
1069 1176 1138 1242 Pro
1163 1184 1240 1240 certo
1263 1185 1337 1241 tanen
1377 1191 1378 1264 j

268 1287 420 1342 neutrum
441 1274 554 1342 haberi
576 1287 686 1363 potest
709 1277 786 1363 quia
809 1277 1056 1356 vocabulorum,
1081 1299 1164 1363 quae
1185 1300 1249 1343 cum
1267 1301 1338 1364 copu-

268 1379 367 1444 lative
389 1367 415 1445 α
434 1378 486 1444 vel
503 1365 530 1446 o
549 1380 724 1464 conjuncta
750 1387 840 1457 sunt,
867 1379 993 1444 nullum
1019 1379 1071 1443 his
1101 1379 1200 1444 simile
1222 1380 1340 1466 repen'tur
1377 1455 1378 1460 ρ

267 1479 444 1566 ipsumque
466 1471 567 1565 ῦορες
588 1479 688 1566 alpha
710 1481 846 1567 longum
871 1480 972 1546 habet
998 1503 1036 1546 ac
1063 1480 1199 1546 fortasse
1224 1503 1259 1546 ne
1281 1483 1340 1546 iden
1377 1519 1378 1552 ι

270 1583 403 1669 quidem
428 1580 570 1648 declarat
597 1582 687 1666 quod
712 1575 820 1670 ῦαρες.
865 1583 999 1651 Vocalis
1025 1593 1059 1647 et
1086 1581 1268 1670 diphthongi
1286 1605 1339 1648 eor·

268 1683 375 1749 versio
397 1683 561 1749 indicatur
583 1682 624 1748 ab
646 1683 727 1750 EM.
749 1683 827 1761 261,
849 1683 902 1749 26.
925 1684 1058 1770 λέγεται
1081 1683 1174 1773 δείλη
1196 1683 1248 1749 καὶ
1265 1684 1340 1770 daila
1377 1681 1378 1740 l

221 1811 224 1815 ²
268 1784 328 1852 καὶ
350 1784 476 1872 δεείλη,
504 1806 642 1870 quorum
663 1785 805 1871 primum
831 1781 982 1851 omnibus
1007 1794 1141 1863 notum,
1169 1785 1284 1850 alterurn
1299 1781 1342 1846 ad·
1377 1811 1378 1866 j

263 1887 386 1976 jectivo
406 1885 534 1967 δείελος
554 1888 763 1971 conjunctum
780 1897 831 1952 est
838 1911 847 1964 3
869 1885 978 1974 δεείλη
999 1885 1120 1971 siquis
1141 1885 1228 1964 dixit,
1247 1884 1341 1948 disrari

268 2011 348 2054 usus
371 1999 505 2074 estque
525 1987 695 2067 ττετεεινός
716 1989 826 2054 crevit.
872 1988 904 2054 Ο
924 1986 1050 2054 micton
1073 2009 1149 2052 cum
1171 1986 1264 2074 epsilo
1283 2007 1343 2050 con·
1377 1975 1378 1984 ¹

268 2093 387 2158 mutari
413 2091 592 2156 affirmatur
614 2099 806 2177 argumento
834 2089 1006 2177 ambiguo:
1032 2087 1075 2155 τὰ
1098 2086 1201 2156 πεδία
1222 2090 1343 2152 λωτοῦντα

268 2187 355 2260 καθ’
376 2188 634 2280 δττερβιβασμδν
657 2187 726 2260 δτπδ
754 2193 813 2258 τοῦ
839 2191 1004 2258 λωτδεντα
1026 2187 1194 2257 λωτέοντα
1219 2187 1270 2255 καὶ
1286 2184 1344 2251 κατὰ
1377 2179 1378 2194 ’

267 2299 386 2381 κρᾶσιν
409 2292 554 2382 δωρικῆν
579 2288 600 2381 ἢ
630 2290 785 2382 clottario
809 2295 975 2360 leoteriam
1004 2287 1116 2375 ὥςπερ
1140 2284 1289 2378 Ἐρέβευς·
1307 2285 1345 2351 ἐὰν

267 2396 331 2481 γὰρ
355 2392 427 2460 eiad
449 2399 509 2460 τοῦ
530 2390 696 2460 tractam
720 2389 981 2477 adornaretur),
1006 2393 1175 2457 λωτοῦντα
1198 2382 1274 2470 εἶχεν
1290 2379 1346 2453 εἶναι

267 2494 434 2562 Choerob.
457 2493 540 2560 Can.
561 2493 635 2573 395,
657 2495 710 2560 22.
734 2494 813 2561 ΕΜ.
835 2493 915 2572 571,
937 2495 968 2559 2.
997 2493 1153 2578 idemque
1176 2490 1300 2556 sensisse
1314 2487 1346 2549 ri·

268 2597 364 2663 detur
385 2595 583 2663 Plutarchus
611 2596 652 2661 de
678 2595 779 2662 Poes.
803 2597 904 2660 Hom.
927 2595 974 2661 ΙΙ.
999 2595 1050 2660 12.
1076 2593 1136 2658 ubi
1167 2587 1347 2678 synaloephae

268 2701 419 2787 exempla
443 2708 612 2766 enumerat
637 2689 781 2778 τοῦττος,
811 2694 1011 2782 θοιμάτιον,
1037 2697 1203 2760 λωτοῦντα
1228 2687 1291 2760 ἀντὶ
1309 2692 1347 2755 τοῦ

266 2799 453 2868 λωτεδοντα
475 2800 571 2867 scrib.
591 2801 767 2878 λιοτέοντα,
788 2799 877 2864 unde
899 2800 1064 2864 λωτοῦντα
1089 2793 1238 2860 contrahi
1256 2801 1350 2880 poterat

225 2967 230 2976 ,
266 2910 304 2966 ut
330 2904 511 2980 καλεῦντες.
564 2901 633 2968 Sed
663 2912 696 2966 et
724 2902 836 2969 λωτέω
868 2897 1072 2986 incognitum
1103 2907 1155 2962 est
1181 2905 1216 2990 ¹et
1241 2895 1277 2960 ab
1302 2891 1352 2988 alh

266 3005 451 3093 plantarum
467 3001 664 3081 nominibus,
679 2998 819 3088 μῦρτος,
836 2997 967 3080 κισσός,
986 2996 1085 3087 ῥόδον
1102 3009 1165 3064 etc.
1181 2995 1273 3062 verba
1285 2995 1312 3058 in
1323 3018 1352 3059 ur

266 3105 419 3172 exeuntia
444 3105 533 3171 nulla
559 3115 650 3181 sunt;
684 3125 723 3169 ac
749 3128 791 3170 ne
818 3115 906 3170 certa
933 3102 1066 3189 quidem
1096 3101 1273 3186 seriptura3
1300 3116 1352 3158 nau

265 3207 476 3272 Aristarchus
499 3231 518 3272 e
541 3205 678 3271 Massal.
705 3205 831 3292 recepit
855 3208 1039 3283 λωτοῦντα,
1068 3204 1161 3288 quod
1184 3225 1249 3267 non
1268 3198 1354 3264 dubito

268 3307 348 3394 quin
373 3330 414 3375 ex
437 3304 601 3374 λωτόεντα
631 3317 833 3372 contractum
860 3329 933 3372 esse
960 3305 1108 3371 statuerit
1137 3305 1201 3369 etsi
1222 3305 1352 3368 Homerus

259 3409 428 3495 xadjectiva
453 3407 488 3472 in
510 3394 583 3485 δεῖς·
606 3409 798 3475 contrahere
821 3431 888 3474 non
916 3408 1000 3473 solet
1028 3406 1087 3472 sed
1110 3407 1214 3471 modo
1242 3427 1276 3469 ea
1294 3421 1354 3486 quae

264 3512 300 3576 in
320 3498 535 3597 Her—§exeunt
555 3519 593 3575 ut
613 3513 772 3598 τιμῆντα,
794 3512 846 3576 eui
869 3521 1124 3577 consentaneum
1147 3519 1218 3574 erat
1238 3508 1353 3590 λιοτῦντα

266 3616 393 3692 dicere3
419 3613 590 3679 Hesiodus
615 3635 717 3676 unum
740 3615 906 3694 Σιμοῦντα
927 3613 1058 3699 Theog.
1076 3611 1152 3677 342.
1182 3608 1270 3695 quod
1292 3606 1355 3667 Her·

264 3739 403 3784 mannus
423 3715 580 3781 dissolvit
619 3715 687 3779 Pro
706 3711 839 3799 κύματα
858 3709 1045 3803 τροφόεντα
1063 3709 1352 3780 11.XV.621.11011-

263 3820 345 3888 nulli
367 3827 550 3908 posuerunt
571 3814 780 3902 participium
800 3815 891 3880 verbi
912 3813 1057 3904 τροφέα.
1081 3853 1122 3862 --
1150 3812 1266 3878 Trium
1284 3826 1356 3872 voca·

335 4076 381 4144 11)
401 4075 435 4128 In
454 4071 635 4128 Perclsus.
656 4070 742 4124 allata
762 4078 826 4124 sunt
845 4069 958 4126 nomina
983 4068 1134 4140 conjugum
1154 4074 1185 4122 et
1205 4070 1354 4136 cognatarum

264 4155 376 4232 συνδωρ
398 4169 428 4214 et
449 4161 533 4234 ἓορες.
567 4157 643 4212 Huic
668 4154 757 4209 simile
781 4155 938 4227 perfectum
956 4153 1115 4226 Hesychius
1138 4151 1258 4208 exhibet
1271 4143 1356 4218 Ἔορτα

264 4247 342 4306 ἔδοξε
356 4251 502 4318 κρέμαται,
515 4244 594 4316 cujus
606 4243 696 4297 altera
708 4239 903 4314 interpretatio
917 4240 1048 4313 congruit
1061 4257 1124 4296 cum
1134 4233 1228 4314 ἄωρτο
1240 4237 1356 4307 ἐκρέματο,

261 4329 355 4384 altera
373 4347 435 4385 eum
451 4327 547 4406 ῦρηρε.
