2825 4809
239 329 314 417 30⁰
534 315 854 389 nrssnurlrro
878 319 925 389 11.
968 319 1009 386 r.
1030 319 1059 385 1.

237 518 356 598 poetae
365 506 511 594 Augusti
526 506 729 594 temporibus
745 504 909 590 subjuncti
924 505 994 571 sine
1010 503 1219 596 controversie
1231 502 1315 572 διπλί

237 619 442 700 usurparunt
459 607 559 696 ulpho
581 618 748 695 eorrepto‚
777 606 895 693 hisque
918 629 1078 696 suppares
1100 606 1259 693 scriptores
1278 607 1316 672 δι-

238 706 404 793 πλότερον
422 718 456 774 et
474 704 652 776 διόδιπλα.
696 708 801 791 Quod
816 729 893 774 vero
909 708 1102 777 Soheeierus
1114 707 1216 773 Praei.
1228 707 1317 793 Apoll.

239 834 273 898 p.
294 811 375 878 XV.
405 809 457 875 his
484 807 634 894 adjungit
660 809 892 896 superlativum
922 803 1126 889 ἆπλόσοτον,
1156 807 1190 872 id
1214 807 1319 874 minime
1366 802 1375 895 1

238 911 397 979 evincitur
428 934 470 978 ex
498 910 620 976 Zosimi
654 911 887 997 epigrammate
919 908 1021 976 Anth.
1048 909 1109 976 VI.
1139 907 1206 973 186.
1236 906 1320 992 βριδδ
1374 923 1375 956 ³

238 1012 301 1098 μὲν
320 1007 495 1099 ολγραόλων
516 1012 648 1079 δίκννον
670 1004 794 1078 brisso
816 1013 933 1097 θηρῶν
954 1014 1081 1094 Δᾶμις,
1106 1003 1277 1077 ἆπλόιασον
1294 1003 1319 1072 δ’
1367 1025 1375 1061 ι

240 1108 296 1181 ἄλλ
324 1115 423 1180 τοῦτο
452 1109 660 1199 μιτορραφὲς
688 1106 941 1200 ἀμφίβληστρον
970 1110 1127 1196 Κλείτωρ.
1179 1111 1255 1175 Nem
1276 1131 1321 1194 pro
1373 1120 1375 1158 ³

239 1214 296 1280 illo
319 1213 495 1298 adjectivo,
524 1211 614 1298 quod
642 1233 717 1278 eum
742 1211 850 1278 dativo
875 1207 931 1278 ἁλί
952 1233 1067 1298 perum
1095 1219 1169 1296 epte
1190 1204 1321 1286 oohaeiet,
1374 1239 1375 1260 2

240 1308 449 1382 scribendum
474 1313 602 1378 videtur
629 1308 787 1381 ἆπλωτόν
812 1322 849 1377 ut
876 1313 910 1376 in
933 1312 976 1378 L.
999 1313 1060 1381 VI.
1085 1311 1156 1376 167.
1181 1309 1322 1378 δίκνναίν
1374 1339 1375 1358 ³

240 1415 376 1505 ῥοθίοις
407 1409 612 1496 όπλοόμονα.
652 1408 830 1500 Ι(Απλότρς
861 1413 1030 1498 antiquum
1060 1422 1111 1478 est
1140 1421 1172 1476 et
1199 1411 1321 1487 uttioum3
1374 1426 1375 1462 i

240 1525 430 1604 suspectum
448 1537 526 1580 vero
548 1510 701 1598 ἀθρόπης
722 1535 783 1600 pro
808 1509 995 1601 ἇδροόσης,
1020 1533 1207 1599 quanquam
1224 1533 1261 1578 ne
1276 1511 1322 1578 hoo

240 1619 374 1705 quidem
395 1627 446 1682 sut
465 1637 582 1702 graves
602 1613 704 1679 habet
722 1625 891 1690 auctores3
914 1635 1013 1679 ouusn
1034 1623 1144 1679 autem
1163 1613 1322 1678 diversitatis

239 1721 350 1809 positu
377 1718 412 1782 in
437 1717 629 1804 primitivis;
660 1738 743 1788 num
767 1711 896 1794 ἁπλόος
912 1715 1023 1800 vulgo
1053 1736 1122 1779 non
1154 1713 1257 1780 dieitur
1277 1713 1321 1780 sed
1374 1759 1375 1784 ι

240 1818 389 1900 ἁπλοῦς,
420 1815 550 1907 ἀθρόος
578 1840 655 1883 vero
685 1817 787 1882 multo
815 1815 985 1904 probatius
1013 1817 1065 1881 'est
1093 1839 1191 1902 quam
1216 1812 1323 1903 όδρολς,
1374 1831 1375 1870 t

239 1913 413 2006 manetque
433 1921 467 1984 in
485 1919 668 2006 composito
685 1913 906 2004 όθροοποσία
921 1917 1014 1983 Med.
1025 1919 1140 2004 Mosq.
1155 1943 1187 2005 p.
1200 1917 1244 1983 78.
1258 1915 1325 2003 quod
1374 1936 1375 1973 1

240 2024 276 2088 in
296 2022 399 2088 Thes.
420 2022 586 2098 omissum,
609 2018 668 2085 sed
690 2019 755 2084 aliu
777 2017 948 2083 sumuntur
968 2019 1009 2085 ab
1030 2020 1097 2098 illo,
1121 2013 1324 2096 ἁπλοποίδεια,
1374 2047 1375 2076 1

241 2121 437 2206 διπλόθριξ.
466 2123 593 2187 Eadem
608 2131 659 2186 est
675 2120 717 2184 de
733 2121 848 2206 δίαρος
863 2120 931 2184 sive
947 2115 1064 2205 δικρός
1078 2118 1325 2202 controversiam

240 2247 317 2289 nam
344 2223 432 2286 idem
456 2218 592 2306 δικρόος
617 2231 651 2286 et
678 2223 813 2306 δικροίις
838 2219 989 2286 scribitur
1014 2221 1116 2307 idque
1140 2222 1194 2286 ulii
1216 2220 1326 2306 simplex
1374 2269 1375 2280 .

241 2346 314 2390 esse
335 2332 453 2409 putant
471 2331 509 2384 ut
531 2323 685 2398 oratorie,
713 2321 768 2385 elii
794 2321 1012 2409 compositum
1032 2322 1084 2388 vel
1105 2345 1181 2389 oum
1202 2318 1289 2406 κόρος
1302 2318 1327 2384 id
1374 2347 1375 2358 ι

241 2434 292 2490 est
312 2419 436 2499 κλάδος
455 2422 507 2487 vel
528 2443 602 2486 oum
618 2421 719 2488 verbo
735 2419 825 2507 κρόω
843 2423 890 2488 sic
906 2433 944 2486 ut
958 2422 1113 2510 δίκροσος
1134 2447 1164 2489 v.
1178 2422 1219 2488 ud
1230 2422 1327 2506 Phryn.
1374 2457 1375 2479 ;

239 2526 314 2591 233.
343 2523 464 2588 Purull.
485 2523 539 2587 42.
584 2522 682 2590 Clara
710 2544 786 2588 vero
818 2533 850 2588 et
878 2524 1011 2590 evidens
1042 2535 1092 2590 est
1120 2545 1260 2610 syncope
1283 2543 1328 2586 no·
1374 2521 1375 2580 ἕ

239 2626 373 2701 minum,
396 2622 515 2708 quibus
537 2645 642 2689 sermo
664 2623 806 2690 novitius
827 2623 1021 2690 oiroumfluit
1040 2619 1134 2712 κόρις
1153 2649 1212 2713 pro
1231 2621 1328 2709 κύριος,
1374 2647 1375 2680 1

239 2721 399 2802 Διονίσις
420 2735 479 2789 eto.
506 2747 537 2789 v.
558 2725 661 2790 Proll.
683 2724 757 2790 501.
772 2725 804 2809 8)
849 2723 935 2789 (lum
957 2718 1107 2813 όδρόσης
1130 2725 1330 2792 communitate
1374 2745 1375 2784 1

242 2825 338 2891 sortis
355 2826 506 2909 junotum
529 2834 585 2888 -est
611 2818 822 2912 ἆκαθοίρτης,
857 2825 947 2910 quod
976 2825 1012 2888 in
1039 2847 1105 2890 uno
1135 2823 1330 2913 Apoealypsis
1374 2869 1375 2882 .

240 2926 314 2990 loeo
342 2925 463 3010 legitur
491 2946 557 2989 non
586 2923 764 2990 abhorrens
794 2931 824 2990 α’
842 2936 950 2992 σείετο
977 2925 1075 3012 hujus
1103 2927 1179 2993 libri
1210 2922 1330 2992 barbarie
1374 2931 1375 2983 l

241 3026 301 3091 sed
322 3049 343 3090 ο
356 3025 571 3092 Griesbaehio
595 3025 776 3093 correctum
797 3038 847 3094 est
868 3025 1048 3094 seeundum
1069 3029 1168 3094 oodd.
1188 3027 1330 3114 quosdam.
1374 3077 1375 3080 .

241 3125 280 3191 Si
300 3127 414 3210 regule
431 3127 582 3192 'veritatis
609 3127 651 3192 ab
676 3149 740 3193 usu
762 3129 956 3216 scriptorum
980 3127 1277 3216 probatissimorum
1294 3147 1332 3190 re·
1374 3147 1375 3184 ι

241 3226 384 3310 petendu
413 3237 478 3303 est,
513 3224 677 3313 σκόροδον
708 3230 827 3316 integri
858 3253 977 3296 nomen
1007 3229 1184 3308 obtinebit,
1217 3224 1332 3314 σκόρδον
1374 3247 1375 3284 ι

310 3467 339 3534 7)
358 3465 389 3519 Si
405 3466 518 3548 integra
536 3477 579 3523 est
597 3470 713 3524 Arcadii
732 3471 832 3542 regula
850 3492 878 3544 p.
893 3473 933 3526 74.
954 3471 986 3527 roi
1008 3477 1047 3534 εἰς
1064 3463 1116 3546 bb}
1132 3467 1277 3540 δισύλλαβα
1292 3464 1332 3521 iul

241 3548 396 3622 συμφώνου
416 3551 558 3626 ἀρχόμενα
579 3557 669 3623 (adde
688 3557 787 3627 ἔχοντα
808 3556 862 3628 πρὸ
881 3561 930 3614 τοῦ
942 3548 972 3634 ρ
984 3559 1013 3616 τὸ
1025 3549 1066 3630 ἶ)
1089 3555 1226 3630 ὀξύνεται,
1250 3557 1292 3610 illa
1307 3553 1333 3604 dt

241 3643 360 3689 noeentu
378 3637 516 3692 dubit-etio
536 3639 675 3695 eximitur.

248 3775 253 3784 .
309 3737 338 3803 8)
353 3736 409 3792 Hie
429 3739 520 3795 allatis
540 3741 630 3796 simile
650 3748 695 3797 est
710 3741 886 3818 Μαρόδωνις
904 3763 958 3816 pro
974 3743 1169 3818 Μαραθώνιος
1186 3744 1297 3816 positum
1313 3738 1334 3790 ln

240 3821 328 3875 Antb.
337 3821 401 3876 VII.
412 3825 472 3878 340.
486 3829 562 3896 quod
573 3828 652 3881 varie
664 3836 798 3894 tentatur,
811 3837 840 3884 et
853 3836 953 3903 σμερίν
969 3828 983 3884 t
1000 3832 1074 3886 ἔστιν
1092 3825 1167 3892 εἶδος
1183 3831 1333 3891 κοπτομένον

241 3908 323 3985 λίθου
340 3910 379 3968 εἷς
394 3907 484 3978 κοπὴν
499 3916 546 3964 καλ
561 3911 685 3988 πρισμόν
701 3912 854 3989 μαρμάρου
870 3916 990 3986 Gregor.
1001 3915 1029 3970 ln
1038 3917 1172 3971 Rhetorr.
1185 3917 1234 3971 Gr.
1247 3907 1334 3966 ΤινῙῙ·

243 3991 318 4046 1126.
332 4010 388 4062 quo
408 3993 581 4064 significatur
598 4006 719 4073 σμηρίον
734 4001 793 4054 sive
812 4006 920 4072 σμορίς.
951 3999 1102 4074 Δακρὺδην
1119 4003 1271 4071 σκαμονέας
1285 3986 1336 4050 “wlf

243 4073 338 4129 Sobel.
364 4076 394 4130 in
412 4078 489 4135 Libr.
506 4082 584 4139 Med.
605 4092 670 4138 ante
692 4085 793 4140 Zonsr.
815 4085 920 4140 CXIX.
946 4087 1124 4156 negligenter
1146 4105 1198 4160 pro
1222 4077 1336 4153 δακρόλιί

242 4157 377 4228 seriptum
397 4173 441 4217 est
460 4168 515 4222 hoo
534 4176 627 4224 autem
641 4168 722 4222 videm
743 4172 821 4240 quod
841 4167 992 4245 δακρόδιον
1011 4179 1042 4225 ut
1060 4169 1203 4246 δριδόκιν,
1224 4165 1336 4240 πικρίδλι

242 4239 377 4309 γογγύλον
394 4247 424 4301 in
443 4251 554 4325 Geopp.
