2825 4809
273 321 346 391 tlt
623 306 958 376 alsemannum
990 305 1019 372 Ι.

271 493 440 582 Lycophr.
455 515 517 581 pro
536 487 780 580 ἐπιτάρροθος,
801 488 909 568 πάτος
929 499 963 554 et
983 486 1199 556 σκύνιονΝἶα.
1210 513 1263 576 pro
1281 488 1347 562 cind-

270 620 380 674 παιος
411 595 479 660 aive
510 587 688 681 όφόόενμα
722 601 754 656 et
785 585 993 667 ἐπισκύνιον,
1028 586 1191 672 πληγάόες
1218 594 1346 678 Apolon.

271 691 455 781 όσσόιερος
487 692 636 779 Oppiam.
670 701 703 757 et
736 712 819 776 quac
850 689 1039 776 Hesychius
1076 690 1206 754 servavit
1229 687 1347 772 ’Ἀλξιιιν

271 791 404 877 τειχέων
432 804 466 860 et
491 790 643 879 Κόρσιος
668 790 830 876 πλάγιος,
862 798 930 853 tum
959 790 995 854 in
1023 788 1129 854 verbis
1156 785 1302 873 πλόμενος
1324 805 1348 857 et

270 895 466 977 τιλλόμενος
485 917 515 960 ν.
527 892 674 958 Meinek.
687 890 797 956 Anall.
809 891 861 954 97.
885 885 1095 978 ἆρῤιχᾶσθαι
1113 889 1177 954 sive
1194 883 1347 976 ἄριχᾶσθαι

270 1017 332 1081 pro
355 989 618 1082 όναῤῥιχᾶσθαι,
641 993 733 1076 quod
754 990 964 1056 Herodianus
986 989 1067 1071 περὶ
1087 992 1263 1055 παθαίνει
1280 990 1347 1076 Hip·

269 1103 410 1182 ponacte
436 1093 572 1180 protulit
598 1092 678 1158 EM.
701 1092 760 1168 99,
782 1093 835 1156 20.
864 1090 1003 1176 parique
1031 1087 1176 1154 libertate
1203 1091 1347 1176 scriptores

270 1196 387 1261 atticae
406 1193 558 1258 dictionis
575 1192 758 1258 desertores
778 1190 968 1276 compositis
987 1190 1204 1276 praetulerunt
1220 1190 1348 1276 simplicia

269 1290 380 1382 ἆντᾷν,
403 1292 483 1380 ίρᾷν
504 1292 687 1376 (fundere),
710 1293 845 1379 όειλιᾷν,
868 1288 1060 1375 όιόράσκειν
1074 1291 1144 1375 Η),
1165 1287 1280 1356 ἑνλόναι
1297 1292 1346 1358 sive

268 1390 406 1469 ἑννόειν,
437 1389 600 1477 οίγνόναι,
628 1387 782 1468 ὀλλύναι,
815 1389 934 1475 quibus
965 1390 1101 1476 adjungi
1132 1400 1260 1476 possunt
1285 1412 1346 1474 quae

268 1491 480 1558 Grammatioi
508 1491 571 1556 soli
596 1500 777 1556 memorant
806 1490 880 1558 όεία
903 1514 963 1576 pro
986 1488 1096 1556 ἔνδεια
1119 1500 1152 1554 et
1171 1488 1347 1576 πηλανιομός

266 1613 327 1678 pro
344 1587 640 1679 προπηλακισμός.
682 1591 737 1658 De
756 1590 1039 1656 indeclinabilibus
1057 1589 1121 1656 hue
1138 1590 1263 1656 refertur
1277 1585 1347 1670 ὠμα-

267 1690 334 1770 όίς,
355 1691 447 1775 quod
465 1690 700 1777 Theognostus
718 1690 799 1757 Can.
816 1692 888 1770 163,
903 1693 955 1758 23.
968 1693 1020 1775 u)
1044 1691 1204 1756 diversum
1223 1713 1241 1754 a
1259 1688 1346 1754 ceteris

266 1791 302 1856 in
318 1779 405 1871 ὀἶν-ς
432 1791 627 1857 exeuntibus
660 1804 829 1858 accentum
861 1791 981 1858 babere
1012 1793 1126 1870 docet,
1158 1792 1346 1874 rationemque

266 1892 526 1978 qualemcunque
545 1892 663 1958 -reddit
683 1895 832 1961 Joannes
854 1893 911 1970 38,
937 1893 989 1958 27.
1018 1890 1101 1971 ἴσως
1129 1892 1166 1960 ἐκ
1191 1897 1245 1961 τοῦ
1266 1915 1347 1956 καιο-

263 1992 366 2078 μαδίς
387 1989 566 2083 ἀφῃρέθη,
596 1994 686 2077 quod
709 1994 787 2060 alibi
810 2017 878 2060 non
898 1993 1018 2078 legitur
1044 1994 1106 2058 sed
1126 1994 1221 2059 modo
1242 1986 1347 2074 ὠμαόόν

264 2102 297 2158 et
317 2089 527 2176 κατωμαδόν.
570 2093 699 2172 Eadem
721 2095 828 2179 figura
854 2103 905 2158 est
932 2093 960 2156 si
986 2090 1149 2175 ἔρχεσθαι
1178 2092 1281 2158 dicitur
1301 2111 1346 2174 pro

265 2187 497 2273 ἀπέρχεσθαι,
526 2202 560 2256 et
580 2193 727 2258 similiter
749 2195 813 2258 alia
835 2193 954 2279 quibua
975 2193 1177 2278 Apollonius
1197 2193 1270 2258 Adv.
1289 2189 1347 2252 613.

265 2290 406 2376 probare
421 2292 532 2357 studet
547 2291 599 2360 ότι
618 2290 651 2360 οἱ
667 2295 809 2382 ποιηταὶ
825 2292 1033 2380 προθέσεσιν
1048 2293 1246 2360 ἐλλείπουσι.
1263 2292 1348 2356 Verae

265 2391 405 2478 ellipsis,
435 2414 534 2476 quam
558 2415 620 2458 nos
643 2393 846 2478 quaerimus,
873 2393 980 2458 inhia
1004 2393 1156 2460 omnibus
1178 2393 1288 2458 nullum
1305 2412 1348 2454 ex·

264 2493 408 2578 emplum
425 2503 483 2558 est.
527 2493 686 2577 Ejusdem
702 2495 876 2580 Apollonii
897 2494 1058 2561 sententia
1076 2495 1139 2560 fuit
1158 2496 1251 2580 longe
1268 2491 1348 2556 disse-

262 2593 385 2660 minata
411 2592 578 2660 vocabulis
600 2617 675 2660 oum
696 2595 851 2661 adverbio
873 2588 909 2662 εὖ
937 2595 1121 2678 conjunctis
1143 2596 1206 2662 hoc
1225 2614 1348 2660 nonnun-

262 2712 363 2779 quam
379 2689 594 2792 ἀελτείιί-ό-πό
614 2698 674 2762 τοῦ
696 2690 824 2782 εὖήνιορ
846 2692 866 2782 ἡ
886 2689 1041 2784 εὖηνορία
1064 2699 1121 2765 καί
1141 2693 1289 2783 εὖηνορέα
1309 2690 1350 2756 καί

262 2793 413 2884 ἐλλείψει
434 2798 493 2881 τῆς
512 2819 549 2860 ευ
568 2791 759 2882 όιφθόγγου
782 2790 905 2883 ἢνορέα
927 2795 984 2862 καί
1006 2792 1157 2877 δόμοις
1178 2794 1235 2864 ἔνι
1253 2816 1351 2878 ποιη-

262 2898 378 2961 τοῖσι
400 2892 435 2960 ἐν
456 2891 607 2983 ἐλλείψει
629 2891 699 2960 ε’στί
721 2897 779 2961 τοῦ
802 2887 837 2964 εὖ
860 2894 902 2960 de
920 2897 1008 2962 Adv.
1026 2896 1099 2964 546.
1124 2901 1215 2984 cujus
1235 2895 1350 2962 rationes

260 2993 436 3081 reprobavi
457 2995 492 3060 in
508 2994 629 3061 Parall.
647 3016 682 3080 p.
695 2993 872 3061 156—166.
890 3019 952 3062 nec
973 3007 1098 3065 certum
1119 3001 1172 3065 vel
1191 2993 1350 3085 aphaeresis

260 3097 313 3162 vel
339 3095 521 3183 prosthesis
552 3106 779 3181 argumentum
807 3097 943 3182 praebet
969 3097 1059 3165 urbis
1081 3101 1229 3187 Libycae
1256 3117 1352 3164 nomen

261 3191 448 3282 Βόεσπερίς
464 3234 507 3248 -
526 3195 659 3281 λέγεται
692 3195 749 3262 καί
779 3198 881 3284 χωρίς
913 3203 973 3265 τοῦ
998 3188 1050 3268 ἦ
1073 3203 1198 3290 μορίου
1226 3191 1352 3278 Ἑσπερίς

262 3294 380 3380 Steph.
410 3297 466 3380 qui
493 3296 616 3381 μορίου
645 3296 778 3364 nomine
809 3320 876 3364 non
908 3300 1100 3385 particulam
1133 3303 1192 3369 sed
1211 3297 1353 3387 syllabam

261 3396 434 3482 significat
468 3397 571 3462 'Illam
592 3396 846 3464 Ohoeroboscus
869 3397 951 3466 Can.
974 3403 1046 3482 185,
1066 3404 1121 3470 25.
1149 3406 1261 3492 deesse
1279 3405 1352 3486 putat

261 3498 421 3581 adjectivo
450 3494 606 3585 τρόφι-
621 3491 691 3564 όιπὸ
721 3502 781 3565 τοῦ
811 3493 953 3588 εἷίτροφι
982 3498 1058 3568 κατ’
1091 3497 1282 3590 ἀφαίρεσιν,
1306 3515 1352 3562 nec

259 3607 368 3664 tamon
388 3608 552 3686 repugnat
566 3598 759 3666 Herodiano
778 3623 953 3689 apocopen
968 3602 1133 3683 inferenti,
1159 3604 1201 3668 de
1216 3624 1278 3688 quo
1293 3593 1352 3662 albi

260 3699 401 3777 dicetur3
423 3695 583 3789 είίτροφις
603 3721 766 3786 nusquam
785 3700 921 3787 legitur3
943 3703 1044 3770 semel
1065 3707 1198 3772 δυνατεῖ
1218 3703 1251 3770 in
1264 3699 1352 3788 Epist·

328 3879 823 3957 71)A÷o<›an‹tmnunap.1²rcgm.
844 3885 937 3942 Boiss.
954 3886 1062 3943 XVIII.
1086 3908 1115 3961 p.
1136 3890 1195 3942 112.
1220 3890 1263 3943 cd.
1286 3882 1353 3940 Nieb.

258 3965 437 4044 διόρήσνουσι
453 3971 533 4024 Aret.
549 3969 633 4025 Acnt.
648 3971 685 4024 11.
700 3987 725 4024 c.
738 3972 763 4025 3.
775 3973 835 4026 257.
850 3975 901 4026 aad
916 3975 976 4027 cod.
990 3971 1225 4048 σιαδιδρῆσνουσι.
1253 3973 1354 4026 Prorsus

257 4057 396 4112 derelicta
413 4063 479 4111 sunt
495 4059 635 4126 αἰσιμοῡν,
655 4061 749 4128 φρείν,
774 4053 943 4126 excaecasse
968 4065 999 4112 ut
1021 4057 1110 4114 latina
1131 4068 1235 4124 catere,
1258 4055 1353 4114 cellere,

257 4144 385 4208 tendere,
403 4145 535 4205 candere,
553 4140 667 4206 clinare,
686 4141 801 4211 erigere,
819 4142 914 4208 ritare,
931 4160 1061 4214 gregare.

328 4230 374 4297 ⁷2)
392 4228 457 4282 Hoc
473 4224 502 4279 in
519 4226 585 4280 EM.
600 4227 659 4291 806,
672 4227 696 4279 8.
717 4226 921 4284 restituendum
939 4238 982 4284 est
998 4247 1050 4304 pro
1070 4228 1176 4305 ὁμαόίς.
