2825 4809
268 202 287 241 Ι

241 349 316 425 lib
360 360 363 369 '
523 342 845 414 DISSERTATIO
871 344 919 412 [L
961 344 1003 412 P.
1020 344 1068 414 11.

240 556 341 621 pqroq
365 528 539 621 Κουρήτηι
567 525 799 618 ὀνομασθῆναι
827 530 886 598 καὶ
910 529 1045 621 Κρὴιην
1071 534 1158 601 aaa&
1185 530 1346 624 οογκοπήι

240 634 356 723 Stepb.
380 644 412 700 et
433 634 551 700 certius
573 634 655 699 illud
675 633 768 719 quod
789 634 934 701 Galenm
957 636 1000 701 (le
1019 645 1131 703 monte
1152 635 1344 724 Campaniae

239 737 338 804 tradit
356 736 399 803 de
414 736 520 803 Mcth.
535 736 628 803 Med.
642 738 684 805 V.
702 736 753 801 12.
771 760 805 824 p.
816 735 890 803 364
907 738 1007 805 T.X.
1029 743 1146 807 τοῦτον
1166 739 1228 805 τὸν
1248 738 1346 825 λόφοι

240 836 274 907 oi
306 839 448 907 παλαιοὶ
475 833 637 922 Ῥωμαῖοι
670 837 727 905 rori
757 840 815 904 riv
828 841 832 848 ’
846 836 880 907 oi
911 835 1142 927 ἀκριβέστεροι
1169 836 1346 924 Βεσούβιοο

239 935 458 1026 ὀνομάζουσι·
481 939 520 1007 τὸ
542 940 579 1007 δὲ
603 937 737 1021 ἔνδοξοι
759 940 819 1007 καὶ
843 939 918 1009 νέοι
941 936 1050 1026 ὄνομα
1072 940 1234 1027 Βέσβιον,
1264 944 1347 1027 quod

240 1053 413 1130 sequentes
434 1042 526 1109 latini
547 1053 665 1132 poetae
686 1042 844 1111 Verrium
863 1042 933 1111 sive
953 1044 1114 1113 Vesbiam
1133 1054 1265 1112 vocant.

692 1345 902 1357 m

582 1604 746 1691 Pars
779 1606 1002 1690 attera.

339 1774 413 1859 lle
451 1776 581 1863 aliis
619 1804 898 1891 syncopae
935 1780 1246 1889 generibus.
1385 1793 1388 1880 ο

1387 1925 1388 1988 t

582 2214 585 2219 -
710 2166 823 2237 cnP.
851 2169 879 2235 Ι.

476 2306 528 2381 De
555 2309 723 2383 amotione
751 2312 894 2385 duorum
920 2314 1110 2387 literarum.

321 2473 347 2557 t.
371 2473 400 2539 1.
444 2475 604 2544 Vocalem
624 2502 724 2545 unam
748 2479 826 2546 elidi
843 2480 1071 2549 Grammaticis
1094 2481 1199 2547 rarius
1221 2482 1352 2567 quidem

238 2593 337 2658 qnam
359 2575 473 2641 volunt
494 2580 553 2645 sed
578 2590 687 2647 tamen
711 2582 941 2648 concessimus.
987 2583 1100 2667 Quum
1121 2606 1199 2651 vero
1221 2584 1351 2671 longius

237 2676 507 2761 progressiones
529 2690 563 2747 et
587 2683 727 2771 amplius
748 2685 870 2764 literas,
897 2706 961 2751 nec
986 2686 1091 2751 solum
1115 2686 1261 2770 ejusdem
1286 2688 1351 2772 syl-

236 2774 329 2843 labas
358 2781 417 2845 sed
444 2783 542 2849 etiam
571 2785 758 2872 dispertitas
782 2808 932 2853 resecare
958 2788 1097 2865 audent,
1124 2787 1180 2852 vix
1207 2810 1353 2872 unquam

237 2878 440 2947 assentimur.
483 2884 632 2951 Primore
651 2888 726 2955 loco
745 2910 840 2975 agam
857 2890 899 2956 de
915 2889 1049 2975 syllabis
1065 2889 1199 2955 biliteris
1217 2913 1351 2976 quarum

237 2979 328 3069 prior
354 2983 448 3049 litera
473 2996 523 3052 est
551 3010 711 3069 consona,
745 2992 845 3057 altera
872 2991 1015 3058 vocalis:
1045 2996 1142 3076 κῶμα
1169 2990 1240 3059 ἔσοι’
1266 2992 1353 3058 κατὰ

238 3085 408 3175 συγκονιῆν
435 3080 504 3156 ἀπὸ
531 3094 591 3157 aori
619 3087 770 3181 κοίμημα
796 3088 842 3171 ὡς
869 3089 998 3181 οἷ’μημα
1025 3085 1105 3173 οἶμα
1133 3092 1189 3160 καὶ
1217 3088 1351 3181 δόμημα

238 3187 335 3270 δῶμα
356 3188 414 3255 καὶ
435 3195 544 3282 τροπῇ
566 3178 688 3279 τῆςοῖ
702 3191 751 3272 εἷς
772 3180 919 3279 munitm
942 3194 1054 3263 Schol.
1074 3195 1187 3282 Apoll.
1207 3194 1255 3259 H.
1278 3194 1350 3259 205.

236 3288 416 3355 Auctorem
441 3291 552 3359 subdit
573 3294 717 3361 Zonaras
738 3295 812 3361 677.
839 3298 943 3380 ὄοομοῗ
964 3294 1108 3381 διομήσω
1130 3291 1275 3382 occupito
1296 3296 1353 3360 καὶ

237 3393 324 3460 κατὰ
346 3396 515 3483 comantia
537 3397 652 3481 δῶμα·
678 3394 765 3463 οὕτω
788 3396 978 3476 Φιλόξενος.
1026 3389 1117 3477 Oisia
1139 3396 1350 3461 Herodianus

236 3496 330 3562 Mon.
352 3496 404 3575 37,
426 3496 478 3563 34.
501 3516 602 3567 unum
624 3522 696 3565 esse
719 3499 798 3564 dicit
818 3498 1031 3584 bisyllabum,
1057 3498 1148 3584 quod
1171 3498 1349 3586 diphthon-

237 3588 377 3685 gumol
392 3601 541 3685 proxime
563 3612 637 3669 ante
660 3602 921 3667 terminationem
934 3590 995 3685 ᾗ
1013 3600 1131 3667 babeat
1157 3610 1190 3665 et
1215 3600 1350 3666 fortasse

236 3701 394 3771 rationem
411 3698 549 3787 subjecit
569 3704 607 3770 cri
631 3701 761 3783 πάθος,
783 3703 847 3769 boc
866 3713 916 3769 est
937 3724 1105 3790 syncopen
1121 3702 1349 3769 v.Proll.393.

236 3807 288 3873 Ea
311 3818 391 3873 ‘tero
418 3806 502 3873 ratio
531 3808 663 3873 minime
691 3828 754 3872 nos
784 3796 943 3871 absterret
968 3826 1033 3890 quo
1060 3806 1169 3869 minus
1199 3805 1284 3870 illnd
1311 3805 1350 3867 ad

236 3894 496 3988 verbum,'u1'1de
516 3906 630 3988 ὀϊστός
652 3909 832 3975 derivatum
854 3917 921 3985 est,
941 3908 1118 3973 referamus
1144 3931 1253 3994 eoque
1275 3930 1349 3995 pro·

236 4023 307 4112 prie
333 4017 443 4105 φοράν
468 4013 643 4102 significari
671 4023 833 4100 putemus.
888 4010 1108 4095 Trisyllabum
1135 4034 1205 4075 non
1233 4010 1352 4097 legitur

237 4134 365 4212 practer
378 4118 583 4205 Hesychinm
602 4110 740 4199 Οἷμημα
762 4111 908 4199 ὅρμημα,
932 4113 985 4177 cui
1002 4114 1139 4179 similem
1156 4123 1352 4200 potestatem

236 4224 335 4291 habet
364 4220 479 4312 οἶμᾷν,
515 4218 574 4285 scd
605 4238 666 4305 pro
700 4215 757 4279 illo
790 4214 986 4305 Sopingins¹
1003 4208 1084 4295 οἶμα
1117 4216 1218 4281 scribi
1248 4215 1351 4301 jubet

236 4330 344 4409 Δῶμα
368 4347 387 4388 a
413 4323 504 4407 ‹ls'po
530 4321 713 4389 caduceum
739 4317 1100 4384 est‘cumneocsearia
1125 4318 1247 4397 ectasi3
1278 4339 1352 4384 nam
