2825 4809
226 324 276 409 80
589 316 909 385 DISSERTATIO
942 316 972 381 Ι.

184 540 189 552 ‹
225 505 305 573 inde
328 512 365 568 ut
384 495 539 589 ύρχαμος,
563 502 654 588 quod
670 502 780 591 Epim.
804 502 832 567 I.
857 502 907 567 13.
927 500 1034 565 minus
1054 498 1174 574 idonee
1194 498 1243 563 illi
1260 520 1342 565 con-

225 609 299 673 fert.
343 607 467 672 Verum
489 603 542 671 hic
568 605 674 691 agitur
694 606 735 669 de
758 604 959 691 pleonasmo,
982 603 1074 687 cujus
1097 601 1247 688 exempla
1265 601 1343 688 plu-

225 711 309 775 rima
323 708 531 795 proferuntur
547 730 588 773 ex
604 706 755 775 omnibus
766 706 833 771 lere
854 704 1000 792 partibus
1021 702 1189 769 orationis:
1211 702 1345 789 Βριμύς

229 806 363 899 ἰσχυρός
383 809 465 875 Hes.
496 806 616 892 Βριμώ
646 808 701 875 καὶ
719 803 869 892 Ὀβριμώ
896 801 917 896 ἡ
940 805 1139 892 Περσεφόνη
1162 806 1276 871 Tzetz.
1300 805 1346 868 ad

227 914 310 979 Hes.
349 911 442 998 Opp.
475 910 547 976 144.
603 908 780 998 Βριάρεως
813 908 868 975 καὶ
896 902 1104 994 Ὀβριάρεως
1135 901 1181 984 ὡς
1208 900 1346 985 Ὀϊλεύς

129 1094 132 1102 y
228 1009 311 1081 καθ’
347 1008 556 1100 Ἡρωδιαοόν
583 1012 678 1077 Eust.
713 1010 793 1088 650,
827 1009 881 1075 46.
920 1009 1078 1095 additque
1111 1007 1207 1073 etiarn
1237 1008 1346 1074 κε’λλω

228 1112 366 1193 ύκέλλω,
390 1110 499 1195 κλύζω
521 1106 663 1193 ὀκλάζω.
696 1114 827 1177 Horum
841 1111 981 1198 primum
997 1132 1065 1177 non
1081 1111 1199 1197 legitur
1214 1119 1348 1197 praeter

228 1217 421 1281 infinitivum
438 1214 660 1281 κέλλεινΗοε.
678 1224 712 1279 et
720 1224 868 1300 tempora
879 1214 1032 1279 ulteriora
1043 1214 1149 1281 κέλοω
1167 1222 1200 1277 et
1213 1211 1347 1289 ἔκελοα,

229 1319 288 1385 sed
318 1317 481 1403 antiquius
508 1326 616 1381 tamen
652 1338 725 1381 esse
755 1316 919 1400 colligitur
953 1339 994 1380 ex
1021 1313 1205 1381 nominibus
1239 1315 1347 1400 κέλης,

230 1422 407 1497 κέλευθος,
445 1418 596 1496 δίκελλα,
629 1417 749 1502 quibus
782 1417 922 1484 Vossius
956 1417 1181 1483 accommodat
1206 1414 1349 1480 latinum

229 1524 324 1597 celer,
356 1524 458 1587 cillere
481 1528 541 1583 etc.
584 1518 736 1585 Alterum
756 1516 864 1601 κλύζω
885 1519 939 1583 ille
960 1519 1054 1583 finxit
1075 1529 1209 1606 propter
1228 1518 1348 1583 adver-

228 1621 320 1689 bium
348 1616 452 1702 ὀκλάξ
476 1618 675 1706 verbumque
704 1617 850 1703 ὀκλάζω,
880 1622 970 1705 quod
997 1620 1267 1685 Hemsterhusius
1303 1620 1350 1684 ad

229 1725 312 1788 Hes.
339 1746 364 1789 s.
389 1719 558 1790 Οἰκίδδειν
587 1732 619 1786 et
645 1721 860 1788 Ruhnkenius
881 1723 990 1809 Epist
1011 1722 1066 1789 Cr.
1089 1724 1163 1789 244.
1191 1746 1210 1786 a
1230 1721 1348 1787 nescio

230 1848 296 1911 quo
319 1819 388 1893 ύκω
411 1834 587 1901 arcessunt,
615 1823 723 1891 Orion
744 1846 821 1890 vero
843 1834 876 1888 et
894 1824 948 1889 alii
967 1824 1168 1911 probabilius
1190 1819 1262 1893 ἀπὸ
1286 1827 1351 1889 τοῦ

232 1929 312 2015 ulpia
340 1926 395 1993 καὶ
425 1925 588 2006 κάμπτειν
618 1925 660 1993 τὰ
688 1922 813 2011 γόνατα
839 1925 873 1992 s’r
894 1931 943 2013 ερῖ
964 1928 1181 2009 καθέζεσθαι.
1220 1920 1354 2003 Ὀκλύξ

230 2040 338 2093 autem
364 2050 432 2093 non
458 2028 582 2106 futuro,
616 2039 653 2092 ut
683 2029 788 2113 ajunt,
823 2026 934 2092 dorico
970 2021 1102 2107 ὀκλάξω
1135 2026 1354 2093 assimilatum

231 2139 282 2195 est
306 2130 367 2193 sed
395 2127 572 2207 adverbiis,
605 2151 688 2213 quae
710 2128 920 2195 Theodosius
941 2128 1084 2195 Gramm.
1111 2129 1161 2194 78.
1183 2123 1354 2214 ὀργανικά

229 2240 325 2295 vocat
347 2229 438 2315 γνύξ,
462 2229 543 2311 πύξ,
565 2228 642 2309 λάξ,
666 2226 813 2310 ὀύύξ.-
834 2229 1013 2315 Δύρεοθαι
1038 2227 1110 2297 ἀντὶ
1138 2233 1197 2297 τού
1225 2224 1355 2327 ὀδύρε-

231 2340 335 2399 σθαι·
362 2329 468 2408 οὕτως
487 2327 694 2419 Ἡρωδιανός
721 2332 839 2397 Zonar.
861 2330 935 2397 585.
965 2329 1157 2418 aphaeresin
1181 2336 1240 2397 τοῦ
1265 2331 1355 2399 osi-

231 2431 390 2521 gnificans
406 2456 504 2517 quam
526 2433 716 2499 nominatim
742 2434 893 2519 designat
915 2434 995 2499 EM.
1019 2433 1090 2510 192,
1109 2434 1163 2498 43.
1178 2442 1211 2497 et
1226 2434 1359 2498 confir-

229 2546 321 2601 mant
343 2536 367 2600 ii
390 2535 446 2622 qui
468 2530 656 2622 ὀδύρεσθαι
682 2547 716 2601 et
735 2530 836 2621 ὀδύνη
864 2536 1026 2601 adunam
1049 2535 1183 2621 stirpem
1205 2533 1272 2602 ἔδω
1296 2558 1358 2601 re·
1400 2526 1407 2541 ’

231 2638 349 2704 lerunt.
394 2636 534 2704 Gravius
549 2659 627 2702 vero
644 2648 693 2703 est
709 2636 800 2723 quod
815 2635 981 2721 trisyllabc
1002 2636 1064 2703 soli
1080 2647 1213 2702 utuntur
1220 2632 1359 2723 'poetae

230 2740 363 2827 tragici,
395 2739 496 2804 altero
528 2740 713 2826 promiscue
743 2762 865 2805 omnes.
908 2739 1061 2805 Firmiter
1081 2740 1169 2805 velut
1190 2762 1209 2803 a
1229 2751 1362 2805 natura

230 2840 364 2907 insitum
385 2828 550 2908 omicron
573 2840 685 2908 haeret
708 2842 744 2907 in
767 2840 895 2907 duobus
918 2842 1065 2926 ejusdem
1086 2842 1154 2907 lere
1172 2845 1360 2929 potestatis

229 2941 337 3009 verbis
367 2936 516 3025 ύλολύζιο
547 2954 579 3007 et
608 2939 830 3029 ὀλοφύρομαι.
875 2943 945 3011 Sed
965 2944 1115 3029 adjectivi
1135 2943 1187 3008 his
1212 2947 1363 3031 cognati

230 3037 430 3133 ύλοφυύνός,
458 3044 550 3129 quod
578 3042 689 3113 Schol.
718 3045 758 3110 Il.
787 3045 926 3111 XXIII.
960 3046 1032 3111 102.
1062 3045 1244 3123 inconsulte
1274 3068 1365 3113 cum

231 3140 369 3211 ὄλύατω
400 3144 525 3211 confert
536 3147 567 3231 ⁴)
592 3143 656 3210 alia
679 3146 720 3211 ab
745 3145 914 3232 Hesychio
938 3146 1070 3211 affertur
1090 3148 1251 3234 scriptura
1272 3153 1366 3217 Λο-

231 3245 357 3330 φοδαύς
391 3240 410 3331 ἢ
446 3242 646 3334 ὀλοφυύνύς,
680 3247 780 3313 dubia
814 3258 936 3326 tamen,
970 3246 1047 3334 quia
1077 3247 1141 3315 hoc
1164 3248 1266 3314 modo
1299 3249 1366 3316 ille

232 3344 361 3431 glossas
384 3344 447 3410 sibi
469 3358 638 3433 suspectas
659 3348 868 3416 introducere
890 3350 988 3415 solett
1017 3344 1252 3437 Λιμηπελέςῆ
1277 3348 1366 3419 ‹ilr-

231 3448 382 3532 μηπολές,
405 3447 551 3529 Λίζονες
572 3447 592 3536 ἢ
615 3444 779 3533 ύλίζοοες,
809 3452 972 3538 Λὲκρανα
993 3446 1015 3541 ἢ
1038 3447 1223 3538 alterocca,
1255 3453 1365 3535 quod

234 3568 333 3633 saepe
352 3542 518 3632 ὄλέκραοα
547 3550 705 3617 scribitur.
749 3554 844 3619 Haec
869 3575 964 3619 nemo
999 3550 1185 3639 aphaeresis
1213 3554 1367 3621 nomine

231 3647 383 3713 tuebitur.
427 3648 551 3717 Verum
580 3652 621 3718 de
648 3655 720 3719 aliis
749 3656 861 3741 quaeri
889 3664 1000 3742 potest
1016 3655 1068 3719 ad
1095 3665 1199 3719 utram
1219 3665 1369 3739 partem

231 3749 447 3817 adscribenda
475 3753 540 3817 sint
567 3766 603 3820 ut
630 3759 721 3842 quod
748 3758 837 3824 idem
864 3757 1000 3846 praebet
1028 3753 1183 3827 Ξυύεσαα
1210 3748 1249 3823 εὖ
1282 3757 1368 3838 ἐξε·

233 3854 335 3939 ομύη
359 3862 393 3917 et
413 3855 560 3921 testatius
584 3852 722 3939 ὅξούεις,
746 3863 838 3946 cujus
855 3861 916 3925 tria
932 3870 1160 3947 proponuntur
1183 3866 1300 3942 etyma
1326 3862 1368 3929 in

230 3956 314 4022 Lex.
338 3955 378 4020 de
399 3956 485 4041 Spir.
508 3959 582 4025 233.
612 3956 680 4027 ἀπὸ
711 3966 772 4028 τού
799 3958 880 4041 ύξύς
900 3958 922 4047 ἢ
945 3957 1014 4028 ἀπὸ
1037 3966 1097 4049 τῆς
1118 3955 1233 4045 ύξύης·
1262 3966 1370 4043 τινὲς

231 4277 260 4339 Η
283 4195 327 4334 Dt)
348 4193 428 4333 Qtppe
453 4194 571 4267 apponit
597 4188 710 4266 ύλοιμας
727 4191 755 4251 δ’
776 4190 857 4268 ἆϊηφι
877 4197 984 4272 (βίῃφι)
1005 4196 1169 4253 verbasnnt
1182 4194 1369 4256 Callimachi

263 4318 269 4331 .
311 4294 365 4334 ran.
419 4318 426 4334 .
