2825 4809
261 329 335 410 ιεο
625 298 949 398 messenium
980 325 1022 394 v.
1143 274 1146 278 ⁵

258 515 459 602 significetur
477 535 520 582 en
530 513 565 582 in
582 512 784 598 cogitatione
800 513 1013 601 relinquatur,
1033 534 1200 603 perparum
1215 515 1329 599 interese

257 617 318 686 sed
343 628 531 685 nostrorum
557 616 731 684 doctorum
763 615 914 704 plerique
944 616 1102 711 δίειιεεία
1127 618 1331 708 praeieruutut

255 720 426 788 Porsonus
442 719 486 804 7).

342 842 368 923 ξ.
390 839 421 904 2.
465 838 731 922 Adjeotivorum‚
754 859 841 922 quae
865 859 906 902 ex
928 835 1148 904 cardinalibus
1169 848 1199 904 et
1217 840 1333 908 substau-

147 1025 156 1039 .
255 933 329 1006 tisis
352 939 536 1029 compositu
554 951 640 1018 sunt,
662 939 825 1026 scriptura
848 939 957 1006 hodie
971 939 1063 1027 apud
1079 953 1188 1006 ontnes
1203 941 1259 1007 fixa
1270 937 1332 1008 rata-

149 1054 152 1062 '
256 1065 320 1128 que
346 1053 397 1108 est
417 1038 750 1130 τριςκαιδεκάπηχυς,
770 1036 1052 1129 τριακαιδεκετής,
1079 1037 1333 1126 ἑκκαιδεκάδωρα,

255 1139 562 1231 ἐννεακαιδεκετής,
591 1141 997 1231 πενιηκοντακάιτριειής.
1040 1144 1187 1230 Eamque
1212 1147 1333 1230 praescri·
1381 1190 1382 1193 =

253 1245 303 1312 bit
324 1244 423 1312 etiam
444 1243 522 1312 Sch.
545 1245 632 1315 Vict.
654 1244 698 1309 ad
715 1244 755 1309 ll.
771 1243 901 1310 XXlll.
924 1244 998 1311 264.
1022 1246 1335 1332 δυωκαιεικοσίμετρον

252 1343 315 1435 ὑφ’
340 1343 378 1412 ἓν
398 1340 445 1424 ὡς
464 1344 807 1435 δυωκαιεικσσιπηχυ·
819 1355 853 1412 et
867 1347 949 1412 EM.
961 1346 1082 1423 459‚3.
1104 1345 1332 1434 θυρεπανοίκτρς

253 1451 413 1516 σύνθεσιν
435 1444 495 1513 ἐπὶ
517 1447 676 1512 συνθέσει
697 1439 896 1528 ἀνεδέξατο·
920 1442 1047 1531 ὁμοίως
1067 1449 1126 1515 καὶ
1144 1446 1182 1515 cd
1198 1447 1333 1514 δυωκαιει-

253 1545 429 1636 κοσίπηχυ.
479 1546 549 1614 Sed
572 1555 606 1610 et
628 1545 710 1612 haec
731 1547 890 1614 indioium
912 1549 1075 1636 praebent
1090 1549 1257 1617 nonnullos
1271 1550 1333 1615 diter

254 1648 439 1715 decrevisse
468 1658 501 1714 et
527 1648 614 1714 olore
643 1647 708 1714 hoc
733 1649 934 1738 perspicitur
966 1674 985 1717 e
1015 1650 1129 1719 Sehol.
1156 1650 1229 1718 AV.
1254 1651 1329 1716 adll

251 1751 331 1818 XV.
362 1749 450 1816 679.
466 1750 506 1817 ιδ
536 1749 865 1839 δυωκαιεικοσίπηχυ
904 1749 966 1842 ὑφ’
997 1753 1046 1820 ἓν·
1082 1745 1164 1830 τοὺς
1201 1749 1255 1836 γὰρ
1280 1745 1330 1838 δρι-

250 1852 364 1936 spele
382 1847 470 1919 οὕτω
492 1849 661 1938 προφέρει
687 1850 744 1918 διὰ
765 1856 826 1920 τοῦ
839 1841 873 1924 ἶ
887 1847 935 1934 αῖς
955 1851 1186 1944 εἰκοσινήριτα
1202 1855 1257 1938 ¹⁰),
1275 1852 1333 1930 τινὲς

251 1952 289 2020 δὲ
307 1951 394 2020 κατὰ
418 1949 616 2039 παράθεσιν
639 1946 686 2032 ὡς
711 1950 750 2018 εδ
778 1960 870 2036 τρεῖς
897 1955 956 2033 καὶΙ
978 1957 1121 2034 δέκατος
1149 1951 1229 2034 dere
1250 1952 1296 2018 καὶ
1309 1952 1334 2017 τὸ

249 2053 399 2142 θηλυκὸν
421 2058 513 2137 τρεῖς
534 2051 592 2120 καὶ
615 2050 756 2139 δεκάτη.Ι
795 2056 874 2120 Ηοο
887 2057 1023 2141 quidem
1036 2080 1127 2126 nune
1145 2055 1269 2142 hyphen
1282 2053 1336 2122 scri·

250 2154 339 2221 bitur
369 2150 627 2242 τριςκυιιδεκάτη
656 2153 726 2221 od.
755 2156 856 2226 XlX.
885 2159 960 2226 202.
1003 2159 1148 2226 Hesiod.
1181 2157 1266 2244 Opp.
1288 2155 1337 2221 788.

249 2256 475 2322 consentiente
504 2253 742 2322 Choerobosco
767 2259 865 2325 Orth.
890 2259 971 2338 268,
999 2260 1031 2326 9.
1061 2255 1080 2328 δ
1113 2267 1204 2342 τρεῖς
1227 2255 1339 2342 ἀριθμὸς
1381 2286 1382 2353 ρ

249 2357 283 2423 δν
305 2361 345 2445 σῇ
366 2357 528 2455 συνθέσει
550 2354 609 2422 διά
618 2346 728 2454 gorii
748 2358 914 2448 γράφεται
935 2358 1227 2447 τριςκαιδὲκατσς,
1251 2353 1339 2442 ἐπειδὴ
1381 2362 1382 2437 ρ

248 2453 415 2524 σιἰδέπιπε
435 2455 474 2522 εδ
497 2481 518 2523 σ
541 2455 600 2522 καὶ
622 2485 641 2522 κ
658 2457 698 2524 ’ἐν
720 2458 889 2550 συλλήψει
904 2453 985 2530 duco
1004 2459 1191 2550 ἔχουσιτὴν
1211 2449 1340 2544 dispop-
1381 2494 1382 2549 ρ

246 2558 423 2646 γουμένην·
448 2567 481 2624 et
500 2559 582 2624 ΕΜ.
611 2557 684 2637 767,
709 2560 761 2625 11.
788 2567 852 2630 τοῦ
873 2557 1191 2649 τριςταιδέκατοςὴ
1217 2559 1342 2636 σύνθεσις
1381 2556 1382 2613 l

247 2654 306 2726 οὐκ
331 2657 462 2745 ἐγένετο
483 2653 553 2726 ἀπὸ
574 2665 636 2728 τοῦ
656 2661 730 2745 τρίς
752 2658 981 2751 ἑπιρρήματος
1003 2660 1078 2731 ἀλλ’
1108 2659 1181 2732 άπδ
1202 2664 1261 2732 τοῦ,
1275 2663 1342 2744 τρεῖς
1381 2634 1383 2783 .

245 2754 422 2843 ὀνόματος.
465 2761 521 2827 De
543 2761 692 2846 synthesi
711 2773 837 2830 erratur
843 2789 854 2842 3
879 2788 957 2832 nam
985 2776 1024 2832 ut
1048 2765 1093 2832 ab
1123 2764 1239 2832 ἕνδεκα
1256 2784 1343 2844 πυρα·
1381 2786 1382 2803 ¹

246 2856 335 2947 ρωγή
358 2883 411 2937 τις
433 2860 561 2947 ἐγένετο
584 2856 604 2950 ἡ
626 2866 688 2931 τοῦ
713 2860 890 2946 ἑνδέκατος
910 2869 1026 2953 Apoll.
1050 2867 1147 2954 Synt.
1171 2863 1224 2930 ΙΙΙ.
1244 2863 1278 2941 5,
1305 2860 1341 2925 20.

246 2969 279 3024 et
300 2982 321 3025 a
341 2962 493 3046 proximo
517 2962 651 3028 δώδεκα
674 2964 881 3048 δωδέκατος,
895 2966 899 2972 ’
915 2970 1033 3035 eadem
1060 2968 1191 3034 ratione
1218 2965 1256 3030 ab
1280 2961 1343 3027 indi-

243 3060 344 3126 viduo
383 3063 600 3145 spagnolium
637 3068 900 3152 parasyntheton
939 3069 1219 3156 σριςκαιδέκατσς
1250 3085 1342 3152 genere
1381 3052 1383 3185 l

243 3160 367 3227 mobili.
419 3163 468 3228 At
500 3185 519 3228 a
552 3162 739 3253 conjugatis
773 3176 863 3256 τρεῖς
897 3170 957 3237 καὶ
990 3170 1073 3238 δέκα
1110 3170 1285 3237 derivatum
1310 3176 1344 3230 est
1381 3198 1383 3269 p

242 3262 538 3346 τρειςκαιδέκαισς
561 3276 599 3331 ut
626 3291 646 3332 a
667 3269 774 3357 μικρά
797 3268 898 3350 πόλις
927 3270 1192 3360 μικροπολίτυε.
1223 3271 1276 3336 sed
1299 3269 1342 3332 in·
1381 3276 1383 3379 ρ

244 3362 403 3450 probatur
432 3376 570 3452 propter
600 3368 892 3441 inconcinnitatem
920 3374 1088 3439 literarum
1103 3359 1209 3454 ἐἶξνζ
1235 3374 1273 3439 de
1296 3392 1342 3456 qus

241 3486 488 3532 commonemur
509 3469 654 3556 saepius.
698 3474 775 3540 Hac
793 3486 1035 3542 causaremota
1047 3474 1232 3564 probantur
1249 3496 1342 3541 τεοσυ-

241 3563 480 3654 ρεςκαιδεκάιη
512 3570 640 3636 Herod.
669 3571 693 3638 l.
724 3575 777 3640 84.
811 3577 931 3645 Galen.
962 3577 1092 3645 Comm.
1126 3579 1165 3644 in
1181 3579 1294 3665 ‘Hipp
1314 3573 1342 3637 de
1381 3622 1382 3651 .

240 3664 325 3733 ΟΠΒ·
358 3665 398 3732 fl·
426 3668 464 3745 9,
500 3667 572 3736 878.
602 3672 643 3738 Τ.
673 3675 734 3740 ΙΧ.
770 3675 1057 3768 πεντεκαιδεκάτη
1087 3681 1227 3746 Aristot.
1253 3673 1340 3744 Prott

307 3913 334 3977 9)
352 3913 503 3970 Dobraeus
520 3918 558 3971 ad
576 3917 642 3972 Pac.
661 3921 722 3976 241.
733 3888 904 3996 *perspicue
926 3925 1087 3998 lepmdum
1111 3927 1172 4001 τρῖς
1189 3919 1283 3980 ἄθλιοι.
1307 3918 1341 3976 Sis

97 4073 104 4086 ³
169 3989 173 4002 ’
238 3996 323 4052 etiam
335 3996 500 4056 Dindorflus
514 4003 604 4058 stolii
618 4005 654 4059 cf.
668 4005 762 4061 Nauk.
776 4008 923 4081 Arist-oph.
940 4031 968 4084 p.
986 4004 1054 4067 17⁷ss

307 4101 353 4167 10)
364 4100 419 4156 His
432 4102 594 4177 discrepans
610 4105 802 4175 ἐεικοσάβοιον
819 4111 943 4168 sonasse
961 4132 997 4169 eo
1016 4122 1192 4172 excusarunt
1207 4114 1279 4188 quod
1292 4127 1340 4165 nus

221 4201 320 4254 quam
333 4184 508 4254 εῖκεεάβοιυν
520 4191 635 4262 legitur.
657 4193 717 4248 Pro
730 4190 790 4250 δύω
801 4201 848 4252 καὶ
860 4197 1034 4274 εδκοσάπνηυ
1045 4202 1166 4260 Aristid.
1181 4202 1231 4258 Or.
1243 4199 1303 4256 Plrt.
1313 4196 1339 4249 Π-

234 4270 295 4328 758.
320 4270 487 4332 Dindorfius
504 4277 950 4356 p.33ti.reposuithomericu1n

1381 4724 1383 4773 t
