2825 4809
158 386 163 397 .
219 324 293 395 tlt
468 370 473 379 ,
567 309 890 381 DISSERTATIO
919 308 984 375 m.

215 510 332 591 putant
353 520 395 565 ex
415 494 490 587 ἠέρι
512 506 723 565 contractum.
766 495 864 561 Idem
878 492 998 581 phil,
1016 492 1066 559 18.
1084 489 1233 577 σύνηθες
1244 484 1337 559 Ἴωσι

214 606 252 671 cri
276 589 526 681 ἶπλιονάζιιν,
557 595 653 687 ἥλιος
678 592 807 684 ἠέλιος,
838 591 982 663 δειλινόν
1002 590 1176 671 dereiner,
1202 602 1241 659 et
1259 592 1337 661 Sch.

219 705 287 772 Od.
309 703 390 769 XV.
414 700 466 767 29.
497 698 556 787 τὴν
590 697 702 787 δείλην
735 696 864 766 διίιλον
895 692 1007 781 εἴρηκε
1039 694 1098 763 dcci
1130 693 1170 761 ro
1204 694 1337 781 μέτρον.

217 806 305 875 Solis
333 824 455 871 nomen
481 802 580 887 vulgo
608 808 762 887 repetunt
791 797 888 887 παρὰ
916 795 955 865 τὸ
984 796 1057 880 ιϊλη
1086 792 1109 882 ἢ
1138 794 1199 881 ἕλη
1230 789 1252 881 ἦ
1278 800 1338 862 τοῦ

216 904 313 995 ἡλίου
341 902 424 991 αὐγή
450 904 561 991 Epim.
583 902 611 969 1.
635 902 706 969 183.
730 911 764 967 et
788 900 873 966 Lex.
899 897 1020 965 rhetor.
1046 898 1142 964 Euat.
1163 896 1267 975 1573,
1285 896 1339 963 45.

217 1110 362 1197 positum
388 1106 562 1193 ριλοδννία
590 1100 608 1170 ri
638 1100 818 1193 ἦλιοίυοία
848 1104 931 1169 Hes.
982 1103 1077 1169 Haec
1108 1100 1341 1189 reputantibus

218 1211 348 1299 epsilon
371 1208 518 1275 nativum
537 1206 645 1285 ¹videri
673 1204 789 1282 debet,
821 1215 875 1269 eta
904 1204 1157 1290 prostheticum,
1187 1204 1342 1289 quamvis

219 1310 431 1379 dissentiente
446 1308 629 1395 Apollonio
648 1306 706 1393 qui
726 1308 762 1371 in
785 1304 824 1393 ἠέ
843 1317 878 1370 et
899 1304 1012 1393 ἠέλιος
1029 1307 1176 1373 vocalem
1192 1305 1342 1391 syllabae

219 1413 383 1481 secrmdae
405 1410 640 1497 pleonasticam
660 1408 810 1474 nominet
828 1407 930 1474 Pron.
955 1410 1027 1475 107.
1070 1410 1125 1475 De
1145 1408 1251 1475 altero
1274 1432 1344 1475 nou

219 1515 297 1580 satis
321 1522 451 1579 constat
474 1522 583 1575 utrum
610 1510 775 1596 antiquius
800 1509 915 1588 fuerit,
945 1510 1190 1577 homericnmue
1210 1512 1345 1590 δείελος

220 1640 278 1694 au,
300 1615 392 1700 quod
412 1614 510 1699 vulgo
536 1612 654 1677 dicitur
675 1614 778 1697 δείλη.
822 1613 899 1677 Ηοο
922 1612 951 1677 si
974 1613 1224 1699 praeponimus,
1250 1614 1345 1681 δειε-

218 1714 310 1784 λινόν
331 1726 462 1782 auctum
476 1712 580 1778 videri
597 1712 696 1779 debet
713 1736 753 1780 eo
772 1736 894 1799 genere
909 1714 1075 1799 augmenti
1091 1738 1159 1799 quo
1177 1716 1343 1797 θίνιοςῑ)

220 1830 253 1885 et
286 1819 401 1886 θέειον
437 1816 497 1881 sed
534 1815 651 1881 ordine
688 1817 839 1892 invers03
877 1838 956 1881 nam
981 1815 1018 1881 in
1044 1815 1097 1880 his
1126 1816 1262 1902 epsilon
1293 1817 1345 1881 ‹li-

221 1919 396 2008 phthongo
420 1916 600 1994 antecedit,
633 1916 668 1981 iu
687 1917 744 1983 illo
767 1918 990 2004 postpositum
1009 1928 1069 1983 est.
1117 1919 1163 1983 Et
1187 1918 1227 1983 in
1257 1918 1346 1983 hanc

221 2020 373 2087 dieetssis
404 2018 648 2085 similitudinem
679 2019 797 2085 incidit
828 2020 927 2085 etiam
957 2019 1198 2102 homericorum
1228 2043 1346 2087 exem-

219 2123 349 2208 plorum
378 2130 548 2206 quartum:
581 2123 672 2187 πιτῶ
703 2118 840 2208 ποιήσω
872 2115 1015 2208 macerit
1043 2121 1104 2186 καί
1133 2123 1346 2207 πλεονασμῷ

218 2227 279 2289 τοῦ
311 2211 337 2287 ἶ
363 2226 530 2308 ιιοιητικῷ
564 2220 723 2306 πειεηνόν
757 2223 838 2287 ΕΜ.
865 2220 945 2297 666,
973 2220 1027 2286 39.
1063 2222 1174 2307 Epim.
1205 2222 1236 2287 I.
1270 2224 1346 2289 335.

221 2316 413 2408 Κρήτη-ἣν
429 2319 579 2410 Κριὴτην
597 2318 663 2407 ἔφη
675 2316 870 2405 Ἀρχίλοχος
886 2321 974 2388 κατὰ
991 2320 1207 2405 πλεονασμόν
1222 2324 1347 2411 steph.

221 2433 255 2489 et
276 2422 340 2487 elia
362 2422 509 2505 ejusdem
531 2421 649 2487 coloris
671 2422 795 2487 contuli
813 2422 850 2487 iu
871 2423 997 2489 Teehu.
1016 2423 1087 2489 188.
1102 2423 1136 2506 ²)
1178 2424 1351 2491 Ultimum

221 2524 318 2609 hujus
348 2524 476 2610 priscae
507 2523 623 2589 acutis
651 2534 703 2588 ert
729 2519 919 2608 Ἀλεγεινός
948 2519 1011 2591 οὖν
1038 2518 1107 2593 cini
1137 2528 1200 2591 τοῦ
1233 2522 1350 2614 ἀλέγω

221 2620 306 2693 ἀλλὰ
335 2621 536 2709 παρώνυμον
561 2620 630 2691 ἀπὸ
656 2629 718 2691 τοῦ
744 2615 846 2705 ἄλγος
871 2619 1023 2710 ἀλγεινός
1050 2624 1108 2692 καὶ
1134 2628 1349 2714 πλεονασμῷ

220 2732 282 2794 τοῦ
302 2714 420 2793 {EM
442 2724 500 2801 58,
520 2724 573 2791 50.
596 2725 688 2809 quod
710 2724 855 2791 omnium
877 2748 962 2810 quae
985 2750 1045 2813 pro
1071 2727 1275 2813 pleonasmo
1302 2732 1349 2793 ul-

220 2829 366 2894 ier-untur
395 2825 674 2913 speciosissimum
705 2836 764 2891 est.
813 2829 943 2893 Voeum
971 2828 1179 2915 popularium
1209 2852 1287 2895 una
1319 2832 1353 2895 in

221 2930 284 2997 hec
310 2952 408 2995 ceusu
435 2928 627 3013 producitur
651 2928 685 2993 in
706 2928 787 2995 ΕΜ.
808 2929 868 3005 31,
889 2931 943 2995 43.
972 2928 1147 3018 αἰέλουρος
1174 2926 1241 2996 οἷοι
1277 2929 1352 2999 ἔστι

221 3028 434 3109 πλεονασμὸς
453 3023 528 3095 ἀλλ’
553 3024 727 3106 ἀντίθεσις
746 3029 844 3115 παρὰ
864 3031 902 3095 ιι)
925 3026 1043 3107 αἰόλος
1062 3030 1122 3096 καί
1142 3029 1206 3119 τὴν
1224 3030 1352 3116 οὖρόν·

216 3127 429 3216 Ἡρωδιανὸς
449 3128 529 3217 περί
550 3132 683 3208 παθῶν,
708 3130 799 3214 quod
819 3141 957 3217 apparet
978 3140 1092 3198 contra
1113 3154 1171 3197 eos
1194 3133 1272 3199 dici
1295 3137 1354 3219 qui

210 3234 286 3299 hoe
306 3232 440 3297 atticum
460 3254 580 3297 nomen
603 3252 620 3295 e
641 3231 808 3315 trisyllubo
831 3232 1000 3297 dilatatum
1022 3243 1215 3312 statuerent,
1234 3258 1353 3321 quan-

223 3356 322 3419 quam
342 3334 405 3398 hoc
425 3354 556 3417 quoque
579 3322 686 3417 etpmo
708 3331 787 3399 εἰλω
809 3326 917 3410 ἆιίλω,
931 3333 1072 3418 (Techn.
1086 3336 1172 3419 113.)
1187 3359 1265 3403 non
1285 3350 1354 3403 tum

222 3445 370 3500 accurate
390 3434 571 3520 respondet
593 3456 690 3517 quem
710 3433 846 3499 latinum
865 3436 949 3517 [cleu
994 3434 1171 3515 Quaedam
1197 3439 1271 3504 illis
1299 3441 1352 3504 in·

222 3535 394 3601 observate
419 3545 514 3610 sunt3
544 3527 671 3619 ἶνἐμμα,
700 3557 767 3619 quo
791 3533 1011 3601 Callimachus
1037 3560 1116 3604 usus
1144 3550 1196 3604 est
1226 3541 1353 3627 spiritu

289 3744 319 3812 2)
342 3748 441 3813 Θίειος,
454 3746 628 3810 {lludeemeu
651 3743 681 3797 in
700 3742 765 3800 ΕΜ.
784 3746 844 3810 151,
864 3748 906 3800 12.
931 3746 1104 3818 primitivum
1124 3756 1263 3819 putatet
1284 3752 1353 3806 hinc

221 3829 322 3886 omisso
341 3830 430 3901 epsilo
450 3832 540 3887 altero
560 3837 736 3887 contractum
753 3846 813 3885 esse
831 3836 916 3891 θεῖος.
954 3832 1013 3887 Sed
1031 3840 1063 3887 ut
1082 3851 1100 3886 a
1121 3838 1198 3896 Τέως
1217 3836 1353 3907 gignitur

223 3920 313 3985 Τίνος,
327 3916 393 3971 hinc
409 3923 489 3977 Τεῖος
506 3926 535 3970 et
549 3934 634 3987 porro
651 3913 745 3983 Τήιος,
764 3915 804 3970 sic
823 3934 839 3969 e
856 3910 922 3977 θεός
936 3923 1012 3979 θέιος
1028 3926 1106 3979 θεῖος
1124 3917 1205 3987 tiso:
1223 3940 1353 3991 quorum

219 4010 368 4073 utrumque
387 4020 404 4053 a
421 3999 513 4073 poetis
533 4001 694 4055 extenditur
714 4007 816 4069 θέειος,
837 4021 893 4071 quo
913 4002 1050 4058 Proculus
1071 4005 1159 4059 utitur
1177 4005 1209 4060 in
1226 4008 1352 4078 hprnuis,

221 4093 250 4140 et
261 4083 368 4155 θεήιος,
381 4104 438 4157 quo
450 4084 533 4141 Bion.
547 4086 695 4141 Idotheem
707 4086 859 4157 Dionysius
872 4088 935 4143 Per.
948 4092 1008 4145 259.
1021 4092 1189 4160 Εἰδοθεείην
1204 4095 1350 4164 appellat.

289 4172 323 4238 3).
331 4170 386 4225 Pro
396 4170 540 4241 Ἀπλίηιος
551 4170 776 4245 ἀπροςπέλασιος
786 4174 854 4228 Hes.
869 4173 973 4229 rectius
985 4173 1106 4244 ἄπλητος
1118 4177 1207 4232 scribi
1219 4178 1351 4235 videtur.

220 4253 290 4309 (lum
306 4252 415 4323 κλῃδών
432 4254 557 4325 κλειδῶν
573 4258 697 4316 conferri
714 4268 826 4329 poteret
843 4258 1007 4332 Ιίλήσιπνιος
1023 4260 1211 4330 Κλεῆσιπνιος.
