2825 4809
312 361 378 431 ux
403 361 694 438 ruuurrflusr.
739 297 866 430 om.
899 365 924 449 ι.
944 361 975 430 ε.
1046 441 1050 448 ,
1127 365 1203 454 535

85 549 158 625 851,
189 545 306 634 17.¹⁰)
359 543 417 619 Sic
445 540 557 634 ίίωρτο
583 571 627 616 cx
651 541 753 635 ἤορτο
780 559 895 616 nutum
924 571 997 623 osse
1024 558 1152 623 copulat
1172 573 1201 625 ν,
1242 593 1246 610 .

85 651 174 718 Dos.
196 649 262 716 ΠΙ.
292 671 321 716 c.
344 649 376 716 6.
408 653 435 735 l.
456 651 488 717 3.
532 648 619 721 Cum
640 650 765 737 duplici
786 651 930 737 genitivo
953 649 1144 736 Κρονίωνος
1169 662 1202 720 et

87 748 269 837 Κρονίονος
284 749 476 819 Euotothiur
494 750 566 829 193,
584 751 635 817 15.
655 751 780 818 confort
799 751 879 818 hoc:
907 755 964 820 καί
986 750 1024 818 τὸ
1050 745 1201 841 ἦνιίλωτο

85 852 121 918 εἰι
149 856 212 920 νοῶ
239 845 390 940 ἀνήλωτο
424 848 611 940 μετηλλιίγη
640 855 687 939 τῷ
715 849 825 940 χρόνῳ
855 852 912 922 καί
940 853 978 920 τὸ
1008 846 1202 941 ἠναντιοῦτο

85 948 153 1020 ἀπὸ
176 956 234 1039 τοῦ
257 951 453 1038 έτρντιυῦτο.
498 954 622 1022 Verum
643 955 700 1039 qui
723 949 872 1044 ἠνάλωιο
901 954 1067 1030 dixerunt,
1100 953 1201 1040 ulpho

83 1077 152 1122 nou
183 1054 278 1120 ulitcr
307 1054 544 1141 pronunciasse
569 1054 848 1142 viderur-quom
878 1057 935 1141 qui
963 1051 1115 1122 ἀνάλωτο
1138 1055 1201 1124 hoc

83 1167 134 1224 cst
157 1157 333 1245 producto,
356 1166 391 1222 ct
411 1157 468 1223 illu
483 1159 651 1244 augmenti
668 1159 704 1224 in
725 1157 1004 1245 praepositionem
1027 1158 1200 1226 transfusio

81 1258 306 1348 compluribus
320 1251 428 1326 verbio
444 1259 624 1328 communis
636 1261 680 1326 ud
690 1261 789 1328 alium
801 1259 909 1325 locum
921 1259 1070 1346 pertinet.
1095 1245 1202 1332 Miror

81 1384 162 1428 vcro
192 1381 251 1429 cur
278 1353 483 1447 ῶκτγχέόαται
510 1361 579 1428 sive
610 1357 790 1447 ἅκιγχέαται
828 1371 860 1427 et
882 1347 969 1428 ‘huic
1006 1362 1203 1430 contrarium

80 1459 264 1543 ἀναχείατο
295 1461 500 1546 neglexerint
532 1484 632 1548 quum
665 1462 869 1549 praesertim,
893 1462 1101 1548 participium
1140 1462 1202 1530 hac

80 1565 208 1641 ratione
237 1563 418 1649 explicent:
448 1558 502 1630 τό·
520 1558 700 1652 ἀκηχεμένη
734 1569 841 1630 κεῖται
868 1566 1101 1642 μεταθετινιῶς
1131 1557 1201 1631 ἀντί

35 1706 41 1714 ·
78 1670 146 1733 τοῦ
166 1660 353 1750 ίιιιαχημένη
372 1662 431 1750 dui
447 1660 565 1746 χρείαν
583 1661 708 1749 μέτρου
729 1663 909 1742 Ειιελ557,
923 1664 972 1733 12.
1009 1663 1200 1750 Subjuucti·

78 1788 140 1832 vos
166 1761 322 1858 θείομεν,
337 1789 342 1796 ‘
355 1761 505 1848 βείομεν,
532 1761 699 1853 ἐρείομεν,
732 1763 937 1850 τραπείομεν
965 1763 1053 1829 idem
1083 1776 1116 1832 ct
1147 1765 1200 1832 olii

78 1891 122 1955 cx
144 1862 388 1954 mphibrachi's
408 1863 560 1949 θέωμεν,
582 1865 711 1949 βέωμεν
732 1864 835 1930 factos
859 1887 931 1930 esse
954 1865 1095 1944 trudunt,
1120 1889 1198 1954 pro·
1317 1934 1319 1944 ,

77 1971 182 2036 ductu
213 1990 274 2056 por
303 1964 498 2053 epenthurin
526 1966 648 2053 primu,
681 1977 832 2054 correpta
857 1967 974 2044 πλεέτω
1010 1968 1071 2034 sed
1096 1978 1198 2036 mcta-

76 2072 185 2140 thceic
216 2069 362 2148 nominc,
395 2069 487 2154 quod
515 2067 570 2134 hic
597 2067 737 2136 maxime
766 2077 879 2156 aptum
908 2078 993 2146 erat,
1026 2069 1199 2148 abstinent,
1287 2098 1293 2106 ·

74 2183 216 2243 utuntur
232 2193 309 2241 vcro
333 2169 391 2240 ubi
415 2193 531 2257 purum
552 2169 705 2235 convenit
722 2169 757 2236 in
779 2170 977 2258 participiic:
1007 2170 1042 2238 έν
1068 2175 1114 2260 τῷ
1139 2170 1199 2257 ε’μ-

72 2279 259 2362 ντεφυῶτες
286 2269 542 2357 ὑπερβιβασμὸς
571 2268 701 2356 ἐγένετο
730 2275 789 2338 τοῦ
817 2269 938 2357 χρόνου
967 2269 1077 2357 ῶςπερ
1097 2271 1132 2338 έν
1153 2275 1199 2361 τῷ
1320 2323 1342 2338 ..

71 2375 266 2462 Κρονίονος
294 2371 459 2440 Ghoerob.
488 2371 570 2438 Gan.
595 2371 668 2450 829,
690 2373 743 2438 34.
771 2371 881 2460 Epim.
903 2371 938 2440 ’1.
966 2372 1040 2452 364,
1062 2373 1199 2440 20-30.

71 2478 206 2550 scilicet
236 2475 314 2561 quic
342 2476 478 2564 πέφυκα
503 2474 636 2562 ypsilon
661 2474 799 2562 longum
820 2472 929 2542 habet.
972 2474 1100 2564 verum,
1117 2475 1200 2541 illud

69 2580 114 2646 ab
139 2577 322 2645 indicativo
346 2577 463 2664 πέφυα
488 2575 668 2642 derivatum
690 2585 799 2646 estut
821 2574 940 2655 δεδιώς
965 2601 985 2643 u
1008 2577 1103 2645 δέδια
1127 2601 1201 2644 cum

68 2681 182 2748 ectasi
197 2677 409 2767 'penultimae
436 2687 477 2742 ut
505 2682 685 2768 γεγαῶτες,
721 2681 899 2762 βεβαῶτες.
954 2678 1078 2765 Aptius
1107 2679 1201 2744 affert

65 2781 273 2849 Eustathius
301 2781 382 2858 282,
402 2779 455 2845 38.
483 2780 522 2845 τὸ
550 2781 725 2864 μεμαῶτες
756 2777 902 2846 ἐνταῦθα
933 2778 994 2863 μέν
1024 2779 1199 2866 ἕμεγοίλυνε

69 2884 133 2976 τὴν
159 2878 425 2972 παραλήγουσαν
453 2874 671 2963 ἱωνικῶτερον
696 2881 754 2946 καί
782 2875 840 2969 τὴν
868 2878 1199 2970 προπαραλήγουσαν

66 2985 303 3059 συνέστειλεν,
326 2975 471 3063 ἀλλαχοῦ
494 2981 532 3048 ὀί
560 2981 613 3067 (Β.
639 2979 727 3065 818.)
756 2979 815 3068 τὴν
838 2977 1102 3068 παραλήγουσαν
1123 3007 1198 3048 κοι-

64 3083 218 3170 νότερον
241 3079 432 3169 έσμίκρυνε,
451 3080 512 3169 τὴν
534 3081 582 3150 δέ.
598 3079 932 3172 προπαραλήγουσαν
959 3079 1097 3161 ἐξέτεινε
1126 3107 1197 3168 με·

60 3183 232 3274 μαότες
253 3181 440 3272 ἐγχείῃσι.
472 3183 567 3248 Haec
589 3207 609 3249 a
628 3182 736 3250 verbis
757 3183 848 3272 puris
872 3183 969 3249 ductu
986 3191 1071 3262 cunt,
1094 3205 1198 3266 onon

62 3312 164 3378 puro
190 3283 379 3354 Meinekius
407 3285 519 3352 Anall.
545 3283 619 3352 382.
647 3283 760 3373 posuit
785 3285 819 3351 in
846 3285 1032 3352 Heliodori-
1049 3287 1197 3354 versibus

60 3387 278 3480 ὀφθαλμοῖς
310 3383 462 3474 ἆραρῶσι
492 3388 649 3469 καλύψας
679 3387 781 3472 idque
814 3411 833 3451 u
865 3388 1008 3466 testatis,
1043 3411 1127 3476 quac
1158 3391 1200 3456 ad

57 3496 203 3560 Buttm.
221 3487 273 3558 36.
294 3486 454 3565 indicavi,
475 3487 573 3554 ctiam
594 3488 658 3554 hoc
680 3489 813 3556 nomine
836 3491 975 3556 discedit
983 3489 1083 3576 ‘quod
1106 3503 1197 3559 onte·

56 3592 293 3684 penultimam
312 3590 445 3684 breyem
465 3588 579 3668 habet,
608 3612 693 3677 quac
715 3590 842 3677 syllaba
863 3603 937 3658 ante
958 3594 1091 3679 longum
1113 3617 1195 3682 pen-

55 3695 226 3762 ultimum
251 3691 391 3780 produci
417 3692 501 3756 solet
531 3696 739 3778 τετριγῶτες,
769 3699 979 3782 κεκλργιῦτες.
1036 3693 1091 3762 Dc
1122 3693 1197 3786 ίλή-

53 3802 188 3882 λαμαι
211 3817 295 3881 quue
316 3794 412 3860 fucrit
428 3793 612 3881 Herodiuni
636 3795 797 3861 sententia
819 3806 914 3861 antec
937 3797 1015 3862 dixi.
1064 3795 1199 3876 Πίομαι

54 3910 106 3967 et
126 3901 278 3980 πιοῦμαι
297 3895 488 3963 Euolat-hius
507 3897 582 3975 943,
599 3898 652 3962 44.
670 3907 806 3990 propter
827 3899 999 3985 enallagen
1017 3906 1199 3985 temporum

52 3999 207 4068 confert
230 4020 304 4064 cum
323 3993 460 4079 Σιδόνος
480 4009 513 4066 et
528 4001 691 4079 Σιδῶνος,
714 3998 922 4088 Κρονίωνος,
953 3993 1079 4086 ὄρωρεν
1109 4000 1198 4066 aliis·

149 4237 197 4306 to)
215 4236 293 4296 Addi
310 4245 444 4310 poterunt
464 4236 585 4293 nominis
608 4233 664 4312 ᾖῶν
687 4255 769 4292 εοεαε
794 4236 902 4310 obliqui
926 4244 956 4291 ct
977 4217 1075 4312 ᾑόνιος.
1112 4238 1199 4320 Apud

47 4327 183 4386 Zonur.
200 4342 222 4381 ε.
234 4320 384 4402 Ἐῶρταζον
396 4327 456 4382 ulo.
467 4343 520 4400 pro
536 4317 736 4399 παραλήγουσα
747 4340 833 4398 prove
846 4323 951 4380 editum
964 4331 1008 4379 ost
1023 4323 1195 4398 ampullari.
