2825 4809
135 357 187 424 nn
207 349 415 421 smoorn
435 347 581 416 umus
601 346 824 450 voomrs.
848 346 886 422 o.
898 347 959 415 vr.
976 351 1001 435 s.
1018 351 1049 416 π.
1072 357 1146 435 333

143 546 163 626 ξ.
180 541 207 605 2.
245 537 415 606 Vooulium
442 535 571 613 ultimo,
598 535 676 621 quis
700 537 735 601 in
761 535 878 602 iisdem
907 539 1072 607 vocubulis
1095 565 1147 610 se-

83 646 136 709 lem
159 639 327 706 instabilem
358 636 471 715 habet,
501 637 704 704 exemtilibus
737 639 942 706 adnumerari
978 645 1078 710 solet:
1112 645 1148 712 ἐκ

80 751 123 813 σού
141 739 267 808 Πσιύων
293 743 354 806 τού
380 727 414 806 ol
438 738 661 823 σογιοπέντος
688 738 811 825 γίνεται
842 738 958 809 Παιάν
996 739 1041 823 ὡς
1069 745 1147 814 Ἀλ-

80 842 149 931 κριόν,
161 839 301 926 Ἀμυθάν
325 844 420 909 Eust.
447 841 546 920 1275,
577 842 631 908 40.
653 865 751 927 quom
779 844 983 910 affectionem
1006 847 1147 935 Stephu·

78 972 122 1014 nus
139 969 253 1033 quoque
273 945 457 1032 significare
478 945 606 1010 videtur
628 940 726 1011 Ἷύων
754 946 812 1013 καὶ
829 939 937 1033 Ἰήιον·
966 946 1002 1014 ἐκ
1031 950 1068 1018 δὲ
1088 957 1148 1019 τοῦ

58 1044 144 1114 ,Ἰόων
160 1049 192 1113 πό
210 1043 281 1112 ’Isiu
327 1047 397 1115 Sed
417 1044 563 1114 Ποπύων
583 1048 732 1133 ignotum
760 1057 810 1113 est
839 1057 871 1112 et
899 1049 1021 1136 puriter
1042 1046 1148 1141 Ἰήιον,

77 1151 141 1215 unde
161 1144 316 1238 Ἰρονόρθε
344 1149 447 1215 Anth.
474 1150 570 1214 Plsn.
597 1149 670 1214 295.
715 1150 756 1215 lu
783 1151 857 1216 loeo
887 1151 1045 1217 lsounoso
1073 1152 1148 1220 Ste-

76 1252 151 1340 plsm’
173 1247 317 1318 Λνιιόων
338 1252 445 1288 *m
470 1250 529 1317 καὶ
550 1246 672 1318 Ausus
703 1246 748 1328 ὡς
777 1249 935 1335 μεγιστύν
962 1254 1149 1321 MeInekius

77 1354 137 1420 ππὰ
154 1348 314 1442 σσνιιοπήν
336 1354 497 1420 excidisse
509 1363 618 1441 putut;
641 1352 794 1438 equidem
812 1365 947 1440 propter
962 1359 1150 1444 appositum

75 1450 200 1542 μεριστόν
222 1455 413 1542 suspicabor
432 1456 524 1522 illum
540 1452 658 1532 Λύκος
679 1466 833 1542 tunquam
852 1457 1048 1544 primitivum
1064 1471 1150 1526 attu-

75 1558 129 1622 lisse
148 1557 224 1624 siout
241 1551 443 1644 Apollonius
465 1581 539 1624 oum
562 1556 765 1624 substantivo
790 1559 845 1624 illo
867 1571 1034 1648 comparat
1057 1560 1152 1642 ξονός

74 1655 159 1738 ξυνόν,
182 1684 244 1746 quo
266 1661 417 1728 usitatius
440 1672 490 1726 est
511 1656 651 1748 ξονὴων,
677 1683 739 1726 neo
770 1660 918 1748 ignotum
947 1661 1090 1750 ξννιόνῦ)
1115 1677 1153 1731 ut

75 1756 156 1838 κοινός
172 1759 287 1829 κοινιόν
311 1760 435 1831 κοινόν.
467 1762 580 1828 Rebus
598 1761 749 1827 omnibus
767 1764 979 1829 consideratis
994 1765 1052 1830 hus
1070 1788 1151 1852 gen·

74 1862 211 1930 tilieiorum
242 1876 278 1930 et
310 1866 519 1953 propriorum
545 1864 740 1930 variationes
772 1887 880 1949 neque
912 1867 954 1930 ad
984 1889 1153 1955 synoopen

75 1967 211 2048 nequead
235 1967 334 2032 uliam
353 1968 561 2034 affectionem
582 1966 642 2031 sed
671 1966 715 2030 ud
736 1965 868 2032 arbitris
889 1968 1081 2055 fingentium
1099 1993 1152 2036 re-

73 2065 129 2131 iero.
163 2070 299 2154 Aegas,
327 2071 418 2154 quod
439 2069 617 2138 Salmasius
643 2068 775 2136 Valerio
797 2069 918 2136 Flacco
940 2070 1053 2136 tribuit
1074 2092 1152 2159 pro-

76 2165 143 2234 bute
161 2170 359 2237 Vallenurio
389 2172 432 2237 ad
453 2171 604 2238 Phoenn.
624 2194 655 2235 v.
679 2170 751 2236 196.
781 2172 870 2237 nullo
896 2173 969 2238 cod.
992 2175 1154 2241 firmatum

75 2280 119 2346 ππ
133 2272 225 2358 vulgo
244 2297 337 2340 mare
357 2277 510 2358 lenaeum
535 2273 661 2351 dieitur,
684 2295 800 2359 graece
821 2271 942 2361 Αἴγων
960 2297 1041 2341 sono
1064 2277 1153 2364 gravi

71 2370 95 2435 ir
109 2374 196 2440 Anth.
219 2387 253 2441 et
274 2377 409 2464 saepius
431 2373 590 2458 Αἰγαίων
610 2399 640 2441 v.
661 2376 810 2462 Interpp.
835 2377 876 2440 sd
894 2378 974 2443 Eur.
993 2379 1067 2446 Alc.
1079 2381 1152 2446 606.

71 2472 149 2559 (596).
187 2478 252 2542 Hie
273 2489 383 2544 rectae
403 2476 577 2566 positionis
605 2477 763 2564 exemplis
786 2478 983 2564 adjiciuntur
1006 2481 1072 2547 duo
1094 2505 1153 2568 ge-

69 2596 130 2640 nere
143 2578 368 2646 derivatorum.
405 2581 553 2647 Primum
566 2579 783 2665 gentiliciumr
800 2577 968 2668 Ζεφύριον
981 2579 1154 2672 Ζεφοριιύ-

31 2690 32 2766 2
68 2703 110 2764 της
127 2682 178 2748 καὶ
199 2688 353 2773 σογκοπῇ
375 2683 564 2771 Ζεφορότης
584 2677 630 2758 ὡς
656 2680 818 2768 Θρονίνης
846 2681 962 2770 Steph.
986 2707 1071 2769 quoe
1093 2709 1154 2752 no·

31 2804 32 2828 ι
69 2777 105 2843 bis
120 2782 221 2868 potius
242 2785 427 2871 interrupto
452 2783 660 2850 derivationis
682 2794 796 2850 tenore
818 2784 860 2850 ub
889 2787 1009 2852 ultimis
1031 2789 1154 2876 prinoi—
1266 2809 1269 2825 ¹

68 2881 115 2966 piis
142 2884 281 2974 ζέφυρος
311 2898 345 2954 et
378 2883 501 2973 θρόνος
531 2885 670 2972 repetito
695 2886 856 2954 videntur.
900 2889 987 2954 Tum
1010 2893 1156 2958 vooulem

66 2984 180 3073 longum,
202 3011 305 3075 quum
326 2987 479 3054 adverbia
500 2989 662 3073 quaedam
682 2989 717 3054 in
740 2995 801 3054 θεν
823 2992 974 3056 exeuntia
994 3004 1068 3058 unte
1089 2995 1155 3080 syl·

67 3087 151 3155 labam
170 3092 318 3158 ultimam
339 3090 476 3170 habent,
508 3092 672 3158 interdum
700 3091 904 3158 exterminari
928 3093 1155 3169 GrammstIois

68 3190 249 3260 decantatum
272 3204 338 3271 est3
367 3193 404 3259 ἐκ
430 3198 491 3260 τοῦ
519 3189 635 3279 πρόσω
663 3189 844 3279 πρόσωθεν
868 3193 923 3260 καὶ
947 3193 981 3262 ἒν
1003 3201 1156 3288 σογκοπῇ

66 3294 193 3379 πρόσθεν
213 3297 327 3383 Epim.
339 3297 385 3362 11.
402 3296 478 3373 402,
499 3294 552 3361 25.
575 3295 632 3381 qui
653 3318 721 3361 non
743 3297 970 3362 animadvertit
988 3299 1070 3364 haee
1090 3321 1157 3366 non

66 3397 154 3480 speeie
175 3399 284 3464 solum
306 3397 453 3475 differre,
480 3398 540 3462 sed
566 3398 663 3462 etium
691 3398 867 3464 intellectu.
881 3400 912 3484 Β)
956 3401 1033 3468 Hoc
1060 3402 1155 3468 nobi-

117 3645 142 3712 8)
153 3645 265 3701 Nomen
278 3643 397 3716 Trojuni
416 3643 561 3717 enjusdam
576 3651 620 3698 est
630 3635 737 3699 Λοκούν
755 3647 831 3719 apud
844 3645 978 3712 Quintum
996 3667 1049 3705 neo
1068 3656 1157 3706 mutu·

68 3725 97 3780 vit
109 3730 241 3802 Koechly,
260 3735 311 3787 sed
330 3732 493 3804 Diodorfius
510 3731 539 3786 in
556 3731 639 3786 Thes.
660 3731 831 3788 homericum
850 3733 955 3789 Λύκων
972 3736 1071 3809 reponi
1088 3736 1155 3793 vult.

65 3813 98 3867 lb
109 3836 159 3873 uno
176 3822 338 3890 eodemque
350 3817 490 3890 principio
509 3836 567 3873 non
585 3818 676 3873 solum
688 3819 805 3891 proprio
821 3824 955 3894 Δίδυμος,
976 3820 1111 3892 Διδύμων
1129 3831 1158 3879 et

66 3898 219 3973 Didymeon
236 3905 368 3977 (Virgil.)
380 3913 537 3977 propagata
548 3913 613 3960 sunt
624 3907 675 3960 sed
687 3904 772 3960 etiam
784 3907 952 3978 adjectivum
964 3904 1117 3981 θιθνμύων.

117 3992 143 4059 9)
156 3991 282 4048 Oonfuse
297 3993 392 4048 Schol.
405 3992 439 4046 ΙΙ.
452 3990 563 4057 XXIII,
575 3993 634 4045 533.
647 3990 677 4046 τὸ
692 3989 854 4064 πρόσσοθεν
868 4000 1051 4066 συγκέκοπται
1063 3996 1094 4048 ἐκ
1110 3997 1158 4050 τοῦ

65 4065 192 4141 πρόσωθεν
200 4107 236 4118 -
246 4089 276 4133 et
285 4098 351 4134 mox
363 4075 514 4147 συνεστάλη
526 4074 555 4133 τὸ
568 4067 603 4132 ω
614 4082 654 4139 εἰς
663 4067 699 4145 ο,
717 4081 773 4134 hoo
786 4088 829 4134 est
841 4099 877 4136 ox
895 4077 1043 4152 πρόσωθεν
1055 4079 1159 4134 lectum

65 4174 111 4214 erse
127 4184 163 4233 πρ
171 4157 278 4234 ’σοθεν,
296 4185 332 4220 ex
342 4167 398 4220 hoo
409 4182 477 4219 vero
497 4159 629 4238 πρόσθεν.
667 4163 834 4237 Πρόσσοθεν
853 4185 915 4221 oum
934 4167 1031 4228 ἓξοθεν
1049 4167 1161 4221 conlert

66 4243 142 4302 Schol.
154 4250 240 4306 Dion.
253 4271 283 4323 p.
295 4255 355 4307 945.
369 4267 529 4324 quanquam
542 4250 570 4304 in
581 4240 633 4306 illo
651 4245 770 4307 Homeri
782 4252 845 4307 loco
859 4249 982 4307 ἐλαύνων
999 4247 1159 4327 πρόσσοθεν

63 4331 149 4398 ἵππους
160 4355 218 4393 nou
231 4334 381 4414 πρόσωθεν
393 4338 569 4408 significatur
580 4340 633 4394 sed
644 4339 690 4394 ἐπὶ
703 4336 733 4392 τὸ
750 4337 883 4416 πρόσθεν.
